3922 6410
280 427 361 488 65
1536 423 1829 490 ΟΗΗΟΝ]

2128 462 2149 472 -
2174 427 2330 489 LIB.
2368 426 2419 493 Ι.
3599 428 3677 496 66

286 561 537 633 Daciam,
570 564 811 635 Epyros,
844 563 1187 620 Dalmatiam
1209 568 1572 633 cunctasque
1594 559 1924 618 Pannonias
1952 561 2011 622 A
2039 562 2297 620 meminit
2320 564 2374 621 in
2397 565 2519 622 haec
2548 567 2725 621 verba
2760 584 2772 619 :
2804 587 2830 613 α
2858 566 3000 622 Dum
3032 565 3176 636 haec,
3213 565 3481 637 inquiens
3501 583 3679 639 agun-

288 653 531 723 Gothus,
564 655 849 724 Sarmata,
887 653 1146 724 Quadus,
1183 654 1421 725 Alanus,
1449 652 1924 725 ,HuniWandali,

289 743 674 800 Marcomanni
708 746 965 813 vastant,
993 743 1254 814 trahunt,
1281 744 1535 815 rapiunt.
1593 742 1756 814 Capti
1777 742 1931 813 epis-

285 832 418 904 cepi
442 832 737 888 interfecti
760 832 1094 903 presbyteri
1126 833 1427 889 subversae
1450 831 1754 903 :ecclesize,
1782 846 1930 887 mar—

288 927 483 994 tyrum
515 921 743 977 effossae
761 919 1029 991 reliquiae
1053 944 1102 977 n.
1132 921 1351 993 [lnam].
1373 920 1929 992 Gundericusigitur

292 1025 422 1067 cum
456 1009 744 1067 :ecelesiis
770 1009 869 1083 Dei
892 1010 1140 1066 insidias
1170 1010 1522 1079 intenderet,
1568 1025 1718 1066 anno
1767 1010 1927 1079 regni

293 1101 378 1158 sui
405 1103 474 1156 14
489 1099 713 1169 judicio
727 1100 826 1154 Dei
857 1114 1181 1171 percussus
1204 1099 1450 1170 interiit,
1471 1100 1565 1156 cui
1585 1100 1768 1155 frater
1784 1112 1929 1155 suus

295 1188 589 1259 Gysiricus
604 1187 887 1244 succedit.
904 1187 1006 1243 Hic
1020 1203 1151 1244 cum
1168 1186 1468 1243 Wandalis
1485 1193 1546 1244 et
1558 1188 1712 1243 omni
1726 1202 1928 1244 eorum

296 1274 508 1332 familia
541 1275 613 1330 de
641 1276 927 1347 Hyspania
960 1276 1032 1331 ad
1055 1276 1325 1332 Aﬂ‘ricam
1356 1290 1515 1332 mare
1546 1274 1815 1333 vadando
1866 1274 1934 1309 “°

295 1364 570 1420 transivit
608 1364 779 1435 (Vict.
827 1364 1474 1435 Vit.),quodferturibi
1511 1364 1818 1421 duodecim
1834 1365 1935 1419 mi-

299 1453 372 1509 lia
393 1454 794 1525 passuslatum
811 1467 963 1510 esse.
980 1454 1219 1509 Inventa
1251 1457 1446 1510 autem
1460 1457 1594 1510 sunt
1632 1453 1937 1510 Wandalo-

297 1543 535 1613 ruinqui
559 1542 1239 1611 transieruntoctoginta
1261 1541 1416 1598 milia
1455 1542 1655 1599 fuisse.
1709 1542 1936 1608 Quanta

299 1635 438 1687 tunc
451 1636 654 1687 contra
676 1629 979 1688 aecclesias
1000 1630 1098 1686 Dei
1117 1635 1247 1687 acta
1262 1635 1395 1688 sunt
1411 1630 1508 1702 qui
1526 1644 1699 1687 nosse
1714 1630 1939 1688 deside-

300 1718 586 1789 rat,legat
636 1720 806 1775 Gesta
848 1717 1200 1776 Wandalicaa
1232 1718 1733 1790 persequutionis.
1783 1720 1938 1776 Tunc

301 1808 547 1863 maxima
567 1812 625 1864 et
641 1808 881 1878 antiqua
903 1807 1000 1864 illa
1021 1808 1310 1878 Carthago
1324 1806 1667 1864 aWandalis
1684 1812 1855 1879 capta
1879 1812 1937 1864 et

2040 656 2159 723 tur,
2181 654 2467 711 terribilis
2491 655 2545 710 in
2571 654 2887 710 Occidente
2907 654 3151 710 affertur
3164 670 3380 727 rumor,
3413 658 3673 715 obsideri

2039 740 2274 797 Romam
2287 746 2343 798 et
2360 758 2502 799 auro
2518 743 2765 799 salutem
2779 743 2992 798 civium
3016 743 3241 813 redimi,
3271 745 3674 817 spoliatosque

2041 844 2248 887 rursus
2281 830 2656 901 circumdari,
2692 836 2901 903 utpost
2922 832 3315 888 substantiam
3339 834 3518 890 vitam
3538 849 3680 906 quo-

2041 933 2153 989 que
2182 919 2538 977 amitterent.
2574 942 2601 968 »
2630 922 2697 976 Et
2728 924 2861 991 post
2892 935 3075 992 pauca
3102 940 3115 975 :
3169 944 3195 969 α
3229 922 3471 993 Capitur
3533 924 3677 980 urbs

2041 1022 2170 1078 qua:
2193 1009 2348 1081 cepit
2379 1015 2565 1067 totum
2590 1011 2811 1081 orbem,
2862 1014 3035 1066 immo
3079 1010 3227 1067 fame
3289 1011 3461 1082 periit
3523 1017 3683 1069 ante-

2041 1111 2209 1168 quam
2240 1099 2456 1170 gladio,
2488 1105 2543 1155 et
2581 1100 2747 1172 pauci
2780 1100 2878 1155 vix
2909 1101 3004 1171 qui
3048 1105 3403 1171 caperentur
3458 1101 3678 1158 inventi

2043 1193 2198 1242 sunt.
2232 1189 2317 1245 Ad
2332 1189 2610 1246 nefandos
2640 1189 2804 1246 cibos
2827 1189 3020 1260 erupit
3054 1189 3437 1246 esurientium
3463 1191 3679 1264 rabies,

2043 1279 2102 1330 et
2135 1291 2238 1332 sua
2272 1277 2518 1333 invicem
2550 1279 2804 1334 membra
2831 1278 3145 1349 laniarunt,
3181 1277 3316 1334 dum
3363 1283 3548 1335 mater
3570 1293 3681 1336 non

2046 1366 2232 1436 parcit
2256 1365 2496 1422 laetanti
2523 1366 2800 1423 infantiaa.
2832 1371 2891 1423 et
2916 1366 3122 1439 recipit
3157 1371 3325 1424 utero
3360 1382 3488 1439 quae
3513 1369 3686 1441 paulo

2048 1459 2181 1510 ante
2210 1453 2515 1512 effuderat.
2544 1475 2573 1507 ››

2120 1583 2177 1637 Si
2201 1582 2330 1653 quis
2358 1581 2539 1652 igitur
2598 1581 2881 1652 requirat,
2914 1581 3038 1637 haec
3071 1580 3281 1639 divina
3327 1582 3689 1640 animadver-

2051 1670 2402 1740 sionisjusta
2422 1670 2706 1726 severitas
2722 1670 3095 1741 quamobrem
3113 1670 3169 1725 in
3187 1670 3566 1728 christianum
3588 1687 3687 1743 po-

2052 1759 2250 1835 pulum
2274 1759 2356 1815 sic
2382 1772 2625 1815 accensa
2657 1758 2920 1829 desaevit,
2961 1764 3240 1829 agnoscat
3289 1760 3422 1829 quia
3467 1759 3689 1829 judicia

2053 1840 2152 1904 Dei
2167 1847 2399 1905 occulta
2416 1845 2646 1918 quidem
2659 1852 2718 1903 et
2731 1846 3364 1918 incomprehensibilia,
3396 1862 3689 1920 nunquam

302 1897 516 1953 intrata
535 1900 628 1953 cst
656 1895 876 1968 [Bson].
899 1899 1051 1953 Tunc
1067 1911 1298 1967 quoque
1311 1896 1676 1967 Augustinus
1708 1896 1851 1952 doct

305 2000 428 2008 ---μ
454 1985 658 2008 ΔεκξιΑ-
682 1985 804 2008 -ε.--
830 1985 1119 2008 -ι.-ει.ι-..,ςι
1135 1983 1550 2008 .---ῖιτ.....ι-ιε,.
1592 1985 1851 2008 ιΑ..ι2-¹-1.

2140 1895 3364 1918 .--ηπΊ,---η.----.-----,..-----.--..----,
3397 1895 3689 1920 --_...,__...

2140 1952 2247 1993 nen
2278 1936 2511 2006 injusta.
2548 1934 2686 2002 Quae
2718 1936 2897 2005 igitur
2919 1936 3091 1991 nobis
3113 1935 3251 1991 sinit
3288 1936 3689 2008 occulta,quia

301 2000 433 2042 cum
450 1985 660 2042 civitas
677 1985 806 2055 ejus
826 1985 1243 2042 obsideretura
1256 1983 1573 2056 Wandalis,
1592 1985 1943 2057 tertiozobsi-

302 2074 493 2131 dionis
517 2090 715 2131 mense
733 2074 1295 2145 decubuitifebribus
1313 2079 1375 2130 et
1387 2070 1658 2144 migravit
1672 2074 1743 2130 ad
1759 2074 1945 2130 Domi-

303 2179 437 2220 num
456 2178 606 2221 anno
620 2162 930 2219 dominicae
954 2163 1379 2220 incarnationis
1399 2166 1523 2219 430.
1539 2163 1826 2220 Defuncto
1847 2177 1946 2219 au-

304 2255 421 2309 tem
445 2252 724 2323 Gyserieo
741 2266 890 2309 anno
905 2252 1068 2322 regni
1094 2252 1186 2309 sui
1208 2256 1298 2323 37,
1323 2266 1520 2309 mense
1545 2256 1595 2323 3,
1613 2253 1945 2309 Honoricus

306 2342 601 2398 successit
624 2340 1037 2398 crudeliorillo
1059 2345 1134 2407 ;et
1155 2342 1209 2397 ei
1231 2346 1365 2413 post
1391 2346 1599 2398 annost
1637 2346 1670 2397 7
1710 2354 1944 2398 menses

303 2436 334 2487 5
365 2430 850 2487 Gunthamundus
867 2429 1637 2487 successit.Hiccatholieos
1680 2429 1943 2487 abexilio

304 2520 606 2576 revocavit
642 2537 657 2587 ;
688 2519 781 2576 cui
806 2523 939 2591 post
962 2532 1144 2576 annos
1163 2523 1233 2575 12
1261 2518 1689 2575 Trasamundus
1711 2533 1947 2575 succes-

302 2607 400 2664 sit.
428 2608 595 2663 lnitia
626 2622 767 2677 ergo
790 2606 1056 2664 dolorum
1081 2608 1241 2664 fuere
1264 2612 1575 2679 atempore
1600 2607 1838 2663 Honorii
1886 2611 1947 2662 et

304 2695 613 2752 Theodosii
641 2696 903 2767 minoris,
936 2697 1167 2768 quando
1187 2700 1280 2752 tot
1308 2696 1608 2767 tantisque
1642 2697 1948 2767 perturba-

306 2784 567 2842 tionibus
597 2785 802 2841 attrita
830 2790 921 2841 est
950 2784 1152 2855 Gallia,
1179 2785 1528 2841 immototus
1567 2783 1854 2841 Occidens
1873 2785 1947 2840 ob

308 2873 508 2945 populi
529 2873 830 2945 peccantis
849 2872 1240 2944 insolentiam,
1276 2873 1654 2946 permittente
1698 2872 1797 2929 Dei
1850 2888 1950 2944 po-

314 2962 495 3018 tentia
512 2966 577 3018 ut
606 2962 955 3033 praevaleret
989 2962 1371 3018 barbarorum
1429 2961 1677 3031 saevitia,
1725 2966 1788 3018 ut
1820 2975 1948 3032 quae

309 3052 482 3124 paulo
510 3056 645 3108 ante
664 3049 1035 3122 gloriabatur
1053 3051 1124 3108 de
1143 3050 1303 3108 caede
1328 3050 1642 3108 multa'um
1686 3051 1949 3121 gentium

314 3155 415 3197 sua
448 3140 807 3211 dejeetarum
833 3141 1098 3211 victoria,
1132 3154 1244 3197 uno
1274 3140 1553 3211 terribili,
1580 3142 1863 3211 immenso
1891 3143 1948 3196 et

312 3209 586 3269 horrifiéo
611 3213 990 3268 barbarorum
1009 3209 1229 3283 impetu
1243 3209 1582 3268 conculcata
1608 3209 1776 3266 ﬁeret
1807 3226 1953 3282 prae-

310 3301 381 3357 da
411 3301 791 3372 hostisatque
816 3299 1154 3358 ludibrium.
1171 3300 1666 3371 Duravitquehaac
1687 3299 1948 3370 vastitas,

311 3391 784 3448 incumbentibus
797 3390 1065 3447 ecclesias
1084 3389 1695 3447 catholicaeWandalis
1711 3389 1952 3447 Arriana

312 3479 1074 3552 pravitate.foedatis,annis
1103 3484 1252 3537 100a
1285 3483 1547 3551 tempore
1606 3479 1846 3536 Honorii
1894 3483 1955 3535 et

309 3566 616 3627 Theodosii
649 3569 889 3625 minoris
919 3568 1195 3639 usquead
1232 3573 1497 3640 tempora
1534 3568 1747 3626 Justini
1781 3569 1956 3640 impe-

309 3658 542 3729 ratoris,
577 3658 675 3730 qui
708 3658 1019 3715 Anastasio
1033 3657 1343 3729 successit,
1377 3671 1407 3712 a
1431 3662 1696 3729 tempore
1719 3656 1947 3714 scilicet

309 3745 621 3805 Gunderici
647 3748 805 3818 regis
833 3748 1062 3804 Arriani
1096 3761 1280 3817 usque
1310 3746 1384 3802 ad
1432 3746 1823 3819 Chiipericum
1867 3761 1957 3802 re-

312 3851 441 3908 gem
463 3851 687 3908 eorum,
714 3837 886 3909 quiet
918 3837 1174 3907 Gylimer
1198 3836 1394 3893 dictus
1412 3842 1526 3905 est,
1579 3835 1636 3892 in
1687 3851 1802 3908 quo
1860 3836 1958 3893 de-

315 3926 450 3982 fecit
483 3941 724 3996 regnum
757 3926 1037 3998 ipsorum.
1073 3925 1186 3981 Sed
1204 3939 1310 3981 nec
1334 3927 1513 3981 Roma
1547 3924 1817 3983 immunis
1848 3926 1957 3982 fuit

315 4015 388 4071 ab
412 4015 522 4071 hac
544 4019 603 4070 et
632 4013 809 4070 simili
823 4014 1152 4070 vastatione
1176 4012 1363 4084 [0ros,
1394 4028 1491 4083 vn,
1527 4013 1638 4085 39.]
1692 4013 1958 4071 Alaricus

316 4103 471 4160 enim
499 4103 816 4160 Gothorum
848 4101 1329 4173 rex,Athanarici
1375 4116 1704 4173 successor,
1719 4103 1958 4165 Romam

319 4196 667 4261 trementem
692 4192 944 4262 obsedit,
971 4190 1252 4260 turbavit,
1279 4191 1512 4263 irrupit,
1546 4205 1696 4248 anno
1713 4193 1787 4247 ab
1804 4193 1957 4249 Urbe

314 4282 553 4341 condita
583 4284 740 4353 1164,
776 4282 849 4338 ab
881 4280 994 4336 inc.
1030 4281 1188 4335 Dom.
1225 4283 1349 4350 412,
1374 4280 1962 4352 et,cumubiquecae-

313 4371 420 4428 des
443 4373 743 4442 ageretur,
765 4369 1036 4425 omnibus
1056 4366 1345 4424 indultum
1367 4372 1457 4425 est
1473 4368 1570 4439 qui
1622 4369 1693 4426 ad
1722 4377 1957 4442 aposto-

317 4460 510 4518 lorum
525 4459 723 4516 limina
747 4458 1159 4529 confugerunt.
1178 4456 1409 4514 Accidit
1425 4472 1658 4530 quoque
1674 4464 1737 4516 ut
1752 4462 1961 4519 beatus

320 4550 698 4608 Innocentius
730 4547 994 4619 ejusdem
1032 4547 1194 4604 urbis
1221 4547 1554 4620 episcopus,
1588 4551 1963 4622 tanquamju—

2050 2026 2218 2096 juxta
2235 2022 2590 2096 psalmistam
2604 2023 2857 2081 Judz'cia
2874 2024 2979 2081 tua
2999 2023 3253 2096 abyssus
3266 2025 3481 2083 multa:
3497 2024 3693 2097 (Psal-

2054 2129 2221 2185 xxxv,
2247 2119 2299 2183 7,
2323 2126 2666 2169 veneremur
2691 2112 2871 2182 justa.
2904 2112 3092 2183 Igitur
3119 2112 3376 2169 evolutis
3424 2113 3694 2185 plurimis

2055 2203 2220 2260 annis
2252 2202 2349 2259 ubi
2383 2218 2493 2274 pax
2516 2201 2787 2259 ecclesiis
2817 2201 2917 2257 Dei
2944 2202 3173 2258 reddita
3194 2205 3307 2273 est,
3344 2202 3696 2259 rarescenti-

2056 2294 2166 2349 bus
2190 2291 2474 2348 bellorum
2508 2290 2881 2360 tumultibus,
2930 2291 3099 2362 pauci
3136 2291 3233 2362 qui
3284 2296 3692 2348 remanserunt

2054 2381 2359 2438 christiani
2392 2380 2646 2436 divinam
2666 2379 3116 2449 ultionemjuste
3148 2379 3205 2435 in
3233 2395 3297 2436 se
3318 2393 3597 2436 exercere
3611 2381 3694 2437 vi-

2059 2471 2288 2540 dentes,
2322 2473 2380 2526 et
2413 2468 2815 2540 propitiationi
2848 2467 2975 2537 ejus
3005 2469 3227 2539 gratias
3252 2473 3511 2539 agentes:
3560 2484 3695 2526 exe-

2057 2558 2305 2631 quendis
2336 2557 2625 2614 mandatis
2642 2556 2740 2612 Dei
2768 2557 3111 2628 promptiori
3144 2557 3551 2615 subdebantur
3575 2557 3695 2613 ani-

2059 2663 2167 2705 mo.
2192 2648 2259 2703 Et
2276 2646 2409 2718 quia
2424 2645 2620 2703 multae
2633 2645 2900 2702 ecclesiae
2920 2647 3225 2716 vacabant,
3251 2646 3550 2718 episcOpis
3574 2646 3698 2717 qui-

2058 2737 2298 2794 busdam
2317 2735 2511 2806 gladio
2532 2735 2868 2806 peremptis,
2888 2734 3233 2805 quibusdam
3267 2738 3428 2791 sorte
3449 2735 3695 2792 humana

2057 2824 2395 2899 praeventis,
2419 2828 2480 2880 et
2502 2825 2561 2879 in
2594 2823 2720 2880 loco
2752 2838 2953 2879 eorum
2988 2822 3121 2878 aliis
3175 2838 3286 2879 non
3339 2822 3699 2894 subrogatis,

2059 2912 2399 2985 congregati
2419 2913 2473 2967 in
2501 2927 2675 2969 unum
2700 2912 2865 2983 pauci
2885 2912 2982 2982 qui
2999 2916 3408 2969 remanserunt
3432 2911 3703 2968 sacerdo-

2058 3010 2169 3074 tes,
2204 3001 2514 3060 consilium
2537 3001 2610 3057 de
2640 3001 2865 3070 magnis
2886 3001 3062 3057 rebus
3082 3000 3361 3071 inierunt,
3377 3005 3435 3056 et
3466 3015 3704 3071 quomo-

2062 3093 2136 3149 do
2167 3091 2296 3164 paci
2328 3077 2633 3147 catholicae
2662 3088 3035 3146 consulerent
3059 3089 3213 3145 inter
3237 3102 3299 3145 se
3322 3093 3580 3145 tractare
3611 3102 3705 3144 ce-

2062 3185 2294 3254 perunt.
2333 3177 2552 3252 [Osos],
2578 3179 2658 3234 Eo
2682 3184 2944 3249 tempore
2969 3193 3072 3249 per
3095 3177 3500 3234 Constantium
3525 3176 3706 3249 patri-

1985 3274 2033 3337 Ο
2063 3269 2216 3327 cium
2240 3267 2513 3324 Romanis
2556 3266 2877 3337 Gothisque
2935 3266 3237 3336 federatis,
3283 3265 3702 3323 Constantinus

2064 3374 2251 3417 caesar
2284 3356 2636 3413 interficitur
2669 3354 2925 3425 Arelate,
2961 3349 3116 3413 titius
3147 3354 3274 3424 ejus
3310 3370 3381 3411 ex
3420 3353 3704 3411 monacho

2065 3462 2249 3505 caesar
2277 3446 2514 3503 Vienna.
2558 3447 2700 3501 Post
2759 3460 2906 3516 quos
2951 3444 3268 3501 Jovinuset
3324 3443 3706 3500 Sebastianus

2068 3536 2192 3610 pari
2223 3534 2561 3592 temeritate
2590 3548 2711 3590 rem
2748 3533 3038 3604 publicam
3077 3531 3518 3601 deinvadentes,
3583 3530 3708 3603 pari

2069 3632 2231 3683 sorte
2264 3624 2585 3696 perierunt.

2139 3748 2526 3807 Virdunensis
2556 3748 2769 3820 (fol3l)
2797 3748 2995 3818 itaque
3025 3745 3277 3802 ecclesia
3308 3748 3450 3801 tunc
3488 3748 3711 3817 tempo-

2071 3841 2151 3897 ris
2176 3844 2264 3897 tot
2288 3835 3160 3896 sibiadversissuccedentibus
3180 3838 3415 3906 pastore
3444 3834 3709 3903 viduata,

2069 3930 2242 4000 longo
2270 3944 2464 3985 rerum
2498 3926 2820 3983 infortunio
2854 3940 3055 3997 pressa
3086 3928 3145 3980 et
3173 3922 3705 3996 oppressajacebat,

2068 4027 2130 4075 et
2161 4017 2518 4090 pontificem,
2543 4015 2718 4086 longo
2744 4015 2861 4085 jam
2894 4019 3157 4086 tempore
3199 4012 3484 4071 destituta
3529 4011 3716 4069 eccle-

2008 4150 2011 4155 .
2071 4108 2174 4165 siae
2195 4106 2494 4177 cathedra,
2532 4104 2624 4177 pia
2656 4102 3350 4173 sedulitaterequirebat.
3385 4102 3455 4158 Et
3478 4100 3709 4156 merito.

2071 4198 2181 4252 Per
2211 4199 2510 4252 trecentos
2539 4193 2692 4249 enim
2723 4190 3108 4263 quadraginta
3156 4194 3216 4247 et
3238 4206 3308 4247 eo
3338 4190 3589 4263 amplius
3642 4188 3708 4222 ω

2072 4298 2278 4355 annos,
2298 4284 2370 4338 ab
2384 4282 2550 4339 obitu
2566 4280 2794 4337 scilicet
2817 4280 2971 4336 beati
2988 4279 3246 4335 Sanctini
3262 4278 3533 4351 usquead
3574 4282 3717 4333 tem-

2072 4389 2183 4447 pus
2205 4372 2369 4443 illud,
2392 4376 2518 4427 tres
2561 4368 2967 4427 tantummodo
3016 4367 3324 4439 episcopos
3368 4367 3423 4424 in
3464 4382 3532 4423 ea
3574 4367 3719 4424 urbe

2076 4463 2274 4533 fuisse,
2322 4462 2581 4517 Maurum
2627 4457 2921 4528 videlicet,
2968 4455 3260 4513 Salvinum
3308 4461 3367 4512 et
3415 4461 3718 4514 Aratorem

2076 4551 2332 4624 priorum
2348 4554 2578 4622 patrum
2596 4548 2710 4621 (39)
2739 4545 2990 4616 signavit
3042 4545 3384 4616 antiquitas.
3418 4546 3624 4601 Utrum
3640 4543 3720 4600 ibi

320 4646 452 4697 stus
484 4639 628 4696 Loth
659 4639 1004 4696 subtractus
1042 4652 1073 4693 a
1107 4636 1394 4709 Sodomis,
1438 4636 1591 4709 apud
1629 4638 1960 4698 Ravennam
1991 4638 2044 4701 D
2074 4637 2640 4714 plurioresepiscopi
2661 4635 2898 4707 fuerint,
2915 4649 3159 4707 quorum
3201 4633 3431 4691 nomina
3454 4638 3512 4690 et
3547 4636 3717 4689 actus

323 4728 574 4803 positus,
620 4727 950 4803 peccatoris
990 4725 1189 4801 populi
1241 4741 1352 4783 non
1383 4727 1613 4783 videret
1669 4728 1959 4789 excidium

319 4822 430 4894 (ep.
458 4819 604 4891 127).
629 4820 708 4875 De
740 4818 850 4875 hoc
871 4810 1243 4873 Jheronimus
1273 4816 1329 4871 in
1350 4817 1600 4889 epistola
1627 4818 1699 4876 ad
1742 4820 1962 4877 Princi-

320 4910 475 4983 piam
505 4909 576 4965 de
609 4909 726 4965 vita
751 4905 1057 4977 Marcellae,
1084 4921 1217 4962 eum
1236 4906 1476 4962 fecisset
1495 4908 1848 4965 mentionem
1864 4910 1960 4967 he-

317 4998 519 5056 retica)
540 4997 792 5055 vesaniae
809 4995 1119 5051 adversum
1141 4994 1452 5051 ecclesiam
1498 4995 1849 5053 catholicam
1877 5000 1962 5054 in-

321 5093 549 5147 tantum
580 5086 851 5156 furentis,
879 5088 1059 5142 utnec
1083 5084 1195 5140 sibi
1215 5098 1320 5141 nec
1337 5083 1510 5141 alicui
1534 5086 1813 5143 bonorum
1832 5103 1962 5160 par-

321 5181 505 5250 ceret,
523 5177 578 5233 in
594 5190 872 5249 processu
899 5172 1168 5246 epistolae
1181 5173 1358 5244 hujus
1372 5188 1602 5246 quoque
1616 5175 1962 5249 irruptionis

2072 4730 2292 4787 oblivio
2311 4726 2599 4785 deleverit
2612 4725 2705 4784 vel
2729 4725 3086 4798 scriptorum
3121 4723 3351 4779 raritas.
3374 4720 3720 4793 neglexerit,

2074 4819 2363 4877 autetiam
2379 4817 2575 4874 fervor
2596 4814 3383 4889 persequutionisepiscopos
3397 4810 3718 4869 substitue-

2072 4925 2135 4968 re
2152 4907 2427 4975 vetuerit,
2452 4922 2561 4963 nos
2582 4906 2935 4977 ignoramus,
2970 4917 3105 4976 quia
3119 4916 3226 4959 nec
3249 4901 3475 4973 uspiam
3494 4900 3713 4957 inveni-

2030 5022 2035 5029 ·
2071 5015 2134 5058 re
2147 4998 2459 5064 valuimus;
2478 4995 2726 5053 maxime
2736 5010 2866 5051 cum
2884 4994 3060 5050 etiam
3074 4994 3280 5050 horum
3299 4991 3475 5047 trium
3503 4993 3728 5047 sancto.

2071 5102 2201 5147 rum
2220 5084 2602 5158 praefatorum
2620 5094 2875 5154 corpora
2909 5079 2976 5114 ω
3007 5093 3254 5151 quonam
3303 5076 3537 5150 sepulta
3594 5076 3730 5134 fuis-

2073 5181 2225 5247 sent,
2246 5174 2340 5231 vel
2366 5188 2480 5246 quo
2502 5171 2616 5229 fine
2639 5171 2711 5228 ad
2744 5171 3046 5228 Dominum
3073 5168 3442 5239 migrassent,
3460 5164 3728 5237 juniores

1682 5301 1919 5359 VARUE
1960 5301 2361 5359 LECTIONES.

391 5400 458 5436 ¹¹⁰
486 5399 754 5461 nadando
785 5413 935 5460 corr.
968 5396 1235 5456 vadando
1265 5409 1313 5455 c.
1394 5393 1460 5429 1“
1475 5394 1707 5455 Fuerat
1728 5399 1911 5457 initio
1939 5419 1958 5456 .-
1988 5404 2048 5456 et
2080 5404 2111 5456 3
2141 5412 2324 5456 annos
2356 5412 2542 5469 usque
2570 5397 2641 5453 ad
2674 5395 2824 5469 hunc
2848 5397 3203 5469 paaasentem
3228 5391 3299 5469 de
3322 5408 3436 5466 quo
3468 5389 3731 5469 loquitur

317 5486 550 5531 annum.

589 5472 815 5541 Quibus
840 5470 1036 5544 verbis
1050 5470 1274 5544 praeter
1295 5482 1486 5544 annos
1496 5469 1789 5544 usquead
1822 5470 2015 5529 litura
2035 5469 2247 5530 deletis
2274 5462 2479 5544 eadem
2492 5483 2680 5527 manu
2699 5468 2759 5525 et
2774 5462 2972 5525 eodem
2993 5462 3731 5538 atramento'superéripta

316 5546 465 5604 sunt
488 5558 560 5603 ea
587 5539 722 5619 ῥεια
750 5546 820 5603 in
846 5539 1363 5616 tewtujosuimus.
1448 5539 1516 5573 ¹¹²
1547 5539 1788 5599 Nomina
1818 5556 1969 5601 corr.
2006 5556 2256 5616 corpora
2284 5541 2410 5600 cod.

1912 5639 2136 5698 ΝΟΤιΕ.

397 5741 509 5814 (39)
542 5740 800 5798 Bercarii
833 5739 1063 5797 scilicet
1096 5738 1152 5796 in
1187 5738 1383 5795 Gestis
1414 5736 1825 5810 episcoporum
1856 5737 2327 5797 Virdunensium.
