3922 6416
239 430 315 496 6'7
1216 428 1585 493 HUGONIS
1626 423 1981 491 ABBATIS
2024 426 2701 493 FLAVINIACENSIS
3561 429 3641 492 68

244 571 302 624 et
338 566 601 623 moderni
633 562 919 635 hodieque
938 563 1254 633 nescirent,
1280 563 1391 620 nisi
1417 565 1588 620 beato
1611 562 1881 632 Agerico,
1912 562 1971 623 A
2000 566 2262 618 noratur.
2296 562 2492 633 Neque
2516 564 2623 621 hoc
2666 563 2930 620 dicentes
2990 548 3249 635 aquales
3291 562 3638 634 profitemur

253 655 348 726 qui
375 659 503 727 post
520 654 687 723 longa
703 658 986 723 tempora,
1003 651 1277 708 videlicet
1301 658 1435 723 post
1475 651 1887 708 successiones

253 744 509 815 quinque
541 743 899 815 pontificum,
937 742 1061 812 ipse
1112 746 1316 797 sextus
1372 741 1460 796 eis
1493 744 1882 810 successerat,

250 837 367 889 tam
400 833 668 904 preciosa
698 830 943 887 simhola
970 831 1327 886 rcvelatione
1350 835 1635 885 nocturna
1659 843 1761 900 per
1792 842 1888 884 an-

247 919 511 991 gelorum
535 919 785 977 oﬂicium
802 919 1065 988 dignatio
1083 918 1445 975 declarasset
1459 918 1890 974 divina.Narra-

248 1012 462 1065 verunt
492 1013 685 1065 autem
709 1007 780 1063 de
815 1008 988 1063 beato
1012 1006 1208 1062 Mauro
1230 1004 1298 1038 1“
1323 1004 1597 1077 posteris,
1654 1004 1738 1060 illi
1790 1005 1887 1075 qui

250 1096 571 1154 interfuere
594 1095 965 1153 translationi
999 1110 1128 1166 qua
1163 1110 1192 1150 a
1221 1095 1391 1150 beato
1444 1093 1714 1164 Agerico,
1752 1098 1889 1150 tunc

247 1186 533 1257 temporis
557 1185 710 1242 facta
743 1188 852 1250 est,
897 1188 954 1239 et
985 1183 1346 1255 posteriores
1385 1182 1629 1254 scriptis
1656 1182 1727 1238 ad
1762 1197 1890 1239 nos-

250 1279 398 1333 tram
415 1289 599 1346 usque
640 1274 907 1331 notitiam
952 1272 1431 1342 transmiserunt,
1480 1272 1714 1327 beatum
1742 1270 1890 1327 Mau-

250 1380 376 1421 rum
391 1364 646 1421 diversis
658 1361 1082 1435 suppliciorum
1105 1360 1423 1430 generibus
1457 1360 1724 1416 affectum
1744 1360 1893 1415 veri-

248 1453 770 1509 tatitestimonium
790 1450 1185 1522 perhibuisse,
1207 1454 1264 1504 et
1286 1464 1390 1520 pro
1407 1446 1739 1505 tideChristi
1754 1462 1894 1503 mar-

248 1541 411 1612 tirio,
426 1539 967 1610 occubuisse,sicut
982 1538 1233 1611 etipsiin
1249 1537 1526 1594 defuncto
1561 1536 1780 1607 videre,
1834 1541 1890 1592 et

251 1628 495 1685 necdum
519 1629 713 1685 soluto
764 1641 1011 1699 corpore
1046 1626 1233 1683 sancti
1286 1627 1399 1699 piis
1442 1624 1663 1683 osculis
1699 1625 1891 1681 dulcia

252 1718 492 1773 vulnera
509 1722 974 1773 contrectavcre.
995 1715 1104 1771 Sed
1148 1717 1399 1771 fortasse
1439 1714 1592 1771 dicat
1635 1714 1890 1785 aliquis:

251 1804 442 1871 Quare
457 1820 599 1875 ergo
624 1807 832 1861 beatus
847 1795 1134 1874 AgeriCus
1151 1803 1505 1875 ettemporis
1521 1801 1894 1873 illiuslldeles

2000 652 2365 708 confessores
2386 653 2760 723 martyribus,
2790 667 3037 723 quorum
3067 652 3395 709 constantia
3419 652 3634 708 Christi

2000 744 2089 794 est
2114 740 2177 794 in
2193 754 2295 796 sua
2320 741 2593 811 passione
2616 743 2864 811 sequuta
2881 741 3151 810 vestigia;
3177 740 3281 796 scd
3302 745 3440 800 tunc
3456 741 3512 795 in
3529 741 3644 812 pri-

2002 828 2227 883 mordio
2268 828 2847 886 nascentisecclesia
2870 843 3001 886 cum
3029 830 3235 886 sevitia
3261 829 3508 885 furentis
3545 827 3645 883 ad-

1999 917 2247 973 versarii
2278 916 2497 974 multos
2526 918 2696 974 nobis
2724 919 2946 973 faceret
3006 918 3277 974 veritatis
3333 922 3637 988 martyres.

2001 1006 2227 1075 perrari
2259 1006 2709 1062 inveniebantur
2736 1005 3119 1062 ecclesiarum
3168 1006 3433 1076 magistri
3462 1011 3521 1061 et
3539 1006 3641 1062 do-

1999 1098 2216 1151 ctores.
2244 1095 2405 1151 Nunc
2437 1094 2568 1164 quia
2596 1094 2714 1164 jam
2751 1093 3043 1150 inmundo
3068 1095 3225 1164 viget
3248 1094 3648 1152 christianita-

2002 1184 2078 1239 tis
2098 1182 2327 1253 titulus,
2352 1187 2409 1238 et
2444 1181 2861 1254 paceecclesia
2880 1182 2980 1237 Dei
3012 1182 3242 1238 reddita
3279 1183 3535 1240 hostium
3551 1181 3649 1239 ad-

2002 1272 2361 1328 versantium
2395 1272 2688 1327 contritus
2717 1275 2803 1327 est
2828 1270 3101 1342 impetus,
3145 1272 3641 1340 sacerdotumque

2006 1360 2261 1432 puritate
2293 1360 2624 1416 innocentis
2647 1360 2783 1416 vita
2816 1360 3055 1415 Domino
3079 1358 3486 1416 adherentium
3520 1358 3654 1414 diu-

2002 1446 2289 1505 turnitate
2323 1449 2481 1521 pacis
2504 1450 2694 1505 crevit
2716 1449 3134 1518 numerositas,
3167 1448 3315 1504 adeo
3346 1452 3408 1504 ut
3440 1448 3650 1518 plures

2003 1537 2271 1593 ecclesia
2304 1552 2431 1608 qua
2463 1535 2780 1593 multorum
2809 1536 3152 1606 pontificum
3178 1534 3649 1591 beatorumirra-

2005 1625 2239 1682 diantur
2269 1625 2464 1696 titulo,
2489 1627 2587 1681 vix
2611 1624 2782 1681 unius
2798 1625 3074 1696 martyris
3108 1622 3428 1680 fulciantur
3449 1628 3650 1695 patro-

2003 1714 2158 1769 cinio
2191 1734 2203 1770 :
2240 1714 2303 1769 fit
2338 1715 2705 1785 utquidame
2738 1712 2913 1783 vulgo
2946 1712 3100 1783 quod
3124 1711 3336 1767 habent
3377 1712 3544 1782 quasi
3567 1712 3648 1767 fa-

2007 1803 2271 1873 stidiant,
2300 1802 2454 1874 quod
2484 1817 2597 1858 non
2630 1803 2847 1857 habent
2871 1800 3229 1871 desiderent,
3256 1805 3317 1856 et
3358 1805 3648 1873 martyres

252 1894 587 1951 memoriam
604 1892 765 1950 illius
781 1893 891 1949 sub
910 1892 1140 1949 nomine
1154 1896 1209 1947 et
1227 1892 1443 1948 honore
1459 1891 1732 1963 martyris
1745 1891 1895 1947 celc-
1923 1916 1978 1977 B
2007 1891 2161 1947 omni
2190 1891 2421 1962 quidem
2441 1892 2659 1947 honore
2674 1890 2881 1960 dignos
2898 1889 3186 1960 judicent,
3208 1893 3272 1945 ut
3289 1889 3511 1960 justum
3533 1893 3646 1959 est,

253 1982 410 2038 brari
433 1996 542 2038 non
579 1981 982 2052 instituerant,
1011 1995 1139 2053 qua
1180 1981 1473 2051 hodieque
1518 1981 1628 2036 sub
1664 1980 1893 2036 nomine

252 2068 617 2125 confessoris
641 2072 962 2125 veneratur
990 2072 1014 2124 ?
1039 2068 1319 2139 Quisquis
1352 2068 1463 2124 ista
1499 2068 1896 2139 obponit,res-

252 2158 506 2231 pendeat
545 2162 605 2213 et
637 2158 762 2229 ipse
800 2155 1022 2223 :Quare
1047 2158 1256 2213 beatus
1286 2156 1599 2226 Gregorius
1617 2169 1759 2228 papa
1784 2157 1892 2211 Ro-

256 2261 482 2317 manus,
500 2246 834 2304 memoriam
885 2246 1386 2318 pradecessorum
1402 2259 1637 2302 suorum
1668 2244 1898 2317 pontiﬁ-

252 2349 382 2392 cum
416 2335 805 2391 Romanorum
839 2334 1120 2405 martyrio
1144 2334 1627 2391 coronatorumin
1644 2332 1896 2390 ecclesia

252 2425 404 2482 sicut
425 2424 715 2495 hodieque
729 2425 963 2481 canitur
977 2424 1317 2494 instituens,
1335 2422 1665 2480 nobilitavit
1682 2437 1785 2479 eos
1801 2437 1898 2479 no-

252 2511 407 2568 mine
441 2513 847 2569 confessorum
877 2520 933 2568 et
968 2527 1082 2569 non
1118 2513 1318 2584 potius
1362 2516 1700 2583 martyrum,
1754 2525 1900 2582 quos

253 2600 457 2672 utique
479 2601 695 2658 scimus
710 2616 815 2673 pro
838 2602 1072 2658 Christo
1094 2600 1465 2671 gravissimis
1484 2599 1798 2657 tormentis
1820 2601 1899 2654 af-

254 2688 447 2745 flictos
466 2688 534 2722 ³³⁸
556 2689 792 2761 pramia
811 2690 948 2746 vita
969 2689 1247 2759 sanguine
1262 2689 1750 2746 redemissetNos
1771 2704 1899 2760 pro-

254 2776 489 2834 modulo
507 2777 787 2848 ingenioli
809 2778 867 2834 id
893 2779 1315 2850 respondemus
1343 2798 1355 2832 :
1385 2776 1525 2844 Quia
1557 2782 1735 2835 tanta
1756 2781 1896 2833 tunc

254 2866 308 2921 in
339 2867 593 2924 ecclesia
626 2873 754 2924 erat
775 2866 1001 2937 gloria,
1026 2866 1347 2937 quemlibet
1370 2867 1676 2923 doctorum
1692 2868 1747 2922 in
1771 2880 1898 2922 ver-

254 2954 327 3010 bo
360 2955 645 3013 doctrina
660 2955 955 3012 desudare
977 2960 1037 3011 et
1057 2954 1167 3011 sibi
1192 2954 1521 3011 commissis
1542 2955 1722 3011 verbo
1746 2958 1803 3010 et
1821 2954 1901 3010 fa-

253 3046 349 3099 cto
372 3043 679 3114 invigilare
698 3043 1067 3121 populosque
1092 3057 1377 3100 erroneos
1394 3048 1455 3099 et
1476 3044 1699 3113 absque
1721 3042 1898 3100 domi-

253 3147 327 3188 no
356 3146 494 3189 vero
518 3132 591 3188 ad
618 3132 768 3189 viam
795 3132 1066 3189 veritatis
1098 3137 1444 3188 convertere
1458 3136 1519 3189 et
1541 3131 1761 3189 talibus
1781 3132 1900 3188 offl-

254 3220 364 3279 ciis
397 3221 644 3278 mercari
677 3221 887 3291 gaudia
920 3222 1076 3292 vita,
1112 3225 1343 3292 quanta
1374 3221 1445 3277 ad
1469 3221 1647 3276 ictum
1670 3221 1897 3277 securis

254 3307 347 3366 Vel
374 3309 729 3367 imminentis
752 3309 931 3380 gladii
956 3314 1131 3382 caput
1157 3308 1440 3367 inclinare
1460 3309 1788 3381 collumque
1809 3324 1900 3366 ex-

256 3399 530 3468 tendere;
556 3412 687 3456 cum
710 3400 782 3455 ad
802 3399 1066 3472 martyrii
1080 3399 1326 3471 gloriam
1344 3399 1759 3471 capessendam
1776 3399 1899 3470 qui-

255 3486 402 3544 libet
424 3488 497 3543 de
520 3487 757 3560 populo,
779 3486 951 3557 cujus
966 3501 1070 3544 cor
1087 3488 1367 3544 Dominus
1389 3487 1741 3544 illustrando
1755 3502 1900 3560 pra-

259 3581 549 3648 parasset,
577 3576 776 3648 quiret
796 3577 1082 3647 sufficere,
1100 3576 1171 3632 ad
1193 3575 1621 3648 proscindenda
1642 3590 1783 3632 vero
1803 3590 1902 3632 vo-

260 3678 419 3720 mere
436 3664 602 3721 verbi
623 3664 801 3721 corda
828 3663 1261 3721 incredulorum
1282 3669 1342 3721 et
1364 3663 1660 3735 eroganda
1675 3664 1898 3721 semina

259 3751 592 3811 divinorum
620 3753 977 3824 dogmatum,
1002 3752 1074 3809 ad
1087 3751 1414 3809 exerendas
1447 3753 1764 3810 varietates
1786 3767 1903 3810 am-

257 3842 638 3899 monitionum
653 3842 831 3911 digne
851 3846 908 3898 et
933 3842 1193 3898 discrete
1216 3856 1323 3913 pro
1342 3841 1626 3913 qualitate
1663 3847 1722 3899 et
1741 3857 1905 3915 capa.

254 3931 435 3989 citate
450 3929 519 3964 “'
540 3930 923 4002 audientium,
941 3931 999 3987 in
1014 3936 1135 3987 tam
1162 3944 1295 3988 rara
1318 3931 1759 3988 christianitate
1776 3947 1903 4004 per-

257 4021 426 4093 pauci
448 4020 852 4078 invenirentur
870 4021 1086 4092 quibus
1100 4020 1390 4077 committi
1457 4026 1659 4093 posset
1707 4036 1899 4078 sacer-

261 4108 459 4167 dotale
481 4109 753 4168 oﬁlcium.
779 4110 928 4176 Quid
950 4111 1102 4166 enim
1119 4109 1342 4166 tercius
1363 4124 1392 4166 a
1407 4110 1583 4166 Petro
1599 4110 1902 4168 Clemens?

255 4221 448 4265 nonne
468 4208 650 4265 maris
669 4207 1329 4278 gurgitibusimmersus
1343 4205 1661 4280 complevit
1686 4212 1900 4280 marty-

256 4297 404 4355 rium
424 4298 450 4353 ἲ
469 4296 620 4364 Quid
641 4296 995 4354 Marcellus?
1017 4310 1207 4353 nonne
1239 4298 1297 4352 in
1330 4296 1501 4353 domo
1534 4297 1763 4354 Lucina
1784 4312 1900 4355 ma-

256 4392 441 4445 trona
472 4401 643 4459 quam
667 4388 785 4443 Deo
808 4386 1128 4458 dicaverat,
1154 4386 1362 4443 stratis
1398 4385 1625 4459 plancis
1653 4386 1725 4443 ad
1780 4388 1900 4443 ani-

256 4474 427 4535 malia
459 4476 719 4534 catahuli
750 4476 971 4550 publici
1006 4476 1221 4534 ibidem
1253 4476 1325 4532 ad
1341 4490 1547 4535 eorum
1565 4476 1896 4535 custodiam

252 4566 574 4638 deputatus
601 4566 786 4623 vitam
819 4564 1055 4623 ﬁnivit?
1084 4566 1224 4632 Qua
1249 4565 1436 4637 major
1477 4566 1728 4623 nominis
1746 4566 1899 4623 chri-

2010 1981 2351 2037 sacerdotes
2379 1994 2519 2036 vero
2545 1979 2769 2035 Domini
2795 1993 2941 2049 quos
2964 1979 3179 2034 habent
3216 1980 3520 2050 patronos,
3542 1978 3645 2033 mi-

2009 2070 2135 2126 nori
2166 2069 2329 2126 cultu
2360 2074 2715 2126 venerentur
2736 2070 3115 2124 ethonorent.
3143 2067 3398 2134 Quorum
3422 2066 3645 2123 animas

2008 2158 2365 2228 etsigladius
2396 2157 2792 2229 persecutoris
2815 2171 2926 2213 non
2950 2155 3220 2226 abstulit,
3273 2154 3520 2228 palmam
3561 2158 3648 2211 ta-

2009 2262 2137 2302 men
2156 2261 2270 2302 non
2303 2245 2551 2302 amisere
2574 2246 2858 2317 martyrii,
2885 2244 3021 2301 dum
3044 2244 3238 2301 carnis
3261 2242 3573 2301 illecebras
3585 2248 3642 2299 et

2008 2335 2198 2392 hostis
2230 2335 2542 2392 invisibilis
2560 2335 3023 2391 machinamenta
3049 2333 3203 2390 fidei:
3250 2333 3377 2405 spei
3425 2333 3646 2389 etcari-

2007 2424 2150 2481 tatis
2176 2424 2410 2481 invicta
2433 2437 2784 2495 superavere
2815 2422 3169 2479 constantia.
3206 2421 3316 2478 Sed
3349 2420 3647 2478 docendus

2008 2518 2096 2569 est
2112 2512 2381 2585 p0pulus,
2407 2527 2521 2568 non
2553 2511 2903 2583 sequendus.
2944 2511 3320 2567 Honorentur
3358 2515 3647 2582 martyres

2010 2607 2071 2659 ut
2106 2602 2456 2659 nobilissimi
2488 2602 2669 2658 divini
2694 2601 2879 2673 pralii
2906 2600 3228 2658 bellatores
3259 2604 3317 2657 et
3332 2600 3643 2656 christiani

2009 2691 2774 2763 nominisjpropugnatores,
2800 2692 3163 2746 honorentur
3179 2693 3238 2746 et
3278 2688 3650 2746 confessores

2010 2786 2074 2838 ut
2107 2780 2362 2837 ﬁdelium
2384 2780 2705 2836 animarum
2740 2784 3002 2835 rectores
3033 2783 3094 2835 et
3128 2779 3422 2849 doctores,
3455 2780 3513 2833 et
3554 2791 3650 2834 eo-

2011 2885 2136 2927 rum
2169 2868 2419 2940 singulis
2445 2868 2499 2923 in
2525 2867 2674 2925 locis
2702 2868 3052 2940 propensius
3103 2869 3423 2924 honoretur
3455 2880 3646 2923 sacer-

2010 2960 2254 3029 dotium,
2291 2972 2395 3030 per
2416 2973 2560 3029 quos
2580 2956 3157 3027 salutissumpsimus
3185 2957 3512 3013 exordium.
3543 2955 3650 3012 Ve-

2010 3064 2138 3105 rum
2154 3049 2225 3104 de
2247 3048 2340 3104 his
2363 3047 2472 3103 ista
2497 3045 2806 3102 sufficiant.
2834 3045 2994 3102 Nunc
3023 3045 3164 3116 quid
3196 3044 3267 3103 de
3317 3046 3488 3101 beato
3510 3043 3616 3100 Pul

2010 3136 2271 3207 chronic,
2324 3150 2494 3206 quem
2571 3134 2952 3191 Virdunensis
2998 3133 3211 3191 civitas
3298 3139 3643 3204 eotempore

2012 3224 2453 3282 meruithabere
2469 3223 2852 3294 rectorem,in
2892 3223 3206 3296 scripturis
3248 3222 3643 3278 invenerimus

2013 3313 2102 3371 vel
2119 3314 2374 3371 fidelium
2386 3313 2579 3371 veraci
2600 3311 2788 3370 relatu
2804 3312 3206 3381 didicerimus,
3227 3310 3439 3367 Christi
3458 3309 3643 3366 Domi-

2012 3404 2069 3460 ni
2099 3404 2464 3475 protegentis
2493 3409 2552 3459 et
2582 3403 2887 3459 edocentis
2911 3416 3016 3458 nos
3038 3401 3330 3472 adjutorio
3372 3400 3566 3457 brevis
3590 3404 3649 3455 et

2014 3492 2207 3550 lucida
2232 3498 2619 3564 prosequatur
2650 3489 2942 3548 oratio‘“.

2084 3581 2267 3651 Igitur
2283 3580 2832 3653 (40)imperantibus
2855 3580 2977 3652 (fol.
3004 3580 3114 3650 526).
3136 3579 3386 3635 llonorio
3399 3584 3458 3635 et
3472 3578 3653 3634 Theo-

2015 3670 2181 3727 dosio
2224 3670 2473 3740 juniore,
2536 3670 2632 3741 qui
2681 3669 3170 3738 Valentinianum,
3216 3666 3543 3725 Constantii
3589 3671 3647 3722 et

2014 3760 2289 3816 Placidia
2313 3758 2513 3829 filium,
2548 3762 2876 3815 consortem
2908 3757 3136 3829 imperii
3161 3757 3299 3814 facit
3344 3754 3428 3812 υτ.
3474 3760 3649 3812 natus

2014 3854 2108 3907 est
2130 3850 2185 3905 in
2219 3851 2362 3905 urbe
2392 3849 2730 3905 Trecassina
2751 3849 2958 3905 beatus
2974 3846 3363 3904 Pulchronius
3380 3844 3651 3902 christia-

2015 3940 2102 3996 nis
2134 3938 2478 4011 parentibus
2508 3928 2580 3994 ei:
2604 3937 2817 3994 familia
2839 3936 3126 3995 ecclesia.
3154 3935 3491 3993 Nativitatis
3512 3947 3651 3991 vero

2014 4030 2140 4101 ejus
2158 4027 2474 4100 primordia
2489 4026 2827 4084 caelestibus
2842 4026 3121 4098 auspiciis
3136 4025 3327 4082 divina
3355 4023 3648 4095 insignivit

2012 4117 2344 4175 clementia.
2367 4115 2707 4172 Revelatum
2737 4115 2995 4172 estenim
3015 4114 3357 4187 parentibus
3370 4114 3497 4184 ejus
3515 4116 3650 4168 ante

2012 4206 2185 4277 longa
2217 4205 2828 4278 conceptionisipsius
2857 4207 3144 4275 tempora,
3175 4203 3329 4274 quod
3361 4201 3533 4258 talem
3552 4200 3650 4257 ha-

2014 4296 2193 4353 bituri
2226 4299 2427 4353 essent
2469 4293 2650 4351 ﬁlium
2699 4294 2797 4365 qui
2829 4299 2987 4350 esset
3006 4297 3224 4349 sancta
3270 4289 3650 4350 Deiecclesia

2013 4384 2249 4443 lucerna
2281 4384 2483 4441 lucens
2504 4389 2639 4440 ante
2662 4382 2985 4453 Dominum,
3006 4386 3069 4464 et
3088 4382 3143 4438 in
3172 4387 3440 4454 tempore
3481 4392 3650 4451 opor-

2013 4481 2156 4532 tuno
2187 4473 2357 4530 ﬁeret
2388 4472 2705 4530 iracundia
2726 4471 2825 4529 Dei
2882 4469 3286 4528 reconciliatio
3316 4473 3377 4526 et
3428 4467 3642 4527 furoris

2012 4564 2425 4637 ejus‘placatio.
2447 4564 2623 4618 Erant
2640 4568 2834 4619 autem
2859 4565 3134 4633 parentes
3154 4561 3282 4631 ejus
3305 4556 3565 4629 religiosi
3589 4561 3646 4612 et

251 4655 428 4713 stiani
463 4655 696 4728 injuria:
731 4669 904 4728 quam
929 4654 1030 4713 Dei
1078 4669 1365 4712 summum
1417 4656 1787 4713 sacerdotem
1836 4662 1893 4713 et
1926 4644 1979 4708 D
2012 4655 2200 4725 gratia
2234 4650 3020 4722 intersuosnominatissimi,
3048 4648 3352 4721 fidcpleni,
3377 4646 3647 4703 elemosi-

248 4743 520 4803 ecclesia
541 4748 760 4802 sancta
792 4748 1083 4801 rectorem
1105 4748 1398 4801 mutorum
1425 4745 1756 4803 animalium
1779 4744 1894 4804 dici

248 4832 342 4890 vel
369 4848 504 4893 esse
531 4833 840 4892 custodem
860 4834 886 4887 ?
918 4835 1119 4904 Itaque
1143 4835 1219 4904 hi,
1249 4838 1312 4891 ut
1340 4838 1638 4893 taceamus
1662 4836 1894 4892 interim

247 4922 320 4980 de
350 4923 639 4997 pluribus,
674 4936 783 4996 per
802 4922 1067 4993 martyrii
1095 4937 1372 4979 coronam
1396 4924 1466 4980 ad
1489 4929 1770 4982 aternam
1792 4939 1896 4998 per

245 5025 461 5069 verrere
483 5012 851 5079 felicitatem;
866 5016 925 5068 et
949 5015 1144 5069 tamen
1169 5027 1301 5070 cum
1318 5028 1523 5071 eorum
1540 5014 1815 5072 memoria
1836 5014 1893 5071 in

244 5101 444 5160 missa
474 5102 825 5160 celebritate
847 5100 1150 5174 recolitur,
1175 5105 1491 5161 sacerdotii
1512 5105 1771 5176 dignitas
1794 5104 1895 5161 ho-

2009 4744 2102 4801 nis
2128 4743 2334 4814 dediti,
2360 4742 2565 4799 domus
2595 4755 2717 4798 sua
2764 4754 2963 4798 curam
3001 4740 3306 4809 habentes,
3368 4734 3649 4792 familiam

2011 4834 2105 4907 pie
2122 4833 2401 4903 justeque
2425 4836 2717 4903 regentes,
2738 4830 2795 4885 in
2829 4828 3117 4886 mandatis
3137 4832 3197 4884 et
3216 4823 3651 4907 justificationi-

2012 4924 2123 4979 bus
2154 4922 2253 4977 Dei
2280 4920 2643 4991 incedentes,
2668 4922 3060 4990 pauperumet
3092 4916 3533 4990 peregrinorum
3565 4912 3647 4970 of-

2008 5013 2192 5069 ficiosi
2216 5012 2617 5082 susceptores,
2640 5007 3023 5066 ecclesiarum
3069 5006 3317 5065 studiosi
3332 5008 3644 5074 amatores,

2014 5102 2229 5174 quibus
2250 5100 2484 5170 merito,
2509 5102 2789 5171 quantum
2814 5097 3212 5157 adhumanum
3231 5096 3483 5165 modum,
3509 5104 3653 5166 pra-

1604 5229 1842 5290 VARIE
1883 5232 2281 5294 LECTIONES.

317 5353 385 5389 ¹¹³
412 5358 490 5413 De
523 5353 577 5412 b.
614 5356 682 5413 Μ.
711 5359 780 5416 in
804 5372 996 5430 marg.
1078 5354 1143 5390 ¹¹⁸
1174 5358 1430 5430 Aﬂ'cctos
1459 5372 1608 5416 corr.
1646 5358 1894 5430 aﬂlictos
1928 5362 2050 5421 cod.
2131 5360 2198 5393 “5
2229 5361 2297 5416 Et
2318 5372 2446 5430 cap.
2468 5369 2759 5430 superscr.
2840 5352 2906 5389 “'
2932 5349 3013 5413 In
3029 5367 3221 5430 marg.
3245 5344 3651 5430 cumigitur:

243 5425 728 5507 βαρβαρων
749 5429 893 5507 folia
908 5420 1068 5507 retro
1091 5435 1151 5485 et
1173 5428 1321 5507 lege,
1346 5430 1566 5507 gygbgs
1586 5429 1783 5490 verbis
1802 5420 2445 5507 rmittimurad/olia
2466 5420 2557 5487 26?
2579 5434 2666 5486 27.
2688 5432 2776 5485 28.
2805 5430 2893 5483 29.
2920 5439 3054 5497 qua
3067 5420 3275 5499 postea
3303 5420 3378 5481 ab
3400 5421 3654 5492 Huyom

237 5498 479 5556 suum
507 5498 652 5557 sunt
667 5501 830 5558 inter
838 5500 1008 5572 folia
1034 5506 1105 5557 25
1135 5502 1195 5558 et
1221 5498 1314 5556 30.
1346 5498 1453 5533 '1“
1484 5502 1769 5569 Fecerunt
1801 5516 1951 5564 corr.
1986 5505 2125 5563 fecit
2151 5506 2197 5562 c.
2270 5498 2287 5505 ⁷
3068 5498 3072 5499 ⁷
3546 5522 3551 5529 '

1832 5638 2054 5696 NOTE.

319 5765 431 5839 (40)
464 5762 778 5836 Sequentia
809 5759 1042 5830 excepit
1074 5764 1282 5816 auctor
1313 5774 1385 5816 ex
1414 5761 1541 5818 Vita
1576 5763 1629 5819 S.
1662 5761 2000 5821 Pulchronii
2028 5761 2145 5834 jam
2178 5757 2504 5833 daperdita.
