3922 6402
217 448 295 511 69
522 432 527 439 ’
1466 450 1907 517 CHRONICOI

2014 490 2079 499 —
2106 450 2267 516 LIB.
2315 454 2362 515 Ι.
3542 456 3620 521 '70

223 587 428 642 stitum
460 585 534 643 sit
567 589 629 642 ut
677 588 903 641 tantum
965 600 1030 640 ac
1082 583 1291 641 talem.
1318 585 1602 641 haberent
1655 584 1855 642 ﬁlium.
1888 588 1947 649 A
1975 586 2541 659 pietatelaudabilis,
2561 587 2837 658 patientia
2860 588 3165 660 mirabilis,
3183 591 3621 662 sapientiacon-

222 677 406 733 Natus
440 676 619 745 igitur
652 690 797 746 puer
847 674 1228 730 sacramentis
1277 674 1622 731 coelestibus
1666 675 1865 731 inicia-

224 769 323 820 tus
355 770 469 834 est,
488 768 548 819 et
568 763 622 818 in
646 762 992 833 baptismate
1012 761 1401 819 Pulchronius
1422 764 1752 820 nominatus
1772 767 1863 819 est

226 854 350 910 sive
386 852 771 909 Policronius.
828 852 871 906 0
917 852 1149 921 dignum
1203 852 1545 923 prasagium
1596 851 1863 921 nominis,

226 940 383 1013 quod
399 941 446 997 si
463 942 517 996 in
535 942 719 996 Greco
735 940 1030 995 resolvere
1046 940 1212 1009 velis,
1230 941 1681 1012 interpretatum
1696 939 1764 973 “9
1781 955 1871 997 so-

227 1035 323 1086 nat
348 1029 557 1086 civitas
580 1028 884 1099 temporis.
902 1030 969 1083 Et
995 1028 1133 1098 quid
1148 1028 1255 1083 hoc
1279 1028 1545 1098 signatur
1563 1028 1866 1098 vocabulo,

227 1118 337 1175 nisi
366 1117 517 1189 quod
542 1132 688 1189 puer
710 1116 800 1173 hic
824 1116 1188 1173 sanctushoc
1206 1120 1362 1172 esset
1382 1117 1680 1173 futurusin
1695 1131 1872 1188 opere

232 1207 385 1277 quod
413 1206 755 1275 signabatur
776 1220 849 1261 ex
872 1206 1100 1260 nomine
1123 1206 1310 1260 ?Nam
1336 1206 1384 1261 si
1406 1207 1625 1261 referas
1646 1206 1875 1261 adtem-

233 1311 342 1367 pus
376 1296 508 1352 vita
541 1294 682 1365 ejus,
709 1309 839 1350 cum
873 1294 1024 1350 bella
1060 1298 1272 1349 cuncta
1306 1293 1643 1363 perderent,
1666 1293 1875 1349 civitas

234 1384 515 1454 temporis
546 1382 707 1438 illius
740 1383 928 1438 factus
959 1386 1073 1452 est,
1095 1397 1223 1438 cum
1249 1382 1319 1437 ad
1346 1383 1651 1438 tuitionem
1675 1386 1732 1437 ct
1758 1396 1877 1437 mu-

234 1474 550 1529 nimentum
584 1471 836 1527 omnium
868 1473 982 1526 Deo
1008 1470 1290 1526 adherere
1314 1470 1631 1526 volentium
1657 1470 1877 1543 pradc-

235 1562 489 1618 stinatus
520 1565 609 1616 est
639 1579 653 1627 ;
682 1560 892 1616 civitas
922 1560 1209 1631 temporis
1261 1561 1451 1616 factus
1500 1564 1612 1629 est,
1642 1574 1771 1615 cum
1805 1557 1877 1612 ad

234 1649 596 1719 colligendas
616 1654 672 1704 et
688 1664 792 1704 con
803 1664 863 1704 se
874 1648 1119 1703 rvandas
1131 1648 1491 1704 credentium
1507 1648 1727 1704 animas
1740 1660 1879 1718 pon-

235 1740 379 1795 tifex
401 1738 765 1794 constitutus
785 1742 895 1793 est.
915 1737 1364 1793 Considercmus
1385 1741 1575 1792 tamen
1599 1745 1657 1793 et
1681 1735 1877 1791 altiori

236 1828 511 1899 mysterio
543 1828 656 1882 vim
686 1826 955 1883 vocabuli
990 1826 1181 1896 hujus.
1218 1826 1355 1881 Cum
1388 1826 1537 1882 enim
1563 1825 1761 1882 habuit
1796 1822 1880 1880 di-

1976 676 2231 748 Spicuus,
2253 676 2501 732 caritate
2517 674 2787 747 diﬂ‘usus,
2822 692 2923 747 spe
2957 676 3458 750 longanimis,ﬂdc
3477 697 3621 754 pra-

1976 764 2269 833 dicabilis,
2303 765 2590 833 gravitate
2620 765 2989 835 venerabilis,
3018 781 3121 837 per
3137 766 3324 823 zelum
3363 770 3621 841 justicia

1978 867 2113 922 erga
2130 852 2539 922 delinquentes
2550 858 2807 923 erectus,
2832 868 2933 925 per
2946 857 3411 927 compassionem
3430 859 3623 930 proxi-

1980 956 2130 1012 mus,
2165 941 2218 996 in
2245 941 2510 997 adversis
2536 942 3015 1014 patientissimus,
3053 946 3108 1000 in
3150 946 3453 1017 prosperis
3485 962 3621 1004 cau-

1983 1035 2097 1095 tus,
2118 1029 2172 1083 in
2189 1044 2301 1099 quo
2316 1028 2644 1085 omnislaus
2657 1044 2860 1087 secure
2874 1032 3235 1088 canitur.Hic
3250 1033 3305 1088 in
3320 1033 3609 1090 saculo‘”

1984 1115 2149 1171 annis
2181 1122 2214 1172 7
2235 1132 2363 1172 cum
2386 1131 2566 1173 uxore
2582 1132 2687 1173 sua
2702 1118 3026 1189 Piminiola,
3050 1121 3235 1176 sancti
3252 1121 3466 1192 llylarii
3489 1124 3626 1179 Are-

1985 1204 2226 1260 latensis
2249 1204 2672 1277 archiepiscopi
2690 1221 2908 1277 sorore,
2934 1215 3334 1280 conversatus,
3360 1211 3620 1268 Lirinen-

1987 1307 2049 1348 se
2071 1294 2676 1364 coenobiumexpetiit,
2705 1294 2854 1350 unde
2880 1302 3083 1369 raptus
3121 1298 3192 1353 ad
3230 1298 3614 1371 pontiﬁcium,

1986 1382 2228 1437 eandem
2249 1381 2598 1451 gravitatem
2643 1386 3145 1454 morum,eandem
3180 1386 3529 1444 humilitatis
3566 1395 3627 1444 et

1987 1470 2233 1526 vilitatis
2248 1472 2588 1526 sectabatur
2602 1472 3241 1543 continentiam,locato
3257 1475 3369 1533 sibi
3389 1475 3444 1532 in
3464 1492 3627 1549 pros-

1990 1563 2165 1629 pectu
2189 1558 2437 1616 urbis“1
2458 1562 2832 1631 monasterio,
2867 1562 2964 1618 ubi
2986 1577 3116 1618 cum
3150 1563 3238 1619 his
3255 1564 3351 1635 qui
3412 1580 3614 1623 secum

1989 1646 2457 1705 aderantdivinis
2474 1649 2812 1706 intendebat
2837 1651 3100 1708 theoriis.
3118 1652 3264 1709 Huic
3280 1654 3626 1712 beatusPul-

1988 1735 2268 1792 chronius
2287 1736 2342 1791 in
2360 1738 2717 1793 monasterio
2730 1739 3132 1796 erudiendusa
3150 1741 3491 1812 parentibus
3509 1747 3625 1801 tra-

1991 1823 2448 1895 ditus,magistri
2478 1826 2634 1897 cepit
2667 1827 2927 1884 imitator
2965 1828 3319 1900 existere,et
3354 1846 3626 1902 quaeum

236 1921 431 1973 rectos
455 1916 636 1987 pedes
659 1915 726 1972 ad
751 1913 1259 1985 evangelizandam
1278 1929 1498 1986 pacem,
1523 1918 1578 1970 et
1605 1915 1738 1970 dum
1764 1917 1881 2003 sta-
1907 1940 1963 2003 B
1993 1912 2183 2003 facere
2216 1913 2536 1970 videbatad
2558 1914 2759 1971 eadem
2774 1931 2835 1973 se
2850 1916 3037 1973 modis
3052 1918 3264 1988 quibus
3280 1923 3512 1990 poterat
3539 1921 3624 1976 in-

240 2011 328 2061 ret
362 2005 508 2077 pede
538 2004 775 2061 immoto
808 2005 862 2059 in
886 2004 1055 2060 atriis
1078 2003 1608 2074 Ilierusalem,qua
1631 2002 1880 2059 adifica-

236 2099 335 2151 tur
365 2098 426 2151 ut
461 2094 688 2164 civitas,
716 2093 925 2149 civitas
948 2093 1210 2149 civitatis
1238 2092 1518 2164 temporis
1540 2092 1743 2148 aterni
1770 2092 1882 2147 fac-

237 2186 334 2239 tus
355 2186 465 2251 est,
493 2182 625 2252 quia
649 2186 709 2238 et
735 2181 1110 2253 participatio
1133 2182 1259 2252 ejus
1280 2181 1334 2236 in
1362 2181 1611 2253 idipsum
1644 2185 1758 2251 est,
1781 2179 1879 2237 ubi

239 2270 634 2337 ascenderunt
671 2271 864 2326 tribus
897 2270 1120 2325 Domini
1144 2270 1215 2325 ad
1239 2269 1633 2326 conﬁtendum
1668 2267 1880 2324 nomini

239 2358 485 2415 Domini.
513 2359 662 2428 Ergo
679 2365 735 2414 et
767 2359 977 2414 civitas
1013 2358 1296 2429 temporis
1334 2361 1423 2414 est
1462 2358 1637 2413 etiam
1676 2356 1884 2414 civitas

239 2448 501 2504 civitatis
522 2447 804 2519 temporis
828 2462 939 2503 non
968 2446 1296 2503 transitorii
1321 2445 1423 2502 sed
1447 2446 1654 2515 eterni,
1682 2444 1885 2501 civita-

240 2537 319 2593 tis
341 2538 537 2607 itaque
562 2551 670 2592 non
698 2551 824 2607 qua
850 2535 1179 2592 adiﬁcatur
1210 2534 1503 2606 lapidibus
1536 2531 1886 2590 insensibili-

243 2627 353 2682 bus
374 2626 477 2682 sed
501 2625 684 2691 vivis;
710 2624 765 2680 in
791 2639 899 2695 qua
926 2624 1075 2695 lapis
1110 2624 1206 2695 qui
1244 2624 1315 2678 ab
1351 2622 1761 2678 edificantibus
1802 2635 1887 2677 re-

243 2715 528 2787 probatus
558 2717 647 2768 est
681 2713 977 2783 angularis
999 2714 1212 2769 missus
1240 2716 1348 2781 est,
1376 2712 1472 2782 qui
1505 2712 1769 2768 abscisus
1794 2715 1889 2766 est

243 2804 316 2859 de
348 2806 539 2858 monte
573 2802 700 2857 sine
740 2801 1006 2857 manibus
1043 2800 1486 2872 pracidentium
1526 2805 1583 2855 et
1627 2798 1885 2871 implevit

246 2892 589 2949 universum
621 2892 822 2946 orbem
853 2894 1165 2946 terrarum.
1192 2891 1526 2946 Intueamur
1554 2888 1750 2959 itaque
1773 2888 1892 2945 edi-

247 2981 587 3038 ﬁcacionem
616 2980 789 3049 hujus
825 2980 1084 3036 civitatis
1116 2978 1423 3052 temporis,
1449 2983 1504 3034 ct
1532 2982 1596 3035 ut
1617 2978 1789 3049 digne
1811 2979 1893 3035 vi-

250 3070 393 3126 dere
419 3082 766 3139 mereamur,
781 3067 1175 3124 ediﬁcatorem
1190 3066 1317 3137 ejus
1331 3066 1609 3138 Spiritum
1625 3071 1892 3122 sanctum

250 3160 608 3227 invocemus,
636 3162 700 3213 ut
734 3161 905 3228 ponat
930 3157 1171 3213 verbum
1197 3157 1251 3212 in
1275 3171 1374 3212 ore
1388 3160 1589 3212 nostro
1612 3156 1748 3211 etin
1770 3170 1897 3212 cor-

251 3247 323 3303 de
346 3252 568 3316 nostro,
595 3247 876 3317 quatinus
896 3246 977 3302 sit
999 3261 1066 3301 os
1091 3250 1355 3301 nostrum
1381 3245 1434 3300 in
1459 3245 1638 3301 corde
1670 3248 1893 3314 nostro,

252 3341 317 3392 ut
348 3336 519 3405 digna
550 3335 709 3405 loqui
740 3335 1052 3392 valeamus.

329 3422 673 3480 Ablactatus
722 3423 901 3493 igitur
946 3429 1055 3494 est,
1108 3426 1165 3479 et
1216 3424 1465 3480 decursa
1516 3421 1903 3480 balbutientis

256 3512 517 3569 infantia
547 3510 905 3568 hebdomada
932 3511 1149 3568 litteris
1181 3512 1457 3581 traditus,
1485 3511 1671 3583 prima
1701 3524 1900 3567 eorum

259 3601 585 3672 temptabat
614 3601 921 3658 addiscere
953 3600 1297 3657 rudimenta.
1326 3600 1579 3667 Quarum
1599 3599 1904 3655 elementis

258 3689 419 3746 brevi
452 3689 606 3746 datis
639 3689 949 3760 memoria,
974 3689 1285 3745 festinabat
1312 3689 1429 3758 jam
1458 3692 1517 3743 et
1540 3688 1748 3744 altiora
1772 3701 1905 3744 con-

256 3776 562 3835 scendere.
588 3781 768 3835 Datus
802 3778 984 3849 igitur
1005 3778 1299 3835 vacationi
1335 3777 1905 3849 sapicntia,haurie-
1941 3813 1947 3819 η

260 3867 359 3923 bat
385 3868 576 3924 fontes
600 3868 903 3938 doctrina,
932 3872 1137 3924 tardus
1169 3867 1423 3938 eloquio,
1449 3867 1584 3923 licet
1608 3865 1805 3923 clarus
1824 3866 1906 3923 in-

254 3956 445 4028 genio,
474 3971 650 4029 quum
674 3956 742 3989 “°
765 3971 878 4012 non
907 3957 1003 4027 qui
1028 3955 1225 4013 multa
1248 3955 1597 4025 eloquentia
1620 3955 1711 4012 vel
1730 3957 1904 4012 etiam

257 4044 455 4102 multa
479 4048 571 4102 est
599 4045 925 4116 sapientia,
952 4045 1084 4115 quia
1133 4044 1485 4115 eloquentia
1523 4057 1661 4100 aura
1703 4059 1906 4115 parum

259 4133 489 4205 quidem
519 4134 780 4190 auditum
824 4132 1134 4190 mulcendo
1168 4132 1448 4203 delectat,
1474 4132 1642 4188 simul
1673 4147 1812 4188 vero
1846 4138 1908 4187 ut

258 4223 475 4279 desinit
501 4237 682 4278 sonus
705 4221 1024 4293 loquentis,
1045 4226 1103 4278 et
1128 4222 1426 4292 profectus
1444 4220 1656 4276 desinit
1672 4219 1907 4276 audien-

259 4311 356 4367 tis.
392 4311 525 4367 ldeo
557 4311 733 4367 etiam
780 4324 927 4382 puer
970 4314 1249 4367 strenuus
1278 4309 1349 4365 ad
1382 4310 1731 4380 perfectiora
1762 4309 1906 4365 totis

256 4399 508 4457 tendens
538 4399 787 4471 viribus,
824 4398 909 4453 illi
943 4399 1219 4456 studebat
1271 4397 1593 4470 sapientia,
1628 4413 1739 4454 non
1778 4412 1907 4468 qua

261 4490 318 4544 in
350 4489 550 4546 verbis
581 4487 762 4559 volat,
794 4488 898 4544 sed
930 4502 1057 4558 qua
1092 4488 1147 4543 in
1180 4486 1503 4544 virtutibus
1538 4491 1788 4543 constat.
1821 4489 1909 4542 In-

259 4577 539 4635 tellectus
566 4577 718 4633 enim
752 4578 937 4634 bonus
966 4580 1053 4632 est
1086 4576 1355 4633 omnibus
1388 4576 1486 4647 qui
1511 4575 1730 4633 faciunt
1753 4589 1905 4647 eum,
1938 4654 1941 4655 ν

261 4680 375 4722 non
404 4667 501 4737 qui
536 4667 858 4738 loquuntur
887 4669 947 4721 ct
976 4665 1300 4737 pradicant
1328 4680 1478 4722 eum.

335 4754 454 4825 (fol.
486 4754 622 4827 26’.)
644 4756 766 4810 Jam
791 4770 931 4811 vero
954 4754 1230 4826 puericia
1263 4753 1429 4810 annis
1468 4753 1538 4809 ad
1579 4752 1911 4810 similitudi-

264 4857 396 4901 nem
421 4844 770 4916 patriarcha
790 4845 969 4901 Jacob
993 4843 1143 4900 domi
1161 4843 1909 4915 simplicitercxactis,cum

258 4933 377 5003 jam
402 4933 812 5004 ingrederetur
832 4933 1095 4989 nutantis
1119 4932 1534 4989 adolescentia
1558 4932 1795 5002 bivium,
1812 4947 1914 5003 po-

264 5020 415 5077 situs
437 5020 493 5075 in
516 5020 971 5077 conversacione
995 5019 1233 5091 scolari,
1249 5034 1361 5075 non
1380 5018 1472 5077 vel
1493 5020 1685 5076 atatis
1706 5019 1797 5076 vel
1821 5035 1914 5076 co-

264 5109 576 5182 aqualium
601 5110 898 5168 illecebris
920 5110 1136 5166 cedens
1158 5109 1414 5181 prodidit
1434 5109 1793 5181 pudicitiam,
1811 5110 1911 5166 sed

267 5204 541 5271 tanquam
574 5199 684 5256 sibi
717 5214 747 5256 a
781 5198 1020 5255 Domino
1051 5199 1425 5255 commissum
1475 5198 1732 5256 servavit
1770 5198 1917 5255 inte-

265 5302 434 5358 grum
467 5287 831 5359 signaculum
856 5287 1155 5345 castitatis
1178 5288 1344 5360 (Vita
1369 5288 1576 5359 Lupi.).
1601 5288 1742 5345 Erat
1772 5292 1916 5344 tunc

265 5377 553 5451 temporis
586 5378 640 5433 in
674 5377 877 5435 eadem
910 5378 1054 5435 urbe
1085 5379 1395 5434 Trecorum
1439 5378 1647 5434 beatus
1697 5379 1913 5449 Lupus,

268 5481 492 5524 morum
514 5468 809 5540 probitate
826 5466 1103 5538 celebris,
1130 5466 1466 5524 sanctitatis
1486 5466 1622 5523 dote
1644 5466 1913 5538 insignis,

1995 2002 2554 2059 formare.Erateiin
2586 2004 2749 2060 vultu
2766 2004 3126 2076 alacritas,in
3158 2009 3627 2079 sermonegravi-

1992 2089 2169 2159 tas,in
2213 2090 2540 2147 obediendo
2578 2093 2888 2163 sagacitas,
2912 2094 3363 2165 inobsequendo
3395 2095 3625 2153 humili-

1992 2182 2105 2247 tas,
2132 2178 2186 2233 in
2204 2178 2518 2236 deferendo
2532 2180 2836 2252 sedulitas,
2870 2184 3219 2241 verecundia
3240 2185 3294 2239 in
3318 2185 3509 2257 vultu,
3546 2201 3635 2242 re-

1990 2268 2252 2323 verentia
2270 2268 2325 2323 in
2342 2269 2595 2339 incessu,
2612 2271 2930 2327 dulcedoin
2944 2287 3103 2343 voce,
3119 2275 3449 2330 constantia
3472 2275 3528 2330 in
3544 2290 3630 2332 ac-

1994 2356 2169 2412 tione.
2186 2357 2550 2427 Diligebatur
2565 2359 2635 2415 ab
2649 2359 3303 2431 omnibus,laudabatur
3326 2378 3355 2419 a
3378 2364 3631 2435 cunctis,

1995 2445 2390 2502 honorabatur
2402 2449 2475 2503 ab
2489 2448 2797 2505 universis.
2826 2448 3007 2515 Quem
3023 2450 3071 2505 si
3088 2451 3218 2521 quis
3231 2456 3385 2508 esset
3411 2452 3631 2523 quinon

1995 2541 2238 2604 amaret,
2255 2550 2314 2590 se
2330 2536 2526 2607 potius
2540 2535 2700 2592 illum
2717 2551 2829 2592 non
2843 2538 3089 2594 amando
3113 2539 3637 2611 improbaret.Erat

1997 2620 2062 2654 ¹²²
2084 2622 2136 2678 ei
2158 2637 2388 2693 quoque
2411 2623 2947 2681 studiumtimorem
2970 2626 3066 2681 Dei
3099 2626 3335 2699 habere,
3368 2628 3634 2686 seniores

1998 2710 2284 2781 venerari,
2302 2712 2633 2767 castitatem
2649 2713 3220 2783 tueri,humilitatem
3234 2729 3348 2771 non
3365 2731 3644 2788 asperna-

2003 2797 2070 2867 ri,
2093 2800 2502 2855 verecundiam
2518 2800 2760 2871 diligere
2774 2806 2832 2857 et
2852 2801 3241 2874 clementiam,
3258 2818 3386 2875 qua
3401 2808 3533 2862 sunt
3549 2821 3639 2861 or-

2003 2889 2270 2941 namenta
2300 2886 2506 2943 minori
2523 2889 2703 2944 atati.
2729 2889 3244 2959 Erudiebaturjam
3259 2895 3399 2948 tunc
3416 2893 3646 2963 profec-

2002 2978 2066 3029 to
2087 2974 2415 3031 divinitatis
2435 2976 2665 3033 occulto
2693 2977 2933 3048 judicio,
2970 2993 3037 3033 ne
3062 2979 3199 3049 quid
3220 2980 3454 3037 deesset
3479 2995 3644 3052 apos-

2007 3061 2186 3118 tolico
2209 3064 2471 3134 pontifici
2488 3079 2621 3120 mox
2662 3066 2878 3122 futuro.
2906 3067 3043 3122 Erat
3083 3066 3296 3141 quippe
3314 3082 3385 3125 ex
3411 3070 3644 3126 mundis

2008 3150 2379 3220 animalibus,
2416 3153 2535 3210 illis
2555 3154 2785 3210 scilicet
2808 3155 2904 3225 qui
2930 3158 2987 3210 et
3009 3156 3300 3212 ruminare
3325 3162 3537 3214 norunt
3587 3163 3644 3215 et

2006 3240 2357 3296 verbumDei
2374 3241 2445 3295 ad
2470 3244 2799 3300 memoriam
2826 3246 3345 3316 revocare,quiqne
3366 3248 3541 3303 etiam
3566 3246 3650 3302 di-

2009 3327 2161 3384 vinis
2184 3329 2557 3386 sacriﬁciiset
2578 3330 2866 3388 altaribus
2881 3333 3000 3403 apti
3015 3334 3647 3392 sunt.Circumcidebat

2002 3417 2064 3472 .in
2098 3432 2159 3472 se
2191 3433 2357 3474 omne
2372 3419 2812 3490 quidquidillud
2829 3422 3075 3492 estquod
3094 3423 3443 3493 nequecibis
3458 3438 3647 3494 neque

2011 3505 2314 3562 sacrificiis
2354 3513 2553 3579 aptum
2602 3513 2712 3578 est,
2785 3509 2940 3579 quod
3007 3509 3270 3567 humana
3309 3517 3538 3569 natura
3570 3513 3651 3568 vi-

2010 3595 2103 3649 cio
2126 3594 2180 3649 in
2201 3594 2431 3652 homine
2453 3596 2791 3668 operituret
2811 3599 3052 3667 tegitur.
3074 3600 3428 3656 Armabatur
3458 3602 3529 3657 ad
3550 3614 3650 3673 pa-

2012 3682 2274 3739 tientiam
2300 3685 2524 3755 mortis,
2546 3689 2605 3741 et
2638 3686 2821 3757 prima
2853 3688 2980 3757 ejus
3001 3691 3145 3744 atas
3170 3688 3287 3758 jam
3322 3689 3643 3746 meditaba-

2014 3773 2111 3825 tur
2130 3772 2491 3842 martyrium.
2517 3774 3095 3845 Attenuabatcorpus
3118 3779 3385 3832 tenerum
3403 3775 3644 3847 jejuniis

2014 3863 2073 3914 et
2096 3860 2385 3931 frequenti
2411 3860 2601 3917 inedia
2624 3861 2891 3920 incendia
2907 3864 3104 3918 carnis
3122 3863 3653 3937 edomabat,sciens

2017 3948 2170 4019 quod
2195 3963 2305 4006 non
2329 3948 2618 4019 indigeret
2645 3950 2871 4008 ﬂamma
2891 3951 3226 4023 copiosiore
3242 3953 3506 4025 materia,
3546 3966 3655 4009 nec

2016 4035 2275 4093 insolens
2299 4037 2485 4093 bestia
2502 4038 3032 4097 abundantioribus
3051 4042 3217 4113 cibis,
3235 4046 3299 4098 ut
3314 4042 3655 4099 insolentior

2018 4122 2341 4194 ﬁeret,cum
2357 4123 2650 4181 sufficeret
2667 4127 2901 4198 corpori
2917 4127 3140 4183 malicia
3161 4130 3544 4199 sua.Legebat
3569 4143 3660 4187 as-

2017 4211 2204 4283 sidue,
2232 4214 2521 4286 psallebat
2546 4221 2975 4291 frequenter,ut
3010 4234 3243 4292 semper
3264 4232 3397 4275 eum
3439 4219 3660 4276 inveni-

2019 4304 2107 4356 ret
2133 4302 2403 4361 diabolus
2425 4310 2795 4378 occupatum,
2818 4307 3164 4377 quiociosos
3200 4309 3446 4381 appetit,
3481 4324 3654 4367 occu-

2018 4393 2491 4464 patosrefugit.Si
2507 4396 2643 4465 quid
2668 4411 2808 4453 vero
2829 4395 3015 4452 hostis
3035 4397 3251 4453 astutia
3266 4398 3659 4470 subrepsisset

1980 4548 1987 4553 ,
2020 4478 2479 4554 adolescentulo,
2516 4485 2854 4556 requirebat
2880 4484 3229 4555 baptismum
3246 4485 3652 4555 lacrimarum;

2020 4569 2098 4627 ibi
2122 4570 2245 4626 sine
2278 4571 2457 4629 dubio
2478 4572 2597 4644 igni
2619 4573 3050 4646 baptizabatur.
3070 4574 3114 4628 Ο
3145 4573 3648 4632 adolescentulum

1936 4658 1992 4723 D
2022 4660 2259 4718 senibus
2276 4662 2739 4732 praferendum!
2776 4662 2820 4719 Ο
2843 4662 3190 4734 discipulum
3216 4665 3386 4735 cujus
3407 4663 3663 4721 imitato-

2022 4760 2119 4803 res
2144 4749 2254 4822 ipsi
2279 4748 2694 4807 desiderabant
2744 4749 2867 4808 ﬁeri
2920 4753 3290 4809 sacerdotes!
3320 4753 3656 4811 Latabatur

2025 4840 2234 4895 beatus
2258 4839 2448 4911 Lupus
2471 4838 2543 4897 de
2573 4839 3152 4913 profectudiscipuli,
3202 4841 3535 4911 gaudebant
3595 4846 3654 4897 et

2025 4927 2386 5001 parentesde
2426 4927 2716 4986 industria
2740 4944 2770 4986 a
2794 4930 3097 5002 proposito
3142 4929 3271 5003 filii,
3314 4930 3467 5003 quod
3499 4937 3653 4990 esset

2026 5016 2335 5089 perspicax
2355 5018 2409 5072 in
2432 5017 2762 5089 scripturis,
2787 5018 3154 5075 rationabilis
3180 5020 3235 5075 in
3251 5019 3383 5092 fide,
3418 5032 3659 5078 cursum

2025 5121 2192 5163 suum
2216 5106 2286 5163 ad
2315 5109 2572 5164 statutas
2592 5107 2779 5164 lineas
2803 5106 3206 5166 mandatorum
3221 5109 3320 5165 Dei
3336 5110 3660 5168 refranans

2024 5199 2081 5253 et
2116 5200 2471 5267 temperans,
2496 5200 2576 5269 et,
2603 5197 2757 5268 quod
2783 5197 3190 5269 gravissimum
3212 5203 3300 5257 est
3317 5198 3373 5256 in
3395 5198 3494 5257 illa
3526 5202 3665 5259 ata-

2025 5290 2106 5357 te,
2127 5299 2316 5356 neque
2340 5285 2411 5341 ad
2425 5286 2692 5342 dextram
2714 5302 2902 5358 neque
2923 5287 2996 5344 ad
3015 5287 3310 5346 sinistram
3339 5290 3666 5348 declinans-

2027 5375 2131 5432 sed
2158 5375 2252 5431 via
2285 5374 2441 5444 regia
2475 5375 2707 5431 fortiter
2728 5376 3022 5433 incedens.

2097 5465 2270 5536 (Vita
2304 5464 2447 5536 Lupi
2476 5480 2531 5536 p.
2569 5464 2876 5536 81,)Erant
2898 5472 3091 5524 autem
3114 5468 3243 5539 ejus
3273 5462 3663 5542 condiScipuli

1621 5583 1861 5642 VARI/ﬁ
1898 5581 2296 5641 LECTIONES.

338 5696 882 5774 “'lnterpretatam
910 5714 960 5757 c.
1022 5698 1089 5732 “°
1144 5714 1313 5771 quam
1375 5712 1524 5759 corr.
1584 5716 1759 5774 quum
1817 5716 1864 5759 σ.
1926 5700 1994 5735 ¹²⁰
2048 5700 2135 5758 Hi.
2172 5744 2186 5758 .
2223 5744 2236 5755 .
2273 5698 2454 5757 inscla
2513 5713 2562 5757 c.
2624 5698 2690 5732 ¹²ί
2744 5700 2904 5759 orbis
2957 5714 3112 5759 corr.
3149 5702 3313 5759 urbis
3334 5717 3389 5760 ο.
3432 5684 3665 5759 i"Erat

285 5800 337 5811 -—-
366 5768 525 5825 atati
553 5768 624 5828 iis
645 5782 839 5842 marg.
