3922 6416
323 423 399 485 71
1274 419 1639 483 HUGONIS
1681 414 2036 481 ABBATIS
2078 412 2763 478 FLAVINIACENSIS
3654 418 3742 481 '72

322 558 823 631 subﬁinstitutione
857 556 1080 629 praefati
1100 555 1284 627 patris
1298 555 1566 624 Severus,
1597 559 1799 627 postea
1831 553 1963 608 Tre-
1991 552 2047 614 Α
2080 551 2525 622 perextendens,
2545 551 2925 608 desiderabat
2948 552 3175 610 Christo
3194 555 3388 612 carnis
3409 555 3742 612 mortifica-

319 649 577 704 virorum
602 650 843 703 sanctus
871 646 1208 716 episcomis,
1232 644 1473 700 Albinus
1499 658 1727 713 quoque
1759 641 1957 696 Catha-

319 735 631 804 launensis,
667 739 723 790 et
781 738 1017 789 sanctus
1066 732 1401 801 Emilianus,
1437 734 1678 788 sanctus
1730 744 1961 801 quoque

320 824 663 895 Aventinus,
684 826 886 895 postea
918 823 1232 878 Trecorum
1257 821 1590 892 episc0pus,
1637 836 1768 875 cum
1827 817 1958 873 aliis

318 929 491 985 quam
523 913 617 985 plu
630 912 821 977 ribus;
845 912 942 981 qui
959 926 1159 967 omnes
1174 911 1361 979 gratia
1383 909 1482 965 Dei
1505 908 1959 965 innumeriscla-

316 1016 491 1059 ruere
520 1000 843 1071 miraculis,
863 1004 928 1057 ut
951 1013 1023 1055 ex
1038 998 1262 1054 meritis
1277 996 1696 1069 discipulorum
1717 997 1958 1053 daretur

318 1089 565 1161 intelligi
591 1094 823 1160 quanta;
859 1087 1195 1144 sanctitatis
1232 1086 1510 1156 magister
1559 1100 1759 1141 eorum
1779 1086 1955 1142 fuerit

318 1179 416 1250 qui
446 1178 599 1235 tales
628 1179 683 1233 in
711 1178 800 1232 via
832 1176 932 1233 Dei
965 1174 1368 1247 mdiscipulos
1399 1173 1797 1230 informaverit
1831 1172 1951 1243 (fol.

316 1269 428 1338 27).
464 1268 641 1322 Beata
673 1265 915 1321 nimium
930 1270 989 1320 et
1014 1263 1255 1319 Domino
1271 1268 1476 1319 nostro
1500 1265 1665 1330 grata
1682 1262 1952 1329 societas,

318 1357 374 1411 in
408 1369 521 1426 qua
545 1359 673 1410 erat
694 1353 895 1410 videre
928 1351 1391 1423 tranquillitates
1419 1351 1768 1419 animorum,
1804 1364 1959 1404 man-

312 1443 646 1502 suetudinis
660 1442 941 1514 studium,
967 1440 1390 1498 moderationis
1421 1439 1669 1510 gratiam
1687 1441 1958 1495 honesta-

318 1533 627 1603 tiscuram,
653 1537 710 1589 et
735 1531 1268 1589 consideracionem
1312 1529 1563 1599 decoris,
1610 1528 1763 1584 inter
1812 1542 1956 1598 quas

314 1622 572 1679 virtutes
596 1621 777 1693 prima
800 1620 913 1675 sibi
949 1618 1455 1675 fundamentumin
1495 1617 1582 1672 eis
1605 1615 1955 1672 verecundia

318 1714 593 1780 posuerat
614 1709 745 1767 lSed
772 1707 903 1779 quia
921 1712 985 1764 ut
1006 1706 1314 1777 aequalium
1330 1704 1690 1762 cohabitatio
1705 1704 1953 1773 dulcior,

318 1798 397 1852 ita
428 1802 488 1853 et
513 1812 714 1853 senum
733 1797 1039 1865 tutiorest,
1060 1795 1212 1850 beati
1237 1794 1345 1850 viri
1378 1792 1814 1864 Lupiindividui
1859 1792 1956 1848 ad-

316 1886 603 1942 herebant
621 1885 1025 1954 contubernio,
1044 1884 1139 1954 qui
1158 1883 1492 1972 magisterio
1511 1882 1758 1952 quodam
1781 1887 1841 1937 et
1860 1882 1957 1972 do-
1985 1912 2040 1972 Β

315 1974 506 2029 ctrina
541 1974 676 2030 vitae
710 1972 1013 2029 colorabat
1037 1986 1228 2027 mores
1244 1970 1702 2039 adolescentum,
1725 1970 1951 2026 etvelut

317 2063 536 2120 murice
572 2061 891 2133 probitatis
925 2060 1425 2126 inficiebat.Quod
1452 2058 1681 2129 quidem
1710 2059 1955 2114 maxima

314 2150 405 2208 vir
425 2152 543 2206 Deo
576 2150 785 2221 planus
808 2148 1162 2220 adimplebat
1183 2147 1395 2217 gratia,
1424 2150 1483 2203 ut
1500 2146 1723 2202 videret
1752 2146 1960 2203 alacri-

316 2239 424 2296 bus
456 2237 588 2295 illos
611 2239 817 2294 animis
839 2236 906 2270 ¹²⁴
931 2237 1113 2309 patris
1138 2236 1412 2293 instituta
1440 2234 1625 2305 sequi,
1679 2250 1827 2306 quos
1849 2251 1955 2292 nec

316 2330 388 2385 ab
406 2328 637 2400 incepto
659 2327 947 2398 gravioris
968 2326 1247 2399 propositi
1274 2325 1612 2381 deterrebat
1632 2325 1808 2395 rigor,
1825 2340 1953 2381 cum

310 2417 591 2489 juvenilis
621 2416 897 2473 alacritas
926 2416 995 2471 ad
1021 2431 1086 2471 ea
1119 2429 1350 2486 semper
1365 2414 1954 2470 eonvertaturstudia

316 2521 446 2576 quae
467 2506 793 2562 arbitratur
824 2503 1242 2577 plausibiliora.
1283 2506 1441 2559 Inter
1473 2504 1579 2558 hos
1603 2502 1799 2573 itaque
1823 2518 1956 2559 con-

315 2594 565 2651 tribules
587 2593 654 2627 1"
681 2609 821 2651 suos
863 2595 1073 2650 beatus
1104 2591 1489 2649 Pulchronius
1513 2592 1851 2648 meritorum
1868 2606 1955 2647 ra-

315 2683 515 2739 diabat
531 2681 1161 2754 lampade.Honestatis
1178 2680 1435 2751 fulgebat
1453 2680 1665 2736 decore
1679 2680 1957 2736 omnimo-

315 2770 405 2828 dis
434 2777 708 2842 satagens
734 2776 795 2828 ut
830 2771 900 2827 de
925 2787 985 2828 se
1021 2770 1418 2841 unusquisque
1447 2774 1504 2824 et
1568 2769 1813 2825 maxime
1867 2770 1957 2825 vir

316 2860 575 2932 optimus
592 2860 739 2917 bona
756 2860 1025 2929 sentiret,
1047 2862 1473 2930 quapropteret
1495 2856 1759 2914 omnibus
1783 2858 1951 2914 bonis

313 2947 573 3005 debitam
588 2949 901 3005 exhibebat
920 2948 1328 3003 reverentiam.
1354 2947 1426 3002 Ca
1436 2945 1605 3003 vehat
1625 2951 1821 3003 motus
1836 2947 1954 3003 ani-

314 3036 704 3107 mijuvenilis,
738 3050 801 3092 se
834 3036 1023 3107 ipsum
1040 3034 1952 3106 observansetcircumSpiciens,

312 3129 371 3180 et
396 3129 847 3196 prorumpentes
862 3124 917 3179 in
933 3139 996 3180 se
1010 3123 1308 3196 appetitus
1325 3123 1571 3193 quadam
1597 3123 1647 3179 vi
1667 3124 1840 3179 animi
1860 3140 1955 3181 co-

311 3212 562 3269 hercens
579 3217 755 3284 atque
770 3214 1106 3282 refraenans,
1133 3226 1203 3268 ne
1235 3212 1536 3283 appetitus
1558 3212 1841 3269 rationem
1862 3212 1953 3269 vel

2078 640 2234 696 tione
2252 639 2622 711 consepeliri,
2644 646 2705 696 ut
2720 646 3046 697 mereretur
3061 658 3163 714 per
3181 643 3368 714 ipsum
3384 644 3455 700 ad
3468 643 3739 714 gloriam

2072 729 2146 782 Pa
2160 729 2264 785 tris
2284 728 2340 784 in
2363 729 2583 784 virtute
2601 728 2857 799 Spiritus
2874 744 2978 800 per
2993 731 3276 787 bonorum
3291 731 3569 787 exercitia
3583 743 3741 802 ope-

2072 831 2196 872 rum
2221 815 2696 872 conresuscitari.
2724 816 2814 872 Sic
2848 817 2904 871 in
2935 832 3112 873 carnc
3148 818 3350 875 vivens
3372 834 3485 875 non
3513 832 3741 876 secun-

2071 905 2204 961 dum
2239 919 2473 960 carnem
2506 904 2815 974 militabat,
2843 921 3182 977 praecavens
3209 911 3271 963 et
3302 908 3628 964 observans
3670 909 3741 963 ut

2071 1008 2258 1064 neque
2290 992 2609 1064 peccando,
2647 1006 2833 1063 neque
2867 994 3096 1065 positus
3137 995 3191 1050 in
3225 996 3558 1067 suspicione
3589 1009 3744 1067 pec-

2070 1083 2206 1153 cati,
2242 1081 2405 1137 ficret
2447 1080 2860 1137 offendiculum
2911 1083 3190 1140 fratribus
3238 1090 3339 1141 aut
3384 1083 3741 1142 scandalum

2073 1169 2187 1242 (fol.
2220 1168 2348 1238 ΩΤ).
2379 1168 2755 1224 Intellexerat
2777 1168 2929 1223 enim
2952 1185 3023 1225 ex
3048 1173 3371 1242 evangelio,
3398 1188 3567 1243 quam
3590 1185 3746 1243 gra-

2069 1259 2158 1313 vis
2191 1258 2266 1312 sit
2299 1272 2329 1312 a
2364 1256 2601 1313 Domino
2632 1256 3052 1313 scandalizanti
3107 1274 3282 1315 unum
3333 1274 3407 1315 ex
3460 1260 3740 1317 minimis

2068 1345 2393 1402 constituta
2419 1344 2858 1401 animadversio.
2886 1345 3024 1401 Erat
3046 1346 3102 1401 in
3123 1348 3301 1403 corde
3324 1348 3452 1419 ejus
3477 1349 3589 1405 fixa
3622 1347 3737 1403 illa

2066 1433 2290 1490 Domini
2308 1435 2595 1490 sententia
2615 1453 2625 1487 :
2648 1436 2834 1501 Quise
2846 1435 3534 1505 humiliat,ezaltabitur
3548 1440 3734 1505 (Luc.

2068 1538 2180 1591 xrv,
2219 1526 2331 1593 ll),
2367 1522 2517 1578 unde
2549 1527 2605 1578 et
2640 1523 2930 1578 humiliari
2966 1525 3242 1581 studebat
3276 1525 3332 1580 in
3364 1525 3560 1596 terris,
3588 1531 3662 1582 ut
3704 1541 3736 1581 a

2068 1612 2310 1691 Domino
2342 1610 2589 1667 exaltari
2626 1616 2950 1669 mereretur
2972 1613 3025 1667 in
3050 1613 3234 1670 caelis.
3264 1613 3371 1669 Sed
3394 1629 3499 1671 nec
3523 1614 3735 1686 potuit

2070 1700 2351 1756 abscondi
2387 1699 2623 1756 lucerna
2657 1700 3013 1757 delitescens
3049 1704 3156 1758 sub
3182 1702 3395 1773 modio,
3417 1718 3620 1759 verum
3649 1703 3734 1759 ad

2069 1788 2408 1858 cﬂ‘ugandas
2439 1803 2704 1845 errorum
2739 1790 3015 1847 tenebras
3044 1796 3219 1860 atque
3244 1790 3313 1846 ad
3338 1789 3734 1847 illuminatio-

2070 1891 2198 1933 nem
2233 1876 2545 1933 multorum
2578 1877 2849 1949 imposita
2882 1883 2974 1934 est
3003 1877 3376 1936 candelabro.
3401 1882 3537 1936 Cum
3559 1880 3728 1937 enim

2071 1965 2289 2037 placuit
2321 1967 2372 2021 ei
2407 1966 2502 2037 qui
2525 1967 2745 2023 electos
2770 1966 2839 2022 ad
2858 1968 3231 2023 eternitatem
3250 1974 3439 2038 vocat,
3466 1972 3728 2024 vocatos

2062 2055 2367 2126 justifieat,
2395 2056 2748 2126 justiﬁeatos
2780 2062 3133 2126 remunerat,
3171 2061 3234 2113 ut
3271 2057 3558 2114 exaltaret
3590 2071 3729 2113 ser-

2068 2160 2197 2200 vum
2225 2160 2394 2200 suum
2416 2145 2726 2201 habentem
2746 2145 3014 2201 fiduciam
3036 2145 3091 2200 in
3114 2161 3195 2216 se,
3216 2146 3525 2218 inspiravit
3540 2145 3723 2202 cordi

2068 2234 2222 2289 beati
2258 2234 2543 2290 antistitis
2565 2234 2704 2306 Lupi
2732 2238 2814 2304 ut,
2836 2234 2906 2290 ad
2927 2234 3199 2290 solatium
3224 2234 3443 2291 laboris
3464 2238 3522 2292 et
3544 2235 3725 2291 mini-

2067 2322 2230 2378 sterii
2259 2322 2370 2393 sui,
2407 2323 2474 2379 ad
2508 2323 2770 2379 ordinem
2802 2338 2931 2379 eum
2962 2328 3336 2393 promoveret
3367 2324 3717 2380 sacerdotii.

2066 2409 2300 2467 Electus
2323 2410 2521 2481 itaque
2543 2410 2831 2466 communi
2847 2416 2985 2467 voto
2999 2415 3056 2466 et
3071 2410 3241 2468 laude
3254 2410 3470 2468 cleriet
3484 2410 3715 2483 populi,

2064 2500 2401 2570 prosbiterii
2435 2500 2711 2555 honorem
2743 2500 2968 2570 accepit
2998 2505 3059 2555 et
3087 2500 3346 2556 moribus
3376 2500 3713 2556 adornavit.

2065 2587 2205 2642 Erat
2235 2602 2481 2658 namque
2513 2594 2722 2659 potens
2756 2588 2811 2644 in
2844 2589 3023 2644 verbo
3054 2594 3112 2643 et
3141 2587 3427 2658 doctrina,
3451 2593 3509 2643 et
3541 2592 3718 2659 pote-

2067 2680 2222 2731 state
2252 2676 2376 2747 ipsa
2406 2691 2538 2732 cum
2567 2677 2839 2748 apostolo
2874 2677 3153 2732 utebatur
3177 2677 3233 2732 in
3256 2676 3711 2746 edificationem,

2065 2778 2177 2820 non
2200 2765 2255 2819 in
2282 2765 2766 2834 destructionem,
2788 2769 2847 2822 ut
2868 2766 3284 2824 ediﬂcarentur
3304 2767 3557 2823 correcti
3582 2781 3725 2838 pec-

2065 2856 2299 2909 catores
2332 2854 2402 2909 ad
2434 2853 2860 2925 paenitentiam,
2885 2854 3099 2925 quibus
3126 2855 3239 2924 jam
3273 2855 3580 2912 videbatur
3613 2855 3725 2911 im-

2066 2942 2286 2999 minere
2316 2942 2643 2999 destructio
2679 2958 2781 3014 per
2808 2942 3058 3014 culpam.
3087 2943 3303 3000 Orabat
3328 2960 3432 3016 pro
3455 2945 3719 3016 peccatis

2066 3029 2290 3102 populi,
2318 3036 2397 3101 et,
2421 3046 2555 3087 cum
2589 3030 2808 3087 nullum
2837 3031 3099 3101 laederet,
3125 3032 3396 3089 omnibus
3427 3032 3719 3105 prodesse

2066 3120 2373 3190 cupiebat;
2390 3120 2921 3176 scienssacerdotis
2942 3120 3034 3176 vel
3058 3120 3307 3176 ministri
3331 3137 3459 3178 esse
3476 3121 3722 3193 prodes-

2066 3222 2126 3264 se
2150 3208 2196 3264 si
2223 3208 2345 3265 ﬁeri
2364 3209 2865 3280 potestomnibus,
2882 3210 3089 3266 obesse
3102 3209 3335 3266 nemini.
3354 3209 3718 3281 Implebatur

310 3267 702 3373 praecurreret
732 3301 824 3359 vel
851 3267 1173 3370 desereret,
1199 3267 1712 3372 ne‘praecurrendo
1726 3306 1951 3372 pertur-
1986 3267 2035 3329 α
2058 3311 2176 3365 iam
2202 3296 2257 3352 in
2281 3311 2351 3352 eo
2375 3296 2471 3352 illa
2496 3297 2748 3353 nominis
2770 3298 2860 3353 sui
2882 3297 3287 3368 ethimologia;
3311 3302 3369 3354 et
3394 3267 3545 3369 quod
3569 3313 3720 3370 prae-

311 3391 480 3449 baret
539 3406 663 3449 eam
694 3395 869 3464 atque
930 3390 1292 3460 excluderet,
1335 3394 1394 3445 et
1434 3390 1955 3447 deserendodesti-

306 3483 524 3538 tueret.
556 3480 625 3536 Et
659 3481 737 3536 ita
753 3479 1115 3552 singularum
1129 3478 1424 3535 actionum
1445 3479 1649 3536 modos
1680 3494 1945 3549 servans,

303 3568 567 3625 ordinem
584 3583 814 3640 quoque
830 3574 889 3625 et
902 3566 1290 3625 constantiam
1316 3568 1606 3625 dictorum
1631 3582 1873 3625 suorum
1888 3575 1947 3623 et

305 3670 547 3729 cperam
564 3656 1142 3726 moderationemque
1156 3655 1518 3727 custodiens,
1538 3656 1753 3713 decoro
1773 3656 1856 3711 illi
1874 3657 1951 3711 in-

310 3744 1041 3818 tendebatquodgenerale
1064 3758 1196 3800 esse
1237 3748 1294 3799 et
1329 3745 1580 3816 speciale
1631 3750 1952 3802 attestatur

307 3832 770 3890 moralisdoctor
802 3832 1216 3889 Ambrosiusin
1236 3832 1388 3889 libro
1409 3834 1480 3889 de
1497 3833 1729 3905 Ofﬁciis,
1758 3834 1836 3890 ita
1871 3834 1952 3890 in-

313 3921 538 3993 quiens:
556 3923 688 3978 «Est
703 3922 1001 3992 decorum,
1023 3922 1129 3991 ait,
1148 3921 1303 3991 quod
1318 3923 1655 3994 prmeminet
1673 3923 1863 3994 ;cujus
1877 3922 1954 3979 di-

318 4010 469 4068 visio
490 4009 722 4081 gemina
739 4015 847 4067 est.
886 4011 1022 4066 Nam
1039 4014 1127 4066 est
1161 4010 1435 4068 decorum
1457 4011 1625 4081 quasi
1653 4011 1950 4082 generale,

309 4098 466 4170 quod
479 4113 584 4171 per
597 4099 1049 4156 universitatem
1065 4100 1687 4171 funditurbonestatis,
1701 4104 1759 4156 et
1783 4101 1948 4171 quasi

308 4186 365 4244 in
379 4191 509 4245 toto
526 4192 833 4260 spectatur
847 4190 1223 4260 corpore.Est
1247 4188 1422 4245 etiam
1437 4188 1879 4261 Speciale,quod
1896 4189 1951 4245 in

310 4274 1018 4349 aliquacorporiseminet
1042 4289 1228 4349 parte.
1258 4276 1543 4334 Generale
1588 4283 1698 4349 est,
1722 4278 1771 4335 si
1823 4278 1954 4349 quis

306 4365 757 4424 universitatem
789 4366 1112 4423 honestatis
1144 4366 1201 4422 in
1225 4367 1378 4423 omni
1413 4371 1549 4424 actu
1583 4382 1689 4423 suo
1739 4367 1954 4423 habeat

304 4454 730 4526 concinentem,
786 4459 846 4511 ut
863 4455 973 4512 sibi
1006 4455 1324 4512 omnisvita
1345 4455 1472 4525 ejus
1499 4456 1954 4513 eonsentiatnec

304 4541 359 4599 in
395 4542 509 4601 ulla
544 4558 607 4600 re
638 4543 954 4616 discrepet.
990 4543 1253 4615 Speciale
1284 4559 1425 4601 vero
1461 4549 1575 4614 est,
1611 4545 1661 4600 si
1694 4544 1947 4616 aliquem

2064 3385 2397 3442 nuntiatum
2432 3391 2561 3442 erat
2589 3402 2660 3442 ex
2692 3387 2940 3457 nomine,
2968 3388 3215 3443 sonabat
3235 3386 3352 3457 jam
3377 3387 3433 3443 in
3456 3387 3713 3445 actione.

2065 3475 2284 3531 Civitas
2313 3475 2466 3531 enim
2498 3481 2627 3531 erat
2649 3476 2930 3547 temporis
2953 3476 3155 3547 utique
3176 3476 3507 3547 gravissimi
3531 3481 3590 3533 et
3615 3491 3719 3548 pe-

2063 3562 2499 3635 riculosissimi,
2516 3564 2571 3619 in
2588 3579 2702 3635 quo
2717 3564 3050 3636 prmliorum
3066 3565 3398 3621 fremitibus
3416 3568 3572 3622 totus
3588 3565 3714 3621 fere

2063 3652 2440 3724 quatiebatur
2455 3653 2637 3709 orbis.
2656 3655 2866 3709 Eratet
2882 3653 3167 3723 refugium
3184 3668 3523 3725 pauperum,
3548 3658 3715 3710 tutor

2063 3742 2477 3813 orphanorum,
2502 3741 2777 3798 defensor
2807 3742 3113 3799 viduarum
3142 3746 3199 3798 et
3220 3741 3591 3814 pupillorum,
3612 3756 3715 3815 op-

2064 3846 2405 3904 pressorum
2437 3830 2793 3902 consolator,
2821 3836 2877 3887 et
2902 3831 3155 3888 omnium
3186 3831 3258 3888 ad
3285 3845 3346 3887 se
3378 3830 3715 3901 confugien-

2064 3918 2207 3976 tium
2231 3919 2535 3990 piissimus
2559 3925 2872 3992 susceptor
2892 3924 2952 3976 et
2975 3919 3307 3977 auxiliator.
3332 3920 3376 3975 Ο
3396 3920 3609 3977 civitas
3627 3920 3713 3976 in-

2063 4007 2488 4080 expugnabilis,
2517 4009 2807 4080 protectio
2829 4008 3321 4080 incomparabilis,
3347 4008 3606 4066 defensio
3629 4010 3714 4065 in-

2063 4096 2382 4168 vincibilis,
2420 4099 2592 4153 sedes
2625 4098 2805 4155 divini
2840 4098 3298 4170 pr0pieiatorum
3329 4098 3621 4170 altissimi,
3646 4098 3707 4155 in

2064 4201 2176 4259 qua
2206 4190 2413 4256 regnat
2442 4188 2729 4259 sapientia
2759 4192 2819 4243 et
2847 4187 3037 4244 dictat
3068 4186 3227 4257 leges
3250 4187 3502 4258 justitia,
3535 4201 3707 4259 quam

2065 4275 2350 4333 fortitudo
2381 4276 2688 4348 inhabitat,
2727 4276 2877 4347 regit
2912 4276 3242 4348 prudentia,
3276 4276 3533 4349 disponit
3567 4281 3711 4333 tem-

2063 4365 2351 4437 perantia,
2384 4365 2441 4421 in
2492 4380 2602 4436 qua
2654 4364 2835 4437 fulget
2868 4365 2968 4421 Dei
3017 4365 3229 4436 imago,
3264 4380 3393 4436 quae
3426 4365 3709 4422 viciorum

2066 4453 2347 4524 imagines
2378 4453 2694 4511 obliterat!
2722 4454 2963 4526 Suscipe
2994 4458 3053 4511 et
3084 4469 3192 4511 nos
3223 4453 3575 4511 humillimas
3623 4453 3711 4510 di-

2066 4541 2318 4600 lectores
2348 4548 2482 4599 tuos
2511 4547 2571 4599 et
2601 4543 2659 4598 in
2690 4544 3026 4601 defensione
3060 4548 3156 4600 tua
3196 4546 3453 4616 protege.

307 4631 643 4690 actummin
667 4631 1944 4705 suishabetvirtutibus1‘7prmeminentem.»
1980 4626 2036 4690 D
2138 4634 2285 4699 Cum,
2318 4632 2498 4702 igitur
2549 4632 2729 4689 tantis
2781 4634 3062 4690 bonorum
3112 4648 3353 4704 operum
3402 4633 3707 4705 praeconiis

303 4720 405 4779 His
427 4722 609 4794 igitur
628 4722 916 4778 virtutum
948 4721 1213 4792 insigniis
1235 4722 1561 4779 ornabatur
1608 4721 1952 4780 adolescens

300 4810 664 4886 spectabilis.
690 4811 1049 4867 Provexerat
1074 4826 1306 4882 quoque
1329 4826 1459 4867 eum
1477 4826 1698 4869 morum
1725 4812 1956 4883 specio-

305 4902 538 4974 sitas,et
562 4899 973 4957 ecclesiastico
991 4900 1382 4973 mancipatum
1396 4900 1586 4957 oliicio
1605 4902 1952 4971 ordinisque

305 4989 483 5047 divini
514 4989 855 5062 ampliatum
870 4989 1197 5045 ministerio
1222 4989 1414 5048 divina
1441 4988 1761 5046 sublimare
1786 5004 1955 5062 para-

305 5075 406 5133 bat
427 5077 636 5148 pietas.
670 5077 808 5132 Cum
842 5076 1115 5147 verojam
1146 5091 1383 5134 emensa
1433 5076 1847 5135 adolescentia:
1869 5094 1955 5135 se-

307 5165 450 5222 mita
474 5166 532 5222 in
554 5167 735 5224 robur
765 5163 1112 5236 emigrasset
1133 5164 1326 5237 virile,
1360 5165 1461 5222 Dei
1484 5165 1638 5237 cepit
1691 5162 1805 5235 jam
1843 5168 1955 5224 fer-

305 5253 545 5313 ventior
575 5255 831 5313 servitus
862 5253 1232 5326 insudare,et
1276 5253 1473 5311 indies
1522 5254 1825 5311 robustior
1882 5255 1953 5313 de

305 5342 527 5401 virtute
551 5343 609 5400 in
641 5343 921 5401 virtutem
945 5344 1255 5416 proﬁcere,
1281 5349 1341 5399 et
1362 5358 1428 5400 ea
1460 5358 1589 5415 quae
1636 5348 1796 5401 retro
1817 5349 1951 5401 sunt

303 5433 677 5505 obliviscens,
708 5433 762 5489 in
793 5448 858 5490 ea
894 5448 1124 5506 quoque
1149 5448 1277 5505 quae
1310 5433 1363 5490 in
1387 5438 1555 5491 antea
1608 5441 1743 5491 sunt
1773 5450 1837 5493 se
1858 5451 1954 5494 su-

2066 4723 2275 4779 beatus
2307 4720 2617 4779 eﬂ‘erretur
2640 4721 3048 4794 Pulchronius,
3073 4722 3354 4794 ﬁeretque
3368 4721 3485 4793 jam
3506 4723 3561 4779 in
3581 4736 3707 4794 pro-

2068 4809 2268 4884 patulo
2300 4810 2571 4867 omnibus
2602 4812 2981 4869 sanctimonia
3012 4812 3158 4882 ejus,
3194 4811 3267 4869 ad
3308 4811 3704 4884 pontificatum

2066 4901 2378 4972 petebatur
2410 4900 2791 4957 Virdunensis
2813 4901 2998 4971 urbis,
3024 4916 3173 4972 quae,
3197 4905 3261 4957 ut
3284 4900 3557 4971 diximus,
3578 4905 3707 4957 tan-

2066 4988 2141 5045 tis
2168 4993 2297 5045 erat
2318 4989 2523 5045 attrita
2544 4988 2998 5060 calamitatibus,
3023 4996 3263 5060 gravata
3286 4988 3474 5061 malis,
3492 4994 3555 5046 ut
3576 5003 3706 5062 per-

2065 5078 2233 5150 pauci
2267 5078 2323 5133 in
2367 5092 2433 5134 ea
2485 5078 2890 5135 invenirentur
2937 5078 3034 5150 qui
3085 5078 3296 5137 divinis
3340 5079 3704 5137 deservirem

2064 5165 2343 5224 cultibus.
2403 5168 2619 5224 Causas
2672 5166 3025 5225 calamitatis
3080 5183 3255 5241 supra
3303 5167 3699 5241 exposuimus.

2063 5255 2277 5315 Verum
2310 5272 2440 5314 cum
2473 5256 2530 5313 id
2560 5258 2633 5314 ab
2656 5271 2727 5314 eo
2756 5257 3008 5331 optineri
3040 5272 3153 5316 non
3195 5262 3391 5330 posset
3439 5262 3505 5315 ut
3549 5258 3702 5314 votis

2065 5345 2388 5418 petentium
2403 5346 2570 5403 daret
2584 5361 2909 5419 assensum,
2927 5348 2998 5403 ad
3014 5346 3247 5407 beatum
3260 5348 3478 5419 Lupum
3491 5346 3702 5404 civium

2065 5435 2162 5507 qui
2182 5441 2353 5492 erant
2373 5436 2592 5494 residui
2615 5450 2752 5509 spes
2778 5441 2897 5493 tota
2920 5437 3308 5508 convertitur,
3332 5442 3393 5494 et
3414 5440 3478 5493 ut
3498 5436 3705 5493 subve-

1649 5561 1898 5633 ivamm
1938 5560 2336 5618 LECTIONES.

374 5655 443 5730 ³,,
471 5655 712 5735 Domini.
745 5669 894 5714 corr.
929 5657 1029 5735 D_ei
1061 5670 1106 5735 c_.
1142 5655 1207 5690 1"
1239 5656 1464 5735 alacres
1483 5657 1726 5735 illorum
1756 5660 1977 5716 animos
2015 5674 2165 5735 corr.
2200 5660 2273 5735 τρε
2314 5659 2381 5716 in
2428 5660 2612 5735 textu.
2652 5658 3231 5735 gmncantubernales
3287 5663 3699 5735 suprascripta

305 5726 442 5786 ribu
466 5742 514 5785 c.
542 5726 609 5763 ¹²⁶
639 5727 890 5798 aliquam
922 5728 1199 5784 virtutem
1231 5742 1381 5785 corr.
1413 5729 1671 5801 aliquem
1704 5735 1896 5788 actum
1932 5745 1980 5787 ο.
2015 5730 2082 5765 “7
2113 5730 2340 5787 actibus
2368 5743 2517 5787 corr.
2549 5730 2871 5788 virtutibus
2900 5746 2945 5788 c.
