3922 6414
104 436 202 503 73

1381 436 1880 505 CHRONICON.
1914 478 1989 489 —
2019 439 2173 505 LIB.
2207 440 2253 506 Ι.

3444 443 3521 507 ’74

103 578 245 635 niat
271 576 500 633 miserae
524 574 903 646 civitati,jam
925 573 1044 630 fere
1067 574 1494 647 desolatae,jam
1520 575 1769 632 destitu-
1799 581 1853 639 A
1885 576 2185 648 memoria,
2203 577 2438 648 vigebat
2471 582 2662 634 tamen
2694 578 2881 635 adhuc
2907 577 3166 636 Arrianae
3196 579 3526 651 iniquitatis

103 669 222 735 tae,
259 663 583 721 lacrimosis
613 661 1004 733 ingeminatur
1055 663 1377 732 questibus.
1416 664 1677 720 Accessit
1710 670 1770 719 et

101 752 449 810 vicinorum
483 752 852 809 sacerdotum
877 750 1229 822 supplicatio
1261 752 1678 823 suspirantium
1711 758 1769 808 et

96 842 239 912 jam
277 841 385 898 sibi
419 840 896 912 applaudentium
931 840 1002 896 de
1036 840 1214 896 futuri
1264 840 1504 911 collega:
1536 840 1766 897 solatio.

107 933 247 987 Nec
280 934 509 1003 poterat
543 930 631 984 vir
658 928 1062 985 sanctissimus
1084 929 1267 985 tantis
1289 930 1769 986 consacerdotum

110 1026 186 1077 et
226 1020 413 1092 plebis
435 1020 660 1075 devotae
684 1017 857 1073 reniti
882 1017 1291 1088 peticionibus,
1315 1033 1444 1074 cum
1468 1019 1643 1075 sciret
1671 1021 1774 1073 Do-

113 1109 406 1166 minicum
439 1122 567 1164 esse
589 1093 926 1178 preceptum
955 1125 967 1159 :
993 1107 1228 1178 Diliges
1244 1109 1585 1178 proximum
1610 1108 1777 1163 tuam

105 1199 292 1257 sicut
320 1196 858 1269 teipsam(1.uc.x,
894 1197 1007 1266 27),
1041 1199 1098 1250 et
1133 1196 1285 1265 quod
1310 1196 1550 1266 jubetur
1590 1195 1776 1250 fidelis

116 1288 326 1345 anima
360 1301 472 1342 non
510 1301 613 1342 sua
664 1299 951 1356 quaerere,
1005 1284 1102 1340 sed
1154 1284 1326 1340 .Ihesu
1379 1284 1589 1339 Christi
1640 1287 1775 1340 sunt

119 1376 261 1450 (fol.
304 1377 419 1447 98.)
467 1373 658 1430 Cessit
717 1374 934 1443 itaque,
986 1378 1042 1428 et
1094 1373 1368 1428 devotum
1429 1372 1776 1444 discipulum

116 1466 370 1524 devotis
397 1464 626 1520 civibus
651 1462 976 1532 assignavit
1008 1468 1299 1533 pastorem
1329 1466 1386 1517 et
1415 1462 1776 1533 episcopum.

108 1557 295 1613 Diem
337 1553 491 1609 illam
544 1556 876 1609 sanctorum
908 1550 1250 1620 gaudiorum
1300 1551 1645 1606 celebritate
1694 1565 1783 1605 so-

117 1647 450 1718 lempnem,
487 1643 709 1715 piorum
743 1641 1066 1697 animorum
1117 1639 1420 1696 alacritate
1447 1639 1779 1710 jucundam,

115 1734 295 1797 beati
328 1732 440 1789 viri
473 1732 759 1788 electione
782 1735 839 1785 et
867 1727 1231 1800 promotione
1253 1726 1470 1784 celebri
1500 1726 1789 1783 beatifica-

115 1839 282 1899 tam,
318 1821 706 1880 Virdunensis
736 1818 1063 1889 amplexata
1096 1821 1190 1873 est
1218 1817 1485 1887 ecclesia,
1512 1822 1568 1871 et
1606 1831 1787 1887 usque

1888 666 2281 722 seminarium.
2313 667 2511 722 Flebat
2533 666 2620 722 vir
2645 667 3023 724 beatissimus
3046 674 3279 740 peccata
3304 668 3522 740 populi.

1889 754 2244 827 praedicabat
2277 755 2660 823 curationem,
2688 756 2971 812 suadebat
3008 756 3343 829 penitentiae
3374 771 3529 813 com-

1890 843 2285 916 punctionem,
2312 847 2372 900 ut
2406 844 2789 915 respicientes
2811 850 3296 902 converterentur
3318 844 3389 901 ad
3423 845 3531 901 Do-

1889 932 2125 1001 minum,
2160 947 2330 1004 quam
2367 933 2551 990 bonus
2581 937 2694 1003 est,
2725 938 2784 989 et
2818 934 2871 989 in
2903 933 3165 991 seculum
3199 934 3531 992 misericor-

1888 1020 1981 1075 dia
2013 1020 2158 1091 ejus.
2189 1022 2447 1077 Docebat
2474 1036 2604 1078 cum
2646 1023 2915 1094 apostolo
2965 1022 3413 1079 fornicacionem
3449 1022 3530 1079 fu-

1887 1124 2045 1178 gere.
2065 1110 2337 1180 quoniam
2352 1110 2446 1180 qui
2464 1110 2788 1167 fornicatur
2807 1111 2862 1166 in
2885 1126 3101 1184 corpus
3116 1127 3283 1168 suum
3302 1117 3526 1182 peccat,

1889 1202 1947 1253 et
1971 1198 2103 1268 quia
2129 1199 2451 1270 incorpore
2484 1200 2721 1255 subdito
2757 1200 3016 1271 peccatis
3047 1214 3155 1256 non
3189 1200 3412 1256 habitat
3444 1214 3533 1256 sa-

1893 1286 2129 1358 pientia.
2158 1288 2274 1343 Nec
2303 1291 2539 1358 poterat
2572 1288 2758 1345 inanis
2788 1303 2921 1345 esse
2945 1293 3004 1344 et
3025 1289 3148 1345 sine
3170 1289 3361 1345 fructu
3386 1288 3532 1344 tanti

1895 1374 2282 1446 predicatoris
2303 1378 2574 1447 assertio,
2597 1378 2733 1448 quin
2760 1377 2933 1432 immo
2956 1378 3140 1434 sensit
3168 1379 3306 1434 urbs
3331 1376 3537 1433 Virdu-

1895 1464 2044 1534 nica,
2070 1469 2129 1519 et
2153 1479 2339 1535 usque
2382 1465 2437 1521 in
2470 1466 2814 1521 hodiernum
2849 1466 2997 1522 diem
3033 1465 3317 1537 agnoscit,
3361 1479 3538 1536 quan-

1895 1556 2017 1608 tum
2052 1552 2159 1608 sibi
2196 1552 2507 1625 prestitum
2561 1554 2735 1611 fuerit
2783 1555 2837 1610 in
2890 1555 2992 1611 tali
3047 1554 3343 1627 pontifice,
3373 1553 3541 1625 cujus

1899 1641 2017 1697 vita
2051 1640 2249 1712 p0puli
2281 1647 2409 1697 erat
2442 1642 2885 1714 firmamentum,
2919 1642 3085 1713 cujus
3117 1643 3383 1700 doctrina
3427 1656 3540 1698 me-

1900 1729 2290 1786 dicamentim
2353 1734 2479 1787 erat
2546 1731 2888 1803 animarum,
2932 1732 3229 1805 correptio
3293 1746 3538 1803 morum,

1900 1818 2231 1874 eradicacio
2273 1819 2579 1877 viciorum.

118 1923 184 1977 in
211 1916 562 1976 hodiernum
586 1910 736 1965 diem
762 1908 996 2005 assidua
1021 1906 1134 1961 diei
1170 1905 1329 1961 illius
1362 1906 1542 2005 sentit
1578 1906 1790 1962 benefi—
1818 1945 1873 2005 B
1975 1907 2097 2005 (fol.
2131 1907 2264 2005 ξδ’.)
2294 1910 2452 1965 Inter
2484 1911 2607 1966 haec
2639 1910 2836 1981 itaque
2870 1911 2961 1983 pia
3008 1910 3184 1967 divini
3230 1908 3542 1966 famulatus

120 2010 252 2067 cia.
281 2004 502 2062 Gaudet
526 1999 715 2057 celum
737 2003 793 2053 et
820 1996 1044 2052 exultat
1081 2002 1258 2065 terra,
1288 1995 1420 2065 quia
1446 1995 1501 2050 in
1526 1996 1635 2051 hoc
1658 2010 1792 2051 con-

118 2096 329 2158 currit
364 2092 574 2149 divinae
608 2085 1060 2159 dispensationis
1108 2098 1275 2139 omne
1332 2085 1694 2155 mysterium,
1729 2089 1793 2141 ut

126 2187 245 2259 qui
279 2185 566 2240 hactenus
596 2179 827 2234 fuerant
857 2189 991 2231 vasa
1024 2174 1354 2244 iniquitatis
1370 2173 1440 2229 ad
1467 2172 1789 2244 interitum,

126 2272 416 2333 conversi
449 2269 522 2326 ad
552 2265 930 2339 penitentiam
968 2278 1072 2335 per
1104 2264 1335 2319 beatum
1366 2262 1553 2318 virum
1589 2262 1794 2318 fierent

128 2377 286 2421 vasa
316 2358 563 2432 justitize
595 2358 648 2411 in
679 2353 1217 2411 sanctificationem.
1246 2352 1636 2407 Consecratus
1656 2366 1796 2421 ergo

131 2455 198 2509 in
270 2448 604 2523 pontificem
662 2444 804 2499 mira
861 2441 1115 2498 omnium
1196 2440 1509 2496 devotione
1567 2444 1623 2495 et
1670 2455 1800 2510 gra-

128 2543 248 2609 tia,
315 2537 543 2595 studuit
606 2532 845 2607 pietatis
903 2546 1117 2601 augere
1175 2545 1374 2601 opera,
1427 2529 1524 2599 qui
1570 2528 1800 2600 pontifi-

130 2629 262 2687 cali
299 2632 509 2684 auctus
541 2628 666 2679 erat
703 2621 902 2677 infula.
939 2618 1206 2690 Suscepit
1234 2633 1436 2674 nomen
1455 2623 1514 2673 et
1538 2618 1797 2674 habitum

135 2716 502 2782 sacerdotis,
531 2712 806 2769 studebat
839 2713 895 2765 et
929 2710 1026 2764 Dei
1063 2708 1269 2764 summi
1292 2723 1419 2763 esse
1444 2709 1722 2763 sacerdos
1741 2713 1797 2763 et

136 2804 535 2868 sacrificium.
556 2801 835 2857 Exibebat
852 2798 1002 2854 enim
1019 2812 1083 2853 se
1106 2797 1295 2868 ipsum
1319 2796 1569 2853 hostiam
1590 2797 1799 2866 vivam,

138 2899 444 2963 sanctam,
482 2891 804 2963 placentem
840 2889 975 2957 Deo,
1012 2885 1313 2942 immolans
1359 2885 1412 2941 ei
1454 2885 1802 2942 sacrificium

140 2983 351 3041 laudis
401 2984 461 3036 et
500 2977 771 3049 spiritum
803 2972 1281 3044 contribulatum,
1317 2974 1467 3043 quod
1501 2972 1683 3029 solum
1717 2988 1807 3029 sa-

140 3071 465 3140 crificium,
480 3068 696 3124 ceteris
709 3064 1237 3132 omnibusabjectis
1252 3066 1308 3118 et
1325 3062 1640 3133 despectis,
1658 3064 1808 3119 Deus

147 3160 410 3233 expetit.
438 3158 723 3215 Studebat
745 3155 918 3211 etiam
944 3148 1246 3225 profectus
1267 3152 1355 3208 sui
1378 3151 1643 3223 exemplo
1669 3151 1809 3206 invi-

149 3256 292 3308 tare
307 3256 362 3305 et
384 3247 605 3304 illicere
627 3250 858 3303 ceteros
874 3244 944 3299 ad
970 3244 1245 3298 virtutem
1268 3241 1561 3313 praecipue
1586 3256 1688 3312 per
1713 3242 1812 3297 hu-

153 3338 437 3396 militatis
465 3352 494 3393 a
528 3338 643 3391 Deo
675 3334 842 3391 nobis
874 3332 1149 3388 traditam
1176 3332 1433 3386 formam.
1461 3335 1812 3387 Assuevcrat
1845 3313 1894 3376 Ο

158 3442 405 3500 quoque
436 3426 604 3495 longa
638 3428 695 3480 et
729 3422 963 3478 assidua
999 3421 1376 3476 meditatione
1407 3435 1637 3476 sursum
1668 3435 1815 3475 sem-

159 3529 273 3589 per
311 3513 603 3584 respicere
636 3515 692 3566 et
725 3508 917 3566 carnis
941 3507 1238 3563 materiam
1261 3505 1609 3577 deprimere,
1638 3506 1816 3560 frenis

158 3602 526 3661 arctioribus
542 3598 870 3656 sublevare.
892 3596 1123 3652 Sciebat
1138 3595 1389 3666 speciale
1412 3609 1542 3650 esse
1565 3594 1815 3650 oﬂleium

159 3690 498 3750 sacerdotis
539 3689 917 3745 mediatorem
966 3685 1163 3757 populi
1216 3684 1361 3740 effici
1412 3684 1564 3755 apud
1614 3685 1813 3754 Deum,

162 3784 305 3840 ideo
338 3785 398 3837 et
431 3795 682 3852 praeesse
715 3780 1092 3833 recusaverat
1124 3775 1241 3831 illis
1276 3775 1487 3846 quibus
1517 3788 1578 3829 se
1612 3788 1819 3846 purga-

163 3872 385 3929 tiorem
419 3884 552 3926 esse
587 3868 739 3925 scire
763 3867 1081 3922 metuebat.
1109 3867 1285 3921 Versa
1311 3869 1502 3919 autem
1528 3866 1816 3919 erattunc

163 3961 224 4017 in
259 3958 711 4016 amaritudinem
755 3956 892 4012 vitis
942 3955 1229 4024 quondam
1286 3953 1415 4008 laeta
1454 3952 1815 4024 palmitibus,

164 4050 311 4107 vitis
338 4053 465 4105 tota
499 4047 821 4115 fructifera,
851 4050 905 4100 et
943 4044 1205 4099 diadema
1240 4042 1469 4098 decoris
1512 4046 1569 4097 et
1604 4056 1817 4097 corona

162 4136 549 4210 gloriationis
600 4135 655 4191 in
701 4133 1100 4190 confusionem
1150 4136 1210 4187 et
1258 4130 1650 4200 ignominiam,
1685 4131 1819 4201 quia

167 4228 421 4285 Arriana
459 4227 580 4281 fece
612 4230 774 4281 totus
818 4223 932 4293 jam
988 4237 1132 4294 pene
1184 4221 1457 4277 sordebat
1509 4220 1817 4291 Occidens,

168 4333 302 4390 quae
324 4315 395 4349 ¹¹⁸
419 4316 769 4385 ubicumque
795 4312 1057 4369 incubuit
1086 4310 1234 4366 foeda
1257 4325 1487 4385 semper
1516 4309 1822 4366 criminum

170 4405 428 4479 vestigia
462 4404 683 4460 habuit.
719 4404 789 4459 Et
820 4400 961 4458 licet
993 4400 1173 4457 Gallia
1208 4398 1436 4471 Belgica
1471 4398 1641 4455 ﬁdem
1665 4398 1823 4455 Petri

173 4492 672 4567 semperimitata,
692 4491 965 4563 profanas
989 4504 1196 4546 vocum
1213 4490 1503 4544 novitates
1515 4492 1571 4544 et
1592 4486 1827 4544 scisma-

174 4588 301 4640 tum
333 4596 569 4639 errores
596 4580 874 4650 orruerit,
909 4578 1075 4635 viciis
1108 4583 1320 4649 tamen,
1353 4592 1480 4649 quae
1532 4577 1728 4648 quiete
1767 4579 1825 4631 et

1904 1996 2182 2052 exercitia
2213 1998 2370 2068 cepit
2404 2012 2635 2054 servum
2669 2013 2837 2055 suum
2886 2000 3039 2055 Deus
3090 1999 3302 2055 mundo
3346 1998 3545 2055 multis

1907 2084 2280 2141 manifestare
2312 2086 2630 2156 miraculis,
2660 2092 2721 2143 ut
2744 2093 3164 2158 agnosceretur
3186 2089 3258 2143 ab
3275 2088 3546 2144 omnibus

1906 2174 2060 2245 quod
2092 2178 2257 2243 grata
2291 2180 2454 2231 esset
2486 2176 2815 2248 spiritubus
2867 2176 3148 2247 angelicis
3178 2177 3548 2233 conversatio

1906 2264 2049 2333 ejus.
2077 2265 2259 2320 Cascis
2280 2279 2526 2335 namque
2556 2266 2763 2336 visum,
2788 2265 3016 2323 claudis
3044 2281 3327 2336 gressum,
3354 2264 3550 2322 surdis

1910 2353 2225 2422 praestabat
2249 2353 2529 2423 auditum,
2556 2358 2616 2410 et
2640 2354 2829 2410 omnia
2856 2369 3167 2426 corporum
3188 2353 3551 2410 incommoda

1908 2440 2070 2495 verbi
2125 2441 2347 2497 virtute
2399 2442 2656 2511 fugabat.
2700 2443 2873 2513 (Vita
2922 2444 3092 2514 Lupi,
3131 2459 3183 2514 p.
3234 2448 3319 2499 70.
3371 2444 3555 2514 Super

1911 2529 2206 2585 daemones
2239 2545 2467 2601 quoque
2528 2536 2747 2586 tantam
2798 2536 3199 2602 consequutus
3230 2536 3356 2587 erat
3389 2544 3417 2586 a
3454 2532 3557 2587 Do-

1913 2617 2067 2673 mino
2102 2622 2473 2689 potestatem,
2507 2624 2587 2689 et,
2620 2624 2683 2675 ut
2712 2620 2932 2690 legitur
2962 2620 3017 2675 in
3052 2620 3179 2675 Vita
3233 2619 3554 2675 beatissimi

1917 2705 2076 2776 Lupi,
2098 2710 2259 2761 tanta
2285 2707 2339 2761 in
2361 2721 2430 2763 eo
2451 2708 2683 2777 vigebat
2706 2708 2897 2778 gratia
2917 2708 3309 2778 curationum,
3346 2711 3408 2764 ut
3433 2707 3557 2765 solo

1910 2793 2076 2864 jussu
2100 2794 2391 2851 daemones
2409 2797 2481 2852 ab
2496 2798 2760 2853 obsessis
2776 2798 3003 2867 fugaret
3020 2797 3391 2869 corporibus,
3408 2800 3466 2852 et
3486 2796 3558 2853 ad

1918 2883 2164 2954 primum
2213 2885 2374 2939 vocis
2417 2884 2545 2954 ejus
2592 2884 2898 2957 imperium
2950 2886 3137 2942 omnis
3170 2899 3370 2941 eorum
3403 2890 3562 2941 tene-

1921 2972 2089 3027 brosa
2117 2976 2380 3043 potestas
2402 2980 2803 3045 evanesceret,
2827 2979 2884 3030 et
2911 2976 3075 3045 vigor
3096 2974 3367 3030 omnibus
3391 2988 3563 3031 mem-

1923 3060 2044 3116 bris
2068 3061 2480 3118 refunderetur
2514 3065 2787 3121 Testatur
2801 3064 2907 3120 hoc
2921 3062 3146 3120 etalius
3162 3063 3395 3133 quidam
3422 3077 3566 3135 prae-

1924 3150 2026 3205 fati
2052 3151 2203 3206 beati
2229 3152 2366 3224 Lupi
2398 3152 2618 3225 scripto
2642 3153 2895 3210 virtutes
2921 3153 3214 3225 replicans
3238 3157 3294 3208 et
3317 3152 3568 3225 discipu-

1924 3238 2111 3296 lorum
2144 3239 2272 3310 ejus
2306 3242 2638 3297 memoriam
2691 3243 2932 3313 faciens,
2968 3243 3066 3314 qui
3118 3243 3289 3313 hujus
3335 3256 3568 3313 quoque

1927 3328 2081 3383 beati
2117 3330 2303 3400 patris
2336 3331 2523 3386 nostri
2558 3331 2815 3387 meminit
2865 3332 2919 3386 in
2968 3333 3089 3387 haec
3138 3331 3315 3387 verba
3349 3350 3363 3385 :
3400 3330 3571 3400 (Vita

1927 3421 2099 3491 Lupi,
2120 3424 2305 3492 p.81.)
2342 3443 2368 3470 α
2400 3422 2633 3489 Horum,
2662 3421 3038 3492 inquit,unus
3069 3421 3177 3477 fuit
3200 3425 3442 3476 sanctus
3467 3421 3571 3476 Po-

1928 3507 2287 3580 lochronius,
2314 3510 2478 3567 urbis
2511 3511 2814 3567 Clavorum
2840 3511 3173 3583 epiSCOpus,
3199 3510 3368 3581 cujus
3393 3508 3571 3565 vitam

1930 3600 2244 3654 sanctitate
2276 3600 2525 3671 plenam,
2558 3615 2795 3657 munere
2824 3601 3108 3657 virtutum
3142 3600 3446 3670 insignem,
3473 3598 3574 3654 mi-

1930 3688 2265 3744 raculorum
2320 3690 2572 3760 patratio
2624 3689 2905 3762 ostendit,
2942 3690 3155 3761 quibus
3195 3688 3408 3746 claruit
3441 3686 3573 3760 plus

1930 3792 2100 3848 quam
2133 3778 2417 3834 credibile
2449 3779 2594 3835 sit.»
2626 3780 2762 3836 Nam
2798 3779 3047 3850 miseris,
3073 3793 3220 3851 quos
3251 3778 3376 3834 dira
3404 3791 3576 3833 vexa-

1932 3867 2030 3922 bat
2065 3866 2329 3923 condicio
2363 3868 2603 3939 furoris,
2628 3875 2693 3925 ut
2722 3870 3196 3939 astringerentur
3230 3866 3437 3923 ferreis
3478 3867 3577 3923 ho—

1933 3956 2147 4012 minum
2169 3956 2412 4027 catenis,
2435 3959 2709 4028 precibus
2740 3959 2861 4016 suis
2893 3958 3246 4031 impetrabat
3274 3971 3304 4011 a
3334 3956 3576 4013 Domino

1933 4046 2334 4102 remissionem
2371 4047 2604 4117 furoris,
2633 4052 2697 4104 ut
2720 4046 2848 4105 solo
2868 4049 2996 4119 ejus
3011 4047 3178 4118 jussu
3201 4052 3260 4103 et
3283 4044 3578 4102 daemones

1933 4135 2294 4207 pellerentur
2318 4152 2449 4193 cum
2482 4138 2661 4192 armis
2694 4137 2817 4193 suis
2848 4137 3183 4206 virulentis,
3204 4140 3261 4192 et
3285 4134 3578 4193 larvarum

1934 4223 2337 4295 lemurumque
2368 4229 2639 4281 carerent
2670 4225 2951 4282 fantasiis.
2988 4226 3103 4282 Nec
3137 4224 3327 4281 solum
3361 4224 3417 4279 in
3449 4223 3581 4280 tali-

1936 4313 2064 4384 bus,
2092 4313 2195 4368 sed
2227 4317 2287 4368 et
2319 4312 2373 4368 in
2407 4312 2658 4370 diversis
2690 4314 2854 4370 fulsit
2880 4314 3083 4370 borum
3111 4312 3421 4383 similibus,
3450 4326 3581 4385 qua)

1937 4399 2175 4457 libellus
2207 4401 2277 4458 de
2306 4401 2424 4457 vita
2456 4402 2584 4473 ejus
2617 4403 2878 4475 scriptus
2895 4401 3125 4475 plenius
3145 4400 3402 4457 elucidat
3429 4400 3580 4457 scire

1937 4491 2291 4549 volentibus.
2320 4492 2451 4547 Haec
2476 4490 2542 4524 ¹²⁹
2558 4495 2691 4547 sunt
2717 4491 3055 4548 sanctitatis
3088 4491 3242 4547 beati
3277 4489 3385 4547 viri
3422 4490 3583 4546 testi-

1943 4581 2154 4651 monia,
2177 4594 2303 4652 quae
2326 4581 2540 4651 ubique
2562 4585 2620 4636 et
2642 4586 2782 4638 tunc
2815 4581 2867 4636 in
2898 4580 3017 4637 vita
3049 4594 3154 4637 sua
3184 4584 3245 4635 et
3276 4593 3429 4636 nunc
3451 4584 3584 4651 post

178 4672 310 4729 ocio
343 4671 603 4742 aluntur,
629 4676 767 4728 tunc
799 4668 1035 4725 nimium
1071 4668 1245 4725 fraena
1271 4666 1587 4724 laxaverat.
1614 4665 1828 4721 Redar-
1857 4676 1913 4738 ι)
1942 4671 2164 4727 obitum
2194 4670 2321 4741 ejus
2346 4669 2629 4742 celebrat,
2656 4674 2969 4727 veneratur
3000 4674 3060 4726 et
3082 4668 3362 4742 priedicat
3383 4672 3584 4726 sancta

180 4762 398 4831 guebat
415 4775 553 4817 vero
565 4764 832 4816 errantes
846 4761 977 4831 pius
1003 4763 1202 4831 pastor
1226 4757 1465 4813 lenitate
1486 4761 1543 4812 et
1570 4767 1829 4811 mansue-

182 4850 390 4907 tudine
419 4850 625 4922 patris,
661 4849 979 4906 severitate
1011 4852 1067 4903 et
1110 4845 1463 4904 auctoritate
1512 4844 1826 4918 pontificis,

188 4940 383 4997 sciens
398 4938 519 4995 Heli
539 4954 642 5012 pro
657 4939 908 4995 filiorum
932 4935 1241 5009 iniquitate
1265 4937 1659 5008 dampnatum,
1677 4932 1831 5005 quod

190 5029 383 5087 minus
397 5043 600 5087 severa
625 5028 1125 5085 animadversione
1149 5026 1559 5099 delinquentes
1581 5040 1684 5083 eos
1707 5038 1834 5080 cor-

195 5118 477 5192 ripuerat.
495 5117 977 5186 Querebatetiam
992 5133 1122 5175 cum
1137 5116 1416 5173 Iheremia
1432 5116 1530 5186 (rx,
1550 5118 1602 5188 1)
1626 5129 1831 5185 aquam

194 5208 371 5281 capiti
406 5224 514 5266 suo
545 5214 606 5265 et
634 5208 823 5266 oculis
854 5208 980 5265 suis
1013 5208 1229 5264 fontem
1255 5206 1643 5276 lacrimarum,
1668 5209 1731 5260 ut
1753 5202 1836 5259 di-

201 5311 308 5368 gne
341 5303 536 5371 posset
568 5298 783 5355 deﬂere
804 5298 1088 5355 maliciam
1106 5312 1308 5354 eorum
1332 5296 1429 5369 qui
1455 5297 1836 5369 peccaverant

198 5391 258 5442 et
287 5403 397 5445 non
428 5394 671 5460 egerant
701 5388 1081 5460 penitentiam
1112 5388 1185 5443 ab
1218 5385 1608 5443 immundiciis
1638 5388 1696 5440 et
1739 5383 1839 5439 ini-

204 5476 547 5547 quitatibus.
567 5480 627 5534 In
653 5479 798 5552 ipsis
819 5480 972 5535 enim
997 5476 1264 5549 reliquiis
1281 5474 1644 5549 captivitatis
1667 5480 1725 5532 et
1744 5473 1839 5531 de-

210 5568 914 5627 structionisWandalicae
936 5583 1067 5627 cum
1087 5571 1249 5625 esset
1270 5566 1459 5624 adhuc
1482 5580 1689 5623 recens
1710 5565 1839 5637 ejus

1943 4761 2042 4817 Dei
2076 4759 2349 4816 ecclesia.
2404 4760 2447 4815 Ο
2497 4759 2685 4816 virum
2734 4759 2888 4815 omni
2939 4758 3110 4817 laude
3156 4757 3582 4830 dignissimum,

1945 4850 2097 4907 omni
2118 4849 2414 4906 devotioni
2430 4868 2447 4904 ς
2466 4863 2663 4906 amore
2684 4847 2991 4906 colendum
3018 4850 3031 4904 l
3058 4849 3102 4905 Ο
3126 4849 3381 4920 Spiritus
3396 4847 3585 4904 sancti

1946 4938 2227 5012 templum
2246 4936 2502 5009 dignum,
2523 4936 2760 5008 jejuniis
2784 4938 3066 5009 sobrium,
3093 4936 3309 5008 vigiliis
3326 4940 3583 5008 cautum,

1943 5028 2307 5086 orationibus
2330 5025 2687 5097 mundatum,
2710 5027 2987 5085 castitate
3007 5026 3476 5085 cluentissimum
3502 5027 3515 5081 !
3544 5026 3589 5083 Ο

1945 5118 2244 5175 civitatem
2276 5117 2554 5174 munitam
2586 5117 2869 5174 adversus
2903 5116 3148 5173 insidias
3189 5114 3426 5184 diaboli,
3460 5128 3591 5171 san-

1946 5209 2239 5266 ctuarium
2270 5208 2393 5277 Dei,
2416 5206 2897 5279 prOpiciatorium
2915 5206 3179 5264 cmlestis
3199 5204 3445 5276 oraculi,
3471 5217 3595 5264 tur-

1949 5299 2058 5354 rim
2089 5298 2269 5354 David
2301 5312 2429 5369 quae
2452 5296 2722 5353 editicata
2754 5300 2842 5355 est
2875 5311 3006 5353 cum
3031 5294 3507 5369 propugnaculis,
3535 5294 3593 5354 in

1951 5402 2062 5460 qua
2095 5387 2251 5443 milia
2283 5386 2621 5459 clypeorum
2680 5385 3012 5457 dependent
3058 5387 3248 5442 omnis
3297 5389 3595 5443 armatura

1952 5476 2187 5535 fortium
2213 5478 2226 5531 ε
2251 5476 2373 5533 Non
2394 5478 2530 5532 sunt
2554 5475 2610 5531 in
2633 5488 2699 5531 ea
2720 5474 2848 5531 loca
2869 5474 3189 5546 humentia,
3216 5473 3371 5532 nulla
3395 5472 3476 5530 ibi
3502 5487 3597 5530 ca-

1954 5567 2088 5624 lami
2121 5567 2346 5638 umbra,
2374 5564 2430 5623 in
2452 5579 2563 5638 qua
2596 5564 2846 5622 accubet
2876 5563 3153 5622 draconis
3184 5562 3471 5622 mollicies
3501 5576 3600 5621 ve-

1565 5663 1802 5723 VARUE
1842 5666 2242 5726 LECTIONES.

278 5753 346 5793 ¹²⁸
372 5758 511 5828 Quae
530 5789 600 5803 --
626 5756 929 5818 laxaverat
950 5759 1021 5819 in
1045 5772 1240 5835 marg.
1274 5755 1343 5795 ¹¹⁹
1366 5757 1502 5818 Haec
1522 5788 1592 5801 -—
1613 5754 1867 5817 ecclesia
1891 5757 1961 5820 in
1984 5769 2181 5834 my.

512 5860 776 5930 Pamon.
809 5860 1025 5924 CLIV.
