3922 6436
355 383 434 455 75
1312 388 1673 485 HOGONIS
1717 380 2072 455 ABBATIS
2110 384 2792 458 FLAVINIACENSIS

3690 396 3771 460 76

359 536 616 588 ternosa.
654 528 698 584 ÎŸ
730 525 1090 598 virginitatis
1121 525 1506 599 domicilium,
1546 525 1784 599 pietatis
1814 535 2006 582 sacra-
2036 528 2091 585 A
2122 535 2225 579 sus
2247 522 2374 594 ejus
2395 526 2592 595 gravis
2614 532 2762 599 erat,
2780 534 2975 588 motus
2993 548 3174 603 purus
3196 537 3253 590 et
3278 532 3543 607 simplex,
3563 540 3770 605 gestus

362 616 730 677 riumtTalis
788 616 1057 683 nimirum
1119 617 1387 673 minister
1446 618 1694 673 decebat
1745 618 2005 672 sanctam

360 709 578 765 Domini
616 711 879 775 matrem,
918 704 1051 761 talis
1085 705 1347 778 pontifex
1377 711 1637 762 sanctam
1671 704 1798 774 ejus
1829 704 2002 771 digne

358 798 680 854 adornabat
709 795 1057 865 aacclesiam,
1086 796 1326 864 regebat
1362 795 1657 863 familiam,
1684 799 1743 849 et
1776 794 1831 848 in
1865 798 2006 847 tem-

359 901 499 958 pore
520 883 1114 952 erogabatconservis
1139 883 1416 939 Dominici
1442 883 1623 938 tritici
1650 895 2000 937 mensuram.

357 975 534 1041 Quem
570 973 778 1028 merito
802 971 1191 1028 Virdunensis
1212 972 1478 1027 ecclesia:
1505 973 1755 1027 fatemur
1778 973 2008 1041 aposto-

356 1062 495 1133 lum,
520 1063 605 1118 sic
631 1066 821 1117 tamen
849 1061 1034 1132 primo
1061 1061 1280 1132 pastori
1308 1067 1509 1116 nostro
1534 1061 1704 1115 beato
1730 1059 2007 1114 Sanctino

355 1150 801 1224 praerogativam
826 1150 1061 1205 honoris
1085 1149 1263 1205 debiti
1291 1165 1399 1204 non
1418 1149 1761 1205 minuamus.
1784 1150 2006 1217 Agrum

354 1254 599 1310 namque
624 1239 981 1295 Dominicum
1008 1243 1252 1294 sanctus
1282 1237 1592 1293 Sanctinus
1624 1236 1795 1305 digne
1835 1251 2007 1291 exco-

355 1328 484 1398 luit,
502 1327 662 1384 nullo
677 1327 865 1383 adhuc
882 1327 1112 1396 maligni
1139 1326 1389 1383 cultoris
1410 1333 1607 1382 aratro
1629 1324 2004 1394 maculatum,

352 1433 458 1473 nec
481 1416 877 1488 praeventione
894 1416 1129 1486 pessimi
1150 1415 1390 1470 seminis
1404 1419 1840 1486 occupatum,et
1854 1413 2005 1469 viam

353 1506 692 1563 inusitatam
724 1509 783 1560 et
815 1504 1019 1561 rudem
1050 1504 1347 1574 nullisque
1380 1508 1549 1559 antea
1585 1503 1855 1572 vestigiis
1878 1517 2009 1573 pro-

350 1595 647 1652 culcatam
679 1593 1029 1650 assiduitate
1064 1592 1428 1649 commeandi
1482 1592 1618 1647 fecit
1651 1596 1734 1647 att
1750 1593 1916 1647 ritam
1950 1596 2010 1646 et

353 1685 688 1755 levigatam.
724 1686 933 1739 Verum
967 1698 1095 1738 cum
1154 1687 1353 1753 postea
1403 1697 1603 1751 agrum
1652 1681 1835 1752 ipsum
1884 1686 2006 1737 tum

350 1772 781 1846 persecutionis
797 1771 987 1827 violen
1000 1772 1096 1839 tia,
1109 1775 1228 1827 tum
1246 1770 1586 1825 colonorum
1602 1784 1711 1840 pen
1724 1769 1845 1824 uria
1866 1775 2010 1824 urti-

347 1877 430 1917 cze
461 1868 519 1916 et
550 1876 760 1931 vepres
790 1859 1259 1931 cooperuissent,
1286 1863 1345 1913 et
1365 1872 1543 1927 super
1565 1872 1762 1912 semen
1788 1856 1919 1912 fidei
1945 1864 2008 1911 et

342 1950 612 2007 veritatis
646 1948 911 2003 inimicus
945 1949 1114 2003 homo
1149 1948 1504 2003 seininasset
1536 1946 1786 2015 zizania,
1816 1946 1875 2000 id
1914 1940 2009 2001 est

346 2038 550 2095 malam
577 2037 905 2093 doctrinam
931 2042 988 2091 et
1016 2050 1293 2106 perversa
1319 2034 1607 2103 dogmata,
1637 2035 1808 2089 beato
1834 2033 2007 2089 Polo-

344 2127 587 2184 chronio
613 2125 1042 2197 quodammodo
1066 2123 1400 2196 duplicatus
1415 2123 1705 2191 estlabor,
1724 2123 1818 2179 cui
1837 2122 2000 2193 prius

342 2219 658 2286 conceptas
687 2212 873 2269 corde
908 2213 1028 2281 (fol.
1064 2213 1155 2281 29)
1187 2211 1431 2267 malicia:
1484 2213 1698 2265 formas
1751 2226 2005 2266 necesse

346 2304 453 2360 fuit
476 2302 796 2359 extrudere
816 2306 876 2357 et
898 2303 1216 2357 exturbare
1239 2306 1298 2355 et
1322 2300 1488 2354 noxia
1514 2314 1759 2369 quaeque
1783 2298 2004 2355 evelle-

343 2406 406 2448 re
424 2396 481 2448 et
504 2391 827 2459 eradicare,
848 2396 967 2447 tum
989 2388 1199 2445 deinde
1225 2404 1421 2444 semen
1448 2394 1623 2445 rectae
1648 2388 1778 2443 fidei
1806 2388 1998 2444 denuo

342 2480 526 2538 sulcis
561 2481 837 2535 mentium
869 2478 1135 2549 credere,
1168 2482 1225 2533 et
1268 2477 1431 2548 quasi
1466 2477 1544 2532 nil
1577 2482 1728 2533 esset
1780 2477 1994 2533 factum

342 2572 530 2625 totum
560 2582 589 2622 a
626 2566 914 2638 principio
940 2580 1241 2622 renovare.
1271 2565 1451 2631 Quam
1475 2565 1672 2620 multze
1697 2564 1849 2619 enim
1876 2566 1995 2621 fue-

343 2660 474 2712 rant
491 2655 719 2727 species
734 2654 909 2725 depra
920 2669 982 2709 va
996 2654 1192 2721 tionis,
1217 2658 1330 2709 tam
1350 2653 1566 2709 multas
1583 2654 1844 2724 oportuit
1858 2668 1992 2710 esse

341 2749 400 2802 et
433 2742 853 2799 restitutionis.
882 2741 992 2798 Sed
1027 2742 1232 2797 borum
1268 2742 1523 2797 omnium
1557 2742 1801 2797 scientia
1827 2747 1886 2797 et
1908 2741 1991 2797 di-

341 2831 588 2905 sciplina
618 2833 691 2887 ab
720 2832 849 2903 ipso
881 2836 940 2886 et
974 2831 1241 2887 scicntia:
1275 2832 1519 2888 Domino
1563 2832 1779 2888 tradita
1813 2836 1926 2901 est,
1958 2848 1987 2888 a

341 2937 455 2993 quo
485 2922 554 2978 ad
582 2921 900 2976 animarum
929 2920 1421 2976 instituendarum
1447 2935 1645 2976 curam
1671 2925 1804 2976 ante
1824 2935 1989 2976 secu-

341 3008 484 3065 laria
517 3014 775 3079 tempora
813 3007 1164 3078 praeelectus
1188 3013 1297 3064 est.
1327 3011 1396 3064 Et
1420 3009 1525 3065 hoc
1548 3010 1813 3065 dicentes
1833 3010 1985 3065 beati

343 3097 528 3169 patris
552 3096 807 3152 Sanctini
836 3096 1019 3152 debiti
1046 3097 1285 3152 honoris
1309 3102 1367 3152 et
1390 3096 1719 3153 devotionis
1738 3097 1987 3153 auctori-

341 3189 523 3241 tatem
557 3200 666 3241 non
705 3185 1034 3255 minuimus,
1070 3200 1208 3255 quin
1252 3185 1449 3257 potius
1495 3184 1860 3258 ampliamus,
1892 3186 1983 3242 cui

2121 612 2219 682 qui
2252 628 2360 668 non
2380 617 2885 687 dedeceret,visus
2905 620 3150 692 pudicus
3163 628 3223 679 et
3238 624 3592 695 pius,sermo
3608 625 3766 682 mitis

2119 707 2177 755 et
2204 700 2490 774 placidus,
2510 705 2918 765 benivolentiae
2942 714 3002 765 et
3024 711 3231 779 gratia:
3250 711 3453 783 plenus
3469 711 3538 768 de
3552 711 3767 769 doctri-

2120 789 2799 864 nalidei.demagisterio
2823 798 2977 866 vitaz,
2997 799 3067 854 de
3091 800 3396 871 disciplina
3425 815 3667 871 morum,
3696 800 3768 857 de

2119 880 2486 936 confessione
2507 891 2902 955 peccatorum,
2929 886 3001 941 de
3033 889 3378 945 confusione
3412 889 3763 960 iniquorum,

2118 966 2190 1022 de
2210 966 2397 1035 gloria
2424 969 2556 1026 vitae
2581 976 2837 1042 aeternae,
2856 972 2927 1029 de
2943 990 3046 1046 spe
3072 976 3482 1032 retributionis
3505 980 3763 1034 aeternae.

2191 1055 2418 1121 Quanto
2448 1064 2640 1115 autem
2693 1062 2907 1118 decore
2954 1065 3052 1119 Dei
3105 1065 3317 1137 templa
3368 1067 3763 1137 adornaverit,

2119 1158 2250 1199 cum
2276 1146 2403 1216 ejus
2436 1146 2544 1203 hoc
2577 1163 2810 1220 semper
2839 1152 3095 1207 studium
3151 1155 3322 1209 fuerit
3375 1163 3438 1211 ut
3488 1155 3619 1211 aula
3665 1157 3765 1210 Dei

2118 1247 2380 1302 congruo
2412 1240 2621 1291 ornatu
2657 1237 2895 1307 niteret,
2921 1254 2992 1294 ex
3017 1241 3146 1311 ipso
3175 1240 3339 1298 cultu
3372 1244 3585 1298 mentis
3613 1243 3763 1313 ejus,

2122 1321 2216 1376 ubi
2242 1322 2439 1377 sedem
2463 1324 2574 1379 sibi
2591 1327 2878 1396 sapientia
2900 1328 3218 1399 locaverat,
3236 1330 3545 1387 advertere
3562 1346 3769 1402 possu-

2121 1424 2266 1465 mus.
2303 1412 2497 1481 Neque
2529 1413 2680 1468 enim
2732 1418 2957 1489 tantum
3008 1432 3114 1472 nec
3168 1418 3218 1472 in
3273 1418 3522 1474 ecclesia
3578 1419 3767 1477 locum

2121 1498 2499 1593 optinuisset,
2517 1501 2624 1555 nisi
2648 1516 2771 1557 eam
2797 1502 2931 1559 dum
2957 1505 3547 1577 advixitcompetenti
3574 1508 3766 1593 nitâ€˜ore

2120 1584 2484 1644 adornasset.
2505 1589 2776 1646 Filiorum
2800 1606 2937 1648 cura
2961 1594 3311 1665 propensior
3333 1595 3382 1648 ei
3403 1599 3553 1665 erat,
3574 1601 3633 1651 ut
3650 1584 3767 1651 am-

2121 1673 2388 1731 bularcnt
2418 1676 2472 1733 in
2505 1679 2817 1734 sanctitate
2849 1680 3047 1737 cordis
3068 1681 3476 1750 etjustitia,ut
3504 1685 3767 1754 peniten-

2121 1764 2259 1819 tiam
2285 1764 2355 1820 de
2381 1767 2636 1836 peccatis
2649 1775 2887 1837 agerent
2903 1774 2960 1825 et
2977 1771 3046 1825 de
3064 1770 3276 1827 futuris
3292 1785 3355 1827 se
3369 1772 3762 1843 custodirent,

2042 1888 2091 1946 Î’
2122 1856 2185 1908 ut
2208 1852 2378 1922 digne
2393 1855 2507 1910 Deo
2533 1854 2831 1926 placerent
2854 1864 2913 1912 et
2932 1858 3281 1916 innocentiae
3304 1859 3429 1915 vias
3451 1861 3767 1928 graderen-

2122 1946 2239 2011 tur,
2260 1948 2321 1997 ut
2338 1957 2438 2014 spe
2460 1943 2529 1998 ad
2555 1959 2804 2015 superna
2827 1946 3216 2015 erigerentur.
3238 1948 3498 2005 Clericos
3514 1954 3767 2005 utmem-

2124 2030 2225 2085 bra
2240 2045 2342 2086 sua
2359 2030 2660 2101 diligebat,
2678 2039 2737 2089 et
2768 2034 2900 2090 vitae
2922 2035 3009 2090 eis
3034 2036 3243 2106 pabula
3269 2050 3339 2091 ne
3364 2036 3418 2091 in
3452 2037 3542 2092 via
3559 2037 3765 2095 deï¬ce-

2121 2124 2271 2190 rent,
2288 2120 2582 2177 tendendo
2598 2122 2667 2177 ad
2689 2123 2979 2179 Christum
3004 2123 3252 2181 devotus
3275 2124 3759 2195 administrabat;

2116 2220 2251 2276 erga
2276 2222 2476 2263 omnes
2496 2209 2855 2280 misericors,
2873 2225 3009 2280 erga
3033 2226 3233 2267 omnes
3256 2213 3337 2268 fra
3349 2217 3513 2268 terno
3537 2213 3762 2269 disten-

2116 2299 2211 2351 tus
2234 2296 2440 2353 affectu
2458 2296 2790 2365 ;,taliscirca
2811 2299 3152 2371 discipulos,
3171 2299 3332 2356 velut
3350 2300 3549 2357 nutrix
3564 2302 3759 2358 foveat

2112 2384 2391 2454 parvulos
2430 2401 2589 2441 suos.
2626 2386 3048 2444 Defercbantur
3078 2393 3271 2444 autem
3303 2390 3373 2446 ad
3407 2403 3535 2446 eum
3568 2405 3641 2446 ex
3671 2391 3755 2446 di-

2109 2474 2297 2529 versis
2323 2473 2515 2530 mundi
2542 2474 2806 2545 partibus
2828 2476 3405 2547 claudi,c:eci,aridi,
3426 2476 3666 2534 lunatici
3697 2484 3755 2535 et

2107 2567 2399 2632 quotquot
2413 2563 2680 2634 oppressi
2696 2565 3047 2620 tenebantur
3063 2564 3405 2622 multimodo
3421 2566 3756 2623 morborum

2103 2665 2337 2721 genere,
2364 2666 2607 2721 quorum
2628 2652 2779 2707 sicut
2803 2657 2861 2707 et
2885 2653 3113 2723 species
3138 2652 3474 2709 discernere
3493 2654 3745 2725 perdifï¬-

2102 2739 2214 2795 cile
2243 2743 2353 2810 est,
2390 2740 2467 2796 ita
2500 2740 2673 2795 etiam
2704 2741 2936 2796 nomina
2971 2740 3154 2807 scire;
3188 2756 3435 2812 quorum
3467 2743 3637 2798 turba
3662 2744 3752 2798 in-

2100 2830 2480 2885 numerabilis
2512 2830 2720 2887 diebus
2751 2845 2817 2886 ac
2843 2830 3116 2887 noctibus
3139 2832 3463 2887 excubabat
3486 2837 3621 2888 ante
3646 2833 3751 2889 do-

2102 2933 2254 2974 mum
2293 2918 2577 2990 episcOpi,
2612 2934 2758 2988 quos
2806 2934 3007 2975 omnes
3041 2920 3316 2991 precibus
3348 2920 3474 2990 ejus
3503 2921 3750 2977 curabat

2102 3007 2323 3062 medica
2357 3021 2560 3062 manus
2593 3007 2710 3062 Dei.
2738 3008 3123 3063 Discedebant
3157 3008 3253 3063 alii
3287 3009 3496 3078 sanati,
3522 3008 3617 3064 alii
3652 3024 3748 3066 ve-

2099 3094 2338 3151 niebant
2359 3095 2622 3151 sanandi.
2648 3097 2857 3152 Eorum
2875 3101 3069 3152 autem
3089 3096 3184 3167 qui
3209 3097 3614 3153 vexabantura
3629 3098 3747 3169 spi-

2100 3183 2314 3240 ritibus
2335 3184 2663 3253 immundis,
2691 3199 2938 3255 quorum
2966 3200 3133 3255 quam
3161 3185 3359 3258 plures
3383 3185 3748 3243 adduceban-

340 3274 408 3331 ad
429 3275 723 3331 cumulum
747 3246 1368 3331 devotionisctlaudis
1391 3275 1502 3330 hoc
1527 3246 1856 3345 praestitum
1884 3275 1982 3344 sit,
2019 3246 2067 3308 ÎŸ
2100 3276 2199 3328 tur
2230 3272 2503 3342 vulgante
2537 3246 2682 3328 fama
2709 3246 3052 3329 sanctitatis
3083 3246 3209 3343 ejus
3241 3273 3515 3345 insignia,
3551 3272 3748 3330 dolen-

337 3369 401 3420 ut
433 3363 568 3420 talis
600 3364 650 3419 ei
682 3378 997 3420 successor
1029 3362 1363 3431 accederet,
1401 3363 1498 3434 qui
1535 3364 1607 3419 ab
1641 3363 1986 3433 integritate

339 3451 471 3507 fidei
505 3451 630 3522 ejus
662 3467 777 3507 non
810 3452 1200 3523 discreparet,
1228 3458 1286 3507 et
1311 3452 1596 3507 doctrinae
1622 3451 1988 3523 praedicatio-

338 3540 547 3610 nisque
579 3540 707 3610 ejus
732 3554 841 3595 non
865 3540 1062 3609 segnis
1081 3545 1411 3610 exequutor
1432 3540 1736 3595 existeret.
1762 3538 1987 3611 Ample-

339 3629 553 3685 ctimur
581 3629 732 3684 enim
783 3644 911 3684 eum
961 3629 1107 3683 totis
1141 3628 1414 3683 medullis
1448 3629 1687 3699 ossium,
1721 3632 1781 3684 ut
1817 3628 1987 3684 decet

340 3720 562 3787 patrem
591 3719 646 3770 et
681 3716 1053 3772 karissimum
1087 3715 1405 3785 dominum,
1430 3730 1532 3787 per
1564 3731 1732 3787 quem
1757 3716 1864 3772 hoc
1887 3731 1986 3788 op-

337 3804 529 3861 tinere
565 3804 905 3873 meruimus,
937 3810 996 3860 ut
1025 3803 1158 3859 talis
1181 3804 1351 3861 nobis
1382 3805 1556 3861 datus
1589 3804 1667 3861 sit
1699 3805 1982 3876 pontifex,

338 3893 435 3963 qui
471 3896 664 3965 potest
699 3896 756 3947 et
787 3893 1092 3948 animabus
1126 3892 1343 3948 mederi
1390 3898 1450 3949 et
1495 3894 1860 3965 corporibus.
1899 3894 1983 3949 Ad

336 3983 463 4053 ejus
491 3982 643 4037 enim
676 3981 920 4051 gloriam
954 3987 1183 4052 spectat
1215 3982 1365 4052 quod
1392 3983 1777 4039 Virdunensis
1799 3983 1985 4040 eccle-

337 4071 421 4126 sia
448 4071 502 4126 in
529 4069 639 4126 lide
664 4074 863 4127 sancta
891 4070 1226 4126 fructiï¬cat.
1248 4072 1440 4127 Gratia
1458 4086 1704 4143 namque
1720 4072 1983 4131 ecclesiae

337 4160 464 4216 laus
496 4159 759 4216 doctoris
781 4163 893 4215 est.
918 4161 1282 4216 ilonoramus
1312 4161 1486 4216 etiam
1520 4176 1633 4217 non
1654 4162 1834 4219 verbo
1859 4167 1981 4218 tan-

333 4252 457 4303 tum
490 4245 593 4303 sed
625 4246 938 4302 affectibus
970 4246 1232 4302 cordium
1268 4249 1499 4304 beatum
1544 4248 1978 4315 Pulchronium,

334 4335 466 4406 quia
513 4339 571 4391 et
624 4340 685 4391 ut
734 4334 905 4404 digne
956 4336 1277 4392 honoretur
1307 4351 1336 4391 a
1370 4337 1538 4392 nobis
1569 4336 1803 4407 dignius
1855 4338 1982 4409 ipse

335 4424 677 4496 promeruit,
716 4425 811 4495 qui
847 4424 1074 4481 clavum
1125 4425 1292 4481 navis
1324 4425 1768 4495 ecclesiasticae,
1806 4440 1977 4498 quam

334 4518 708 4584 peccatorum
761 4514 1037 4569 sordibus
1089 4514 1447 4570 sentinosam
1501 4518 1791 4587 purgavit,
1826 4518 1980 4575 inter

2100 3358 2234 3417 dum
2259 3366 2387 3416 erat
2403 3362 2600 3416 videre
2624 3360 2829 3417 oculos
2843 3366 3140 3432 cruentos,
3160 3363 3367 3419 dentes
3383 3362 3744 3432 frendentes,

2099 3449 2312 3506 collum
2344 3451 2647 3519 intortum,
2669 3449 2923 3520 linguam
2946 3450 3133 3507 aliena
3159 3450 3511 3522 loquentem,
3541 3465 3747 3507 manus

2099 3539 2326 3594 catenis
2350 3539 2575 3594 vinctas
2602 3538 2715 3611 (fol.
2753 3538 2882 3611 29â€™),
2911 3539 3060 3595 labia
3097 3538 3363 3611 tremula,
3383 3554 3582 3596 vocem
3602 3539 3750 3595 mul-

2100 3626 2384 3698 tiplicem,
2421 3627 2577 3683 intus
2618 3627 2846 3683 hostem
2896 3628 3254 3699 saevientem,
3287 3628 3428 3685 foris
3468 3628 3742 3685 miserum

2099 3716 2316 3772 suimet
2340 3716 2736 3788 impotentem.
2756 3715 2892 3782 Quae
2910 3721 3103 3772 tamen
3124 3717 3318 3773 rabies
3342 3716 3412 3773 ad
3439 3731 3609 3773 unum
3632 3717 3744 3772 viri

2096 3804 2196 3860 Dei
2213 3805 2516 3876 imperium
2532 3805 2692 3861 dicto
2706 3806 2779 3861 cit
2793 3805 2882 3861 ius
2905 3805 3282 3875 abscedebat,
3299 3811 3358 3861 et
3380 3820 3494 3862 uno
3515 3805 3746 3862 eodem-

2098 3909 2209 3964 que
2241 3898 2533 3950 momento
2564 3894 2725 3950 salus
2761 3895 3079 3950 accedebat
3113 3893 3357 3950 indulta.
3392 3894 3629 3951 Beatum
3659 3894 3744 3950 di-

2097 3985 2308 4039 cebant
2346 3999 2547 4040 omnes
2596 3982 2876 4055 populum
2924 3984 3070 4039 tanti
3126 3984 3420 4055 pontificis
3462 3983 3741 4053 regimine

2098 4077 2451 4144 protectum,
2483 4074 2540 4128 et
2577 4072 2778 4143 plebes
2806 4071 3036 4128 urbium
3070 4072 3390 4128 vicinarum
3439 4071 3509 4128 de
3556 4072 3732 4129 sociis

2096 4162 2280 4219 sancti
2314 4161 2443 4231 viri,
2479 4160 2549 4216 de
2579 4160 2887 4232 discipulis
2934 4160 3160 4217 scilicet
3209 4159 3361 4217 beati
3415 4160 3574 4232 Lupi,
3620 4160 3734 4217 sibi

2096 4252 2502 4323 praeoptabant
2524 4249 3021 4321 dariepiscopum.
3039 4249 3607 4306 Trevirensisaurem
3624 4264 3737 4306 me-

2096 4338 2345 4411 tropolis
2374 4353 2503 4396 cum
2538 4352 2648 4393 non
2674 4338 2917 4394 haberet
2940 4336 3294 4410 pontificem,
3321 4343 3585 4394 sanctum
3610 4352 3738 4395 sns-

2093 4429 2250 4501 cepit
2280 4430 2576 4497 Severum,
2602 4426 2826 4483 eximiae
2856 4427 3191 4483 sanctitatis
3221 4426 3431 4497 virum,
3463 4427 3641 4483 verbo
3674 4431 3731 4482 et

2093 4517 2356 4574 doctrina
2389 4515 2799 4587 clarissimum,
2823 4516 2919 4587 qui
2954 4532 3083 4573 cum
3114 4517 3286 4572 beato
3317 4517 3596 4573 Germano
3627 4517 3742 4572 Au-

333 4602 617 4658 mundana
654 4602 911 4673 pericula
947 4603 1180 4660 fortiter
1212 4604 1383 4670 rexit,
1409 4607 1469 4659 et
1493 4619 1643 4661 nunc
1677 4622 1861 4677 usque
1893 4627 1980 4668 re-
2010 4602 2062 4662 D
2090 4606 2524 4676 tissiodorensi,
2560 4605 2693 4675 quia
2747 4606 2951 4662 beatus
3013 4607 3204 4677 Lupus
3231 4604 3395 4661 senio
3426 4605 3740 4661 excusaba-

330 4705 469 4760 gere
483 4691 758 4762 precibus
772 4697 830 4747 et
845 4690 1064 4747 auxilio
1079 4706 1189 4747 non
1207 4692 1567 4762 destitit,nec
1582 4694 1697 4751 Deo
1714 4699 1978 4768 propicio

332 4779 580 4836 desinet.
611 4780 718 4836 Sed
736 4781 854 4851 jam
879 4779 950 4835 ad
974 4781 1332 4837 narrationis
1354 4782 1616 4838 ordinem
1643 4786 1968 4845 redeamus.

399 4942 596 4997 Tantis
616 4941 706 4997 vir
727 4940 950 4996 Domini
975 4942 1257 5001 virtutum
1283 4941 1480 4998 clarus
1502 4943 1796 5015 msigniis,
1816 4947 1894 5003 ita
1921 4948 1975 5005 in

330 5045 392 5086 se
422 5030 675 5085 omnium
713 5035 1134 5100 provocaverat
1164 5029 1456 5101 affectum,
1494 5034 1554 5087 ut
1587 5047 1617 5088 a
1655 5035 1892 5104 regibus
1917 5044 1977 5093 et

331 5118 713 5191 principibus,
749 5116 1032 5174 divitibus
1065 5133 1294 5189 quoque
1325 5122 1381 5174 et
1428 5120 1844 5193 mediocribus,
1879 5126 1976 5181 de-

331 5207 566 5263 votione
596 5207 765 5263 nimia
803 5212 1201 5263 veneraretur.
1236 5209 1373 5263 Erat
1404 5209 1559 5264 enim
1602 5214 1974 5271 verecundus

332 5296 387 5350 in
420 5296 567 5365 visu,
603 5296 655 5351 in
692 5300 869 5367 motu,
908 5296 962 5351 in
996 5300 1188 5367 gestu,
1225 5298 1280 5352 in
1328 5297 1581 5367 incessu,
1618 5303 1680 5355 ut
1710 5301 1972 5360 habitum

332 5384 544 5440 mentis
575 5383 631 5439 in
664 5384 960 5443 interioris
991 5386 1239 5443 hominis
1272 5388 1432 5443 statu
1464 5401 1758 5445 cerneres.
1781 5391 1975 5448 Inces-

2076 4704 2208 4766 â€˜tur,
2245 4697 2462 4751 missus
2510 4698 2603 4751 est
2655 4693 3072 4750 Brittannicam
3126 4693 3371 4751 insulam
3422 4692 3674 4751 secundo
3705 4708 3738 4749 a

2092 4786 2399 4854 Pelagiana
2453 4783 2648 4839 heresi
2705 4783 2869 4840 verbi
2916 4784 3137 4840 virtute
3188 4798 3485 4840 revocare.
3539 4784 3737 4839 Catha-

2090 4874 2391 4930 launensis
2442 4887 2580 4929 vero
2633 4873 2844 4928 civitas
2895 4877 3162 4928 sanctum
3212 4870 3390 4941 elegit
3438 4870 3729 4942 Albinum,

2091 4976 2261 5033 quem
2293 4960 2584 5030 hodieque
2615 4959 2836 5016 letatur
2865 4961 3080 5017 habere
3116 4966 3445 5033 patronum.

2160 5053 2301 5107 Dum
2336 5052 2447 5120 (41)
2472 5065 2613 5119 ergo
2633 5053 2928 5106 tantorum
2953 5049 3208 5106 virorum
3235 5049 3651 5121 praedicatione
3673 5053 3734 5104 et

2088 5141 2376 5197 industria
2392 5139 2685 5195 Gallicana
2702 5139 2936 5195 ï¬‚oreret
2958 5137 3232 5209 Ecclesia,
3252 5152 3402 5194 anno
3416 5138 3487 5193 ab
3514 5138 3729 5194 incarn.

2086 5228 2673 5297 Dom.4bâ€™0,Marciani
2709 5228 3008 5300 principis,
3044 5228 3140 5299 qui
3175 5226 3736 5285 successerat'l'heo-

2086 5318 2517 5389 dosiojuniori,
2553 5333 2702 5374 anno
2732 5317 2936 5390 primo,
2972 5316 3220 5374 invaluit
3263 5316 3646 5389 persequutio
3674 5321 3733 5372 et

2085 5409 2279 5466 rabies
2300 5409 2656 5472 Hunnorum,
2673 5405 3081 5464 Valentiniano
3098 5404 3167 5442 Â¹Â³â°
3189 5404 3409 5479 septies
3429 5410 3485 5461 et
3512 5404 3735 5463 Abieno

1695 5504 1934 5563 VARUE
1977 5505 2376 5566 LECTIONES.

355 5588 361 5593 â€™
399 5586 469 5622 Â¹â¸â°
495 5587 1325 5648 Valentinianoâ€”consulibus
1348 5591 1416 5648 in
1441 5605 1633 5665 marg.

419 5750 534 5823 (41)
566 5749 878 5821 Sequentia
912 5763 1100 5821 usque
1129 5750 1198 5807 ad
1234 5750 1403 5810 ï¬nem
1432 5751 1552 5811 folii
1582 5753 1674 5809 29â€˜
1704 5755 1869 5828 Hugo
1897 5670 2289 5820 á¼Î¾Î¿á½²á¼”á¿—Î½á½¶Î¹Ï‰
2325 5754 2592 5814 inseruit.
