3922 6428
175 392 252 465 77
484 490 489 495 _
1447 379 1944 460 CHRONICON.
1976 428 2060 441 -
2084 392 2240 459 LIB.
2272 392 2321 458 Ι.
3439 428 3443 433 ι
3503 393 3583 459 78

181 537 546 597 consulibus.
575 534 1247 605 Comuputanturautem
1269 544 1299 586 a
1324 528 1821 587 Wandalicairru-
1852 528 1909 590 A
1942 529 2184 601 privatis
2209 534 2270 587 et
2299 530 2550 602 publicis
2579 528 2855 602 spoliavit
2886 529 3132 602 divitiis,
3161 536 3221 588 et
3250 538 3484 606 sumpta
3525 535 3583 593 in

185 629 382 702 ptione
406 638 592 696 usque
624 622 695 678 ad
740 637 947 678 annum
1007 619 1189 690 illum,
1251 635 1364 690 quo
1423 620 1533 676 sub
1586 618 1826 688 regibus

186 716 362 774 Bleda
384 720 475 771 est
495 711 674 769 Attila
691 712 985 767 Hunorum
1014 724 1117 781 per
1141 707 1618 764 Galliasdifi‘usus
1632 711 1829 763 estex-

187 806 427 874 ercitus,
463 801 780 859 secundum
823 798 991 855 ﬁdem
1035 798 1445 869 hystoriarum,
1474 797 1604 852 anni
1634 799 1700 851 45
1724 797 1831 853 hoc

191 893 383 950 modo.
417 894 578 947 Anno
609 888 759 944 enim
796 887 1160 958 principatus
1201 885 1437 941 Honorii
1473 887 1612 940 14ιιιθ
1666 886 1835 939 Wan-

192 980 454 1039 dalorum
490 976 1063 1042 rabieseﬁ‘erhuit,et
1083 973 1373 1030 Honorius
1406 977 1608 1044 postea
1634 986 1836 1041 regna-

192 1071 274 1127 vit
308 1074 375 1127 16
406 1067 610 1132 annis;
644 1070 773 1137 post
814 1079 983 1135 quem
1006 1063 1364 1120 Theodosius
1388 1061 1586 1131 junior
1632 1075 1836 1130 regna-

193 1156 462 1216 vitannis
486 1156 578 1225 27,
598 1158 657 1210 et
709 1153 1000 1210 successit
1038 1152 1088 1207 ei
1124 1151 1446 1207 Marcianus
1493 1149 1833 1220 imperator,

197 1244 581 1317 cujus.primo
613 1241 1173 1314 imperiiannoliuni
1198 1239 1414 1294 Gallias
1452 1241 1831 1309 occuparunt.

201 1334 489 1408 [Legimus
517 1336 711 1388 autem
741 1331 798 1386 in
857 1330 1128 1386 Getarum
1186 1328 1273 1400 1’“J
1334 1327 1577 1383 historia
1630 1325 1839 1381 referri

204 1425 462 1497 [Jonoam
489 1421 601 1492 21.]
620 1418 897 1490 (fol,29'),
920 1418 1050 1489 quia
1068 1418 1201 1473 dum
1222 1419 1416 1473 Romae
1440 1415 1631 1472 emnla
1654 1430 1682 1470 a
1701 1414 1842 1469 Con-

203 1511 463 1570 stantino
492 1509 847 1566 conderetur
880 1507 1090 1564 civitas
1110 1507 1219 1562 sub
1245 1504 1508 1561 Ariarico
1532 1509 1591 1559 et
1627 1501 1842 1559 Adrieo

204 1602 442 1674 regibus
474 1599 876 1657 40Gothorum
900 1596 1052 1652 milia
1092 1596 1144 1651 in
1178 1595 1449 1651 solatium
1479 1594 1667 1649 eidem
1685 1591 1841 1663 prin-

204 1691 318 1764 cipi
353 1688 709 1763 przevenissc
742 1684 940 1754 mea,
976 1686 1243 1754 22).Post
1260 1696 1506 1751 quorum
1524 1680 1844 1736 discessum

204 1795 335 1838 cum
359 1794 388 1835 a
413 1776 692 1834 Geberich
720 1773 1037 1830 Gothorum
1059 1786 1194 1842 rege
1222 1767 1846 1831 WisirmarWandalo-

1943 633 2124 674 uxore
2153 618 2407 675 Placidia
2430 633 2634 676 sorore
2652 618 2907 689 Honorii,
2933 625 2991 675 et
3009 619 3171 676 Italia
3198 621 3441 678 dimissa
3475 639 3582 694 pro

1940 707 2470 777 consanguinitate,
2506 707 2720 764 Gallias
2749 708 3017 778 appetiit,
3053 723 3181 778 quae
3215 723 3244 764 a
3287 711 3583 769 Wandalis

1944 796 2161 852 Gresco
2195 797 2364 866 duce,
2386 796 2584 852 Alanis
2599 810 2831 867 quoque
2852 802 2909 853 et
2929 796 3587 871 Burgundionibusgra-

1944 884 2096 941 viter
2112 884 2561 941 infestabantur.
2580 886 2717 941 Nam
2737 891 2871 941 tunc
2890 885 3169 941 Wandali:
3197 892 3353 943 metu
3374 889 3590 947 Gotho-

1948 988 2071 1028 rum
2096 972 2301 1029 rclicta
2331 972 3251 1045 Pannonia,Galliisincubabant,
3277 975 3365 1031 ibi
3390 982 3587 1034 certas

1949 1060 2121 1117 sedes
2154 1065 2510 1132 temptantes
2533 1061 2728 1131 ﬁgere.
2754 1061 2916 1127 Quod
2941 1061 3151 1118 malum
3174 1078 3277 1133 pro
3319 1065 3591 1122 suienor-

1950 1149 2152 1205 mitate
2183 1150 2450 1206 omnibus
2466 1154 2624 1221 patet
2645 1150 2792 1206 satis
2807 1164 3117 1222 superque.
3156 1153 3420 1208 Attamen
3453 1159 3588 1211 ante

1951 1237 2297 1307 faciemejus
2329 1238 2618 1308 fugientes
2647 1238 2702 1294 in
2750 1239 3025 1309 Hispania
3071 1255 3134 1295 se
3192 1240 3584 1315 recluserunt,

1953 1326 2051 1382 ubi
2083 1339 2113 1381 a
2137 1326 2489 1383 Gothisczesi
2514 1331 2671 1384 sunt.
2708 1327 2842 1398 (1b.,
2870 1328 2983 1399 32.)
3008 1330 3145 1384 Cum
3168 1344 3309 1399 ergo
3363 1330 3589 1403 Wallia,

1957 1418 2200 1485 quartus
2222 1415 2293 1469 ab
2317 1414 2564 1485 Alarico,
2584 1416 2969 1487 succedisset,
2992 1422 3049 1472 et
3070 1417 3353 1488 Wandali,
3393 1420 3590 1477 llierio

1954 1507 2013 1558 et
2029 1503 2332 1559 Ardabure
2347 1503 2708 1574 consulibus,
2734 1505 2943 1561 iterum
2963 1503 3203 1561 Galliam
3219 1506 3589 1580 infestarent,

1957 1597 2116 1647 moto
2146 1596 2352 1647 contra
2380 1605 2481 1648 eos
2509 1593 2778 1650 exercitu
2808 1594 2878 1649 ad
2912 1593 3183 1650 Aﬁ‘ricam
3211 1610 3315 1651 eos
3345 1596 3595 1665 migrare

1956 1679 2240 1750 compulit
2260 1681 2370 1736 sub
2393 1695 2528 1751 rege
2552 1681 2815 1738 Gisirico.
2844 1681 2982 1751 (1b.,
3003 1684 3115 1755 34.)
3138 1683 3337 1739 Wallia
3365 1699 3595 1756 quoque

1958 1768 2278 1824 decedente
2311 1768 2365 1823 in
2390 1784 2570 1839 regno
2594 1769 2792 1826 Galliae
2814 1774 2871 1826 et
2896 1771 3186 1843 Hispaniae
3209 1773 3596 1832 Theodoritus

206 1883 332 1926 rum
354 1882 457 1923 rex
480 1866 885 1937 impeteretur,
906 1867 966 1917 ut
992 1861 1192 1917 reﬁ‘ert
1215 1858 1549 1930 Deuxippus
1576 1856 1847 1912 historio-
1875 1883 1930 1942 Β
1947 1857 2269 1927 successit,
2305 1863 2507 1914 contra
2530 1874 2695 1929 quem
2710 1859 2876 1916 Etius
2902 1860 3208 1931 patricius,
3231 1876 3374 1933 pace
3398 1868 3594 1935 rupta,

203 1951 1224 2029 graphusquidiciteosabOcccano
1266 1947 1336 2003 ad
1384 1951 1648 2003 nostrum
1701 1944 1848 1999 limi-

205 2051 325 2102 tem
354 2044 451 2101 vix
484 2043 541 2098 in
574 2041 707 2097 anni
738 2039 999 2112 spacium
1017 2036 1350 2110 pervenisse
1376 2050 1493 2106 prae
1529 2034 1702 2089 nimia
1731 2037 1849 2088 ter-

209 2147 404 2190 rarum
424 2130 838 2199 immensitate,
863 2143 989 2184 cum
1010 2128 1656 2183 essentcommorantes
1682 2125 1851 2177 Wan-

211 2221 325 2278 dali
355 2220 411 2276 in
447 2219 589 2276 locis
620 2217 716 2275 ubi
756 2232 908 2273 nunc
959 2214 1190 2286 Gepidze
1247 2212 1532 2280 habitant,
1581 2211 1651 2265 ad
1712 2209 1852 2264 litus

209 2310 396 2368 amnis
419 2308 667 2364 Marisiae
682 2306 821 2362 victi
839 2321 868 2360 a
894 2304 1177 2360 Geberich
1202 2300 1578 2373 etprostrati,
1604 2299 1851 2370 patriam

213 2398 750 2467 illamlinquentes,
784 2393 1138 2450 Pannoniam
1169 2406 1199 2447 a
1245 2389 1625 2447 Constantino
1676 2386 1856 2458 petie-

213 2492 371 2557 runt,
400 2486 496 2543 ubi
532 2499 632 2557 per
665 2488 803 2540 60et
830 2496 900 2537 eo
926 2481 1178 2552 amplius
1199 2493 1383 2535 annos
1405 2477 1666 2533 decretis
1686 2475 1857 2547 impe-

212 2580 477 2633 ratorum
513 2570 796 2628 famulati:
833 2571 968 2627 inde
999 2573 1179 2641 posta
1239 2566 1516 2623 Stilicone
1577 2565 1856 2635 magistro

214 2664 466 2720 militum
490 2668 547 2718 et
586 2660 830 2731 praticio
854 2657 1083 2715 evocati
1109 2656 1325 2713 Gallias
1354 2653 1854 2725 occuparunt,ubi

213 2766 327 2809 non
360 2766 390 2807 a
421 2752 539 2806 Deo
567 2748 889 2805 ﬁxassedes
916 2747 1265 2802 habuerunt.
1300 2745 1369 2799 Et
1400 2746 1531 2814 post
1557 2742 1855 2813 aliquanta

213 2840 398 2898 eciam
427 2839 551 2896 haec
585 2837 785 2893 subdit
815 2834 883 2869 ¹³³
916 2855 929 2890 :

285 2925 421 2996 (15.,
462 2928 575 2997 24).
612 2926 749 2981 Post
782 2939 893 2979 non
918 2922 1071 2991 longi
1096 2921 1382 2992 temporis
1413 2920 1691 2991 Spatium,
1721 2920 1858 2974 Her-

216 3015 512 3073 manarico
544 3013 640 3084 qui
675 3012 920 3068 Geberic
953 3013 1317 3067 successerat
1367 3022 1523 3077 rege,
1560 3009 1857 3063 Hunorum

215 3118 383 3175 gens,
439 3101 688 3158 Balamir
729 3104 1010 3168 regnante
1063 3099 1119 3154 in
1177 3113 1299 3165 eos,
1344 3096 1498 3153 omni
1551 3095 1858 3152 ferocitate

220 3192 498 3259 atrocior,
558 3188 779 3247 exarsit
815 3188 868 3242 in
931 3187 1150 3243 Gothos
1199 3186 1602 3255 Ostrogothas,
1659 3184 1711 3240 id
1770 3188 1859 3239 est

216 3251 555 3338 orientales.
580 3278 715 3350 (1b.,
750 3278 859 3349 as).
898 3276 1061 3343 Quod
1091 3251 1734 3343 videntes‘Visigothze,
1780 3272 1862 3327 ιε-
1890 3251 1941 3314 C

218 3376 390 3441 gatos
422 3370 492 3426 ad
524 3369 827 3425 Valentem
866 3365 1253 3421 Valentiniani
1306 3364 1560 3420 senioris
1619 3364 1857 3418 fratrem

220 3458 523 3527 miserunt,
558 3456 994 3528 promittentes,
1021 3455 1070 3510 si
1099 3453 1317 3509 Tracias
1350 3452 1438 3507 vel
1503 3451 1713 3508 Moesia
1746 3450 1861 3505 illis

219 3547 407 3616 daret,
436 3560 500 3602 se
534 3544 900 3600 Christianos
927 3543 1179 3598 futuros.
1213 3543 1254 3595 A
1292 3555 1405 3611 quo
1431 3540 1673 3595 Arriana
1692 3538 1861 3609 perii-

218 3635 333 3706 dia,
359 3648 469 3705 qua
491 3633 616 3704 ipse
635 3632 1029 3701 detinebatur,
1055 3628 1529 3697 imbuti,eandem
1561 3627 1860 3699 perﬁdiam

222 3723 387 3794 quasi
415 3737 519 3793 pro
550 3720 787 3792 generis
807 3719 1249 3791 propinquitate
1274 3718 1650 3787 Ostrogothis
1683 3717 1864 3772 ttGe-

218 3810 692 3885 pidisWisigothi
726 3808 1117 3877 tradiderunt,
1152 3812 1208 3863 et
1231 3807 1341 3878 ipsi
1378 3806 1637 3862 Danubio
1674 3810 1864 3860 trans-

176 3940 181 3947 .
220 3904 434 3956 neato.
469 3899 721 3969 Daciam,
746 3898 975 3953 Mesiam
1021 3902 1076 3952 et
1107 3895 1341 3951 Tracias
1395 3909 1681 3966 permissu
1712 3893 1864 3948 inse-

221 3989 454 4046 derunt.
491 3985 632 4057 (1b.,
665 3987 777 4057 26).
814 3988 1072 4055 Cumquo
1088 3988 1216 4055 post
1254 3988 1411 4039 totas
1436 3982 1864 4053 septentriona-

222 4076 309 4134 les
335 4080 532 4148 partes
550 4088 732 4144 usque
747 4073 1067 4128 Danubium
1084 4076 1289 4128 tenere
1305 4070 1540 4126 vellent.
1561 4071 1633 4127 ab
1657 4069 1862 4125 eodem

217 4163 462 4221 Valente
479 4162 635 4219 bello
650 4160 894 4233 appetiti
910 4165 970 4216 et
993 4160 1249 4217 victores
1272 4158 1430 4229 facti,
1449 4158 1861 4229 imperatorem

222 4251 510 4322 saucium,
534 4264 668 4305 cum
694 4249 749 4304 in
784 4248 1043 4319 proxima
1063 4262 1196 4303 casa
1223 4245 1560 4316 refugisset,
1589 4245 1863 4317 imposito

222 4342 357 4412 igne
387 4340 932 4406 concremaverunt,
967 4339 1250 4405 regnante
1280 4334 1334 4390 in
1368 4333 1588 4390 Gothos
1622 4334 1863 4405 postEr-

222 4428 582 4487 manaricum
617 4425 984 4496 Fridigerno,
1014 4424 1108 4481 cui
1140 4422 1432 4481 successit
1477 4421 1867 4478 Athanaricus

221 4516 359 4575 etei
393 4516 682 4574 Alaricus.
709 4513 977 4584 (1b.,28.)
998 4515 1207 4569 Verum
1240 4510 1712 4569 ubiTheodosius
1733 4525 1863 4567 cum

225 4604 508 4663 Grrciano
536 4618 729 4660 rerum
755 4616 974 4660 summa
1001 4601 1368 4690 potitusest,
1406 4613 1545 4671 pace
1591 4613 1723 4690 cum
1778 4599 1865 4654 eis
1897 4611 1949 4671 ῃ
1983 4599 2167 4690 ὧραί.

223 4696 404 4764 facta,
422 4693 669 4762 benigne
683 4706 786 4749 eos
804 4690 1004 4747 habuit
1030 4708 1044 4758 ;
1070 4689 1170 4746 sed
1188 4688 1322 4744 ﬁliis
1336 4702 1537 4744 eorum
1553 4686 1724 4744 aliter
1736 4702 1866 4744 cum

222 4783 314 4840 eis
334 4781 661 4853 agentibus,
683 4795 813 4838 cum
831 4777 1438 4848 invaderentltaliam,
1458 4775 1691 4833 Alarico
1729 4790 1867 4844 rege

224 4869 506 4928 Stilicone
538 4874 598 4925 et
613 4867 871 4926 Ariliano
890 4866 1260 4932 consulibus,
1282 4866 1417 4922 data
1433 4869 1522 4922 est
1554 4864 1640 4922 eis
1660 4862 1864 4934 Gallia,

225 4957 363 5031 (1b.,
399 4961 513 5031 30.)
547 4962 610 5016 ut
644 4958 1032 5014 defenderent
1074 4970 1200 5012 eam
1231 4969 1261 5011 a
1316 4953 1613 5011 Wandalis
1661 4959 1868 5010 contra

226 5062 377 5119 quos
407 5047 559 5119 apud
595 5045 940 5104 Pollentiam
973 5045 1029 5100 in
1058 5043 1193 5101 dolo
1224 5042 1505 5100 Stilicone
1546 5046 1868 5114 pugnante,

225 5136 418 5194 iratus
441 5134 709 5193 Alaricus
732 5135 968 5191 Romam
1000 5127 1195 5203 rediit,
1220 5132 1456 5202 invasit,
1481 5130 1866 5203 depraedavit,

225 5229 286 5282 et
321 5238 423 5297 per
462 5223 829 5296 Campaniam
861 5228 922 5278 et
944 5221 1199 5278 Siciliam
1234 5220 1302 5275 ad
1364 5220 1635 5277 Aﬂ‘ricam
1685 5225 1870 5275 trans-

225 5313 355 5371 iens
387 5313 655 5382 moritur,
691 5311 749 5367 in
775 5311 1032 5380 Barinto,
1058 5324 1226 5367 amne
1256 5309 1547 5382 sepultus.
1586 5307 1724 5378 Πὸ..
1754 5310 1867 5380 31.)

231 5402 338 5462 Cui
359 5400 671 5461 Athaulfus
700 5400 1027 5460 succedens
1045 5400 1262 5457 iterato
1286 5401 1523 5458 Romam
1554 5403 1615 5456 et
1645 5398 1866 5455 italiam

1963 1944 2017 2000 in
2034 1946 2228 2002 Gallos
2243 1947 2420 2003 movit
2437 1947 3597 2023 exercitum,auxiliatoribusHunis,(Ib.,

1962 2037 2075 2105 35.)
2097 2048 2342 2104 quorum
2366 2040 2534 2091 erant
2564 2050 2734 2106 reges
2762 2036 2931 2092 Bleda
2963 2038 3237 2108 etAttila,
3272 2039 3599 2098 Theodosio

1958 2122 2187 2193 juniore
2222 2123 2903 2194 imperante,Theodosio
2932 2130 2992 2181 et
3017 2127 3210 2182 Flesto
3236 2129 3596 2201 consulibus,

1963 2216 2023 2267 et
2048 2212 2202 2268 datis
2234 2213 2528 2283 utrimque
2568 2213 2793 2269 dextris
2843 2214 3172 2272 discessum
3220 2221 3330 2287 est,
3369 2222 3424 2273 et
3470 2225 3603 2289 post

1967 2299 2088 2355 haec
2116 2300 2314 2370 Attila,
2351 2301 2530 2357 fratre
2579 2301 2911 2373 interfecto,
2969 2304 3122 2360 omni
3167 2307 3464 2362 Hunorum
3506 2322 3602 2378 po-

1970 2388 2106 2460 pulo
2137 2388 2245 2444 sibi
2280 2388 2564 2460 subjecto,
2584 2389 2655 2446 ad
2704 2391 2884 2447 totius
2944 2392 3138 2448 mundi
3211 2394 3600 2466 principatum

1969 2486 2079 2532 ann
2118 2476 2238 2533 lare
2266 2478 2441 2550 cepit,
2504 2480 2585 2533 Ex
2617 2478 2707 2534 his
2754 2479 3110 2535 Jordanis‘"
3154 2482 3605 2555 historiographi

1969 2566 2142 2622 dictis
2165 2564 2386 2636 liquido
2416 2565 2947 2639 colligimus,prius
2982 2570 3410 2641 Wandalorum,
3474 2576 3603 2643 post

1968 2656 2259 2710 Hunorum
2291 2655 2669 2712 inundatione
2710 2656 3045 2713 Occidentis
3119 2659 3423 2731 imperium
3472 2675 3609 2716 con-

1966 2757 2203 2799 cussum
2233 2757 2384 2800 6886.

2039 2849 2158 2921 (fol.
2188 2849 2304 2922 29")
2342 2851 2611 2923 [Nasutus
2638 2851 2841 2922 X,13.]
2894 2853 3073 2909 Adam
3135 2854 3445 2926 plasmatio
3504 2856 3605 2913 Dei

1969 2940 2113 2996 vivit
2142 2940 2344 3009 genuit
2377 2941 2535 3010 Seth,
2570 2941 2705 2997 Seth
2729 2942 2929 3011 genuit
2945 2942 3118 3010 Enos,
3145 2946 3300 3001 Enos
3333 2947 3603 3018 Caynam,

1971 3030 2155 3100 Cayna
2192 3030 2393 3085 henuit
2423 3030 2716 3087 Mahaleel.
2738 3030 3009 3088 Mahaleel
3037 3047 3269 3105 quoque
3301 3034 3609 3104 genuitla-

1970 3118 2119 3185 reth,
2151 3119 2351 3173 Jareth
2374 3117 2441 3151 ³³⁸
2471 3120 2689 3190 Enocb,
2724 3120 2917 3176 Euoch
2950 3121 3315 3192 Matusalem,
3364 3123 3613 3180 Matnsa-

1970 3204 2082 3261 lam
2114 3207 2379 3277 Lamech,
2412 3208 2652 3263 Lamech
2685 3209 2885 3278 genuit
2918 3210 3054 3280 Noe,
3102 3211 3221 3267 Noe
3278 3212 3479 3282 genuit
3521 3212 3614 3267 Ja-

1972 3295 2111 3364 feth,
2148 3296 2245 3366 qui
2274 3296 2543 3352 dilatavit
2572 3297 2853 3353 terminos
2896 3299 3103 3354 suosin
3118 3300 3368 3371 Europa,
3399 3300 3523 3356 Sem
3557 3300 3613 3356 in

1970 3384 2123 3451 Asia,
2161 3385 2331 3440 Cham
2366 3385 2420 3440 in
2452 3385 2681 3441 Aﬁ‘rica.
2714 3386 2904 3441 Jafeth
2936 3387 3139 3456 genuit
3173 3388 3375 3459 Johan,
3431 3388 3612 3445 Johan

1972 3473 2214 3538 Lobath,
2249 3473 2465 3529 Lobath
2501 3473 2661 3543 Bath,
2700 3475 2841 3529 Bath
2876 3490 3108 3545 quoque
3129 3476 3326 3545 genuit
3381 3476 3612 3546 Hisrau,

1974 3560 2180 3617 Hisrau
2209 3561 2405 3631 Esraa,
2425 3563 2605 3617 Esraa
2626 3563 2729 3631 Ra,
2747 3563 2825 3617 Ra
2839 3563 3042 3632 genuit
3068 3565 3241 3634 Abyr,
3261 3565 3415 3635 Abyr
3440 3564 3611 3634 Ooth,

1975 3648 2122 3705 Ooth
2139 3650 2375 3712 Ethech.
2394 3651 2613 3706 Ethech
2637 3651 3248 3721 Aurchact,Aurchact
3273 3653 3612 3724 Ecthactus,

1974 3738 2293 3793 Ecthactus
2359 3752 2592 3809 quoque
2669 3739 2873 3809 genuit
2916 3740 3090 3811 Mayr,
3141 3741 3299 3811 Mayr
3363 3741 3611 3811 Semion,

1977 3826 2202 3882 Semion
2237 3826 2399 3897 Boib,
2429 3827 2566 3882 Boib
2597 3827 2771 3898 Thoy,
2795 3828 2952 3900 Thoy
2975 3828 3276 3899 Ogomuin,
3309 3829 3614 3900 Ogomuin,

1977 3917 2210 3986 Fetuyr,
2256 3916 2470 3986 Fctuyr
2520 3914 2760 3973 Alanum
2785 3916 2875 3989 ('),
2902 3918 2998 3988 qui
3033 3917 3257 3989 primus
3304 3917 3459 3974 venit
3544 3920 3618 3975 ad

1975 4013 2265 4084 Europam
2294 4027 2423 4068 cum
2449 4013 2641 4069 tribus
2675 4013 2811 4071 ﬁliis
2867 4013 3012 4086 suis,
3071 4014 3369 4086 Ysichion,
3423 4018 3619 4073 Arme-

1978 4116 2111 4170 non,
2137 4101 2355 4170 Neugio
2388 4119 2402 4168 ;
2435 4101 2703 4158 Ysichion
2735 4102 2937 4171 genuit
2969 4101 3142 4160 Filios
3172 4107 3226 4174 4,
3255 4105 3537 4162 Francum
3586 4119 3617 4161 a

1978 4204 2093 4261 quo
2127 4189 2683 4259 Franci,Romannm
2708 4204 2737 4246 a
2761 4204 2878 4261 quo
2900 4192 3133 4248 Romam
3168 4191 3550 4251 Alamannum
3586 4209 3617 4251 a

1978 4292 2093 4349 quo
2125 4277 2444 4347 Alamanni,
2483 4278 2828 4348 Brittonum,
2865 4292 3026 4350 aquo
3059 4280 3375 4339 Brittones.
3421 4285 3617 4340 Arme-

1978 4381 2089 4423 non
2114 4371 2145 4423 5
2174 4365 2374 4437 genuit
2402 4365 2572 4435 ﬁlios,
2606 4366 2854 4423 Gothum
2888 4381 2917 4423 a
2951 4382 3066 4438 quo
3101 4368 3293 4436 Gothi,
3355 4369 3618 4441 Walago—

1977 4456 2142 4512 thum
2159 4469 2188 4511 a
2204 4470 2318 4525 quo
2335 4453 2677 4525 Walagothi,
2708 4455 2973 4512 Cibidum
2988 4469 3140 4527 aquo
3155 4456 3343 4514 Cibidi
3362 4460 3620 4529 Burgun-

1980 4560 2109 4602 cum
2140 4557 2171 4599 a
2213 4558 2326 4614 quo
2359 4543 2677 4614 Burgundi,
2713 4543 3151 4614 Langobardum
3175 4559 3205 4600 a
3253 4560 3367 4616 quo
3405 4546 3622 4617 Lango-

2204 4632 2457 4703 Neugrio
2514 4636 2547 4689 4
2587 4632 2788 4689 habuit
2850 4631 3021 4703 ﬁlios,
3075 4633 3358 4704 Bogarum
3405 4649 3436 4692 a
3506 4649 3621 4707 quo

1983 4722 2212 4792 Bogari,
2245 4722 2589 4778 Wandalum
2623 4736 2652 4778 a
2679 4736 2794 4793 quo
2825 4721 3109 4793 Wandali,
3135 4722 3418 4780 Saxonem
3449 4738 3480 4780 a
3505 4738 3621 4796 quo

1983 4812 2258 4881 Saxones,
2288 4810 2650 4881 Taringuma
2701 4825 2816 4881 quo
2873 4810 3155 4882 Taringi;
3205 4814 3265 4867 et
3316 4812 3389 4869 ab
3439 4811 3622 4870 Alano

1984 4906 2149 4972 patre
2179 4898 2321 4955 dicti
2352 4904 2484 4955 sunt
2518 4898 2702 4956 Alani.
2739 4900 2871 4956 Haec
2903 4903 3112 4970 gentes
3135 4915 3237 4973 per
3260 4903 3445 4958 totam
3512 4902 3621 4959 Eu-

1985 5003 2182 5061 ropam
2208 4988 2412 5045 divisae
2443 4992 2599 5045 sunt.

1983 5122 2044 5196 (‘)
2072 5125 2199 5180 Hoc
2215 5122 2599 5196 potissimum
2626 5123 2747 5180 loco
2777 5124 3217 5195 gematiarm,
3237 5125 3619 5200 populorum,

2052 5213 2265 5285 quales
2285 5214 2352 5270 in
2380 5209 2679 5270 codicibus
2699 5212 2841 5269 inde
2860 5211 2935 5270 ab
2979 5213 3222 5271 ineunte
3241 5228 3392 5273 nono
3404 5218 3619 5275 sucula

2059 5304 2201 5376 legi,
2233 5300 2447 5360 sistere
2462 5301 2710 5373 placet;
2731 5299 2879 5358 sunt
2903 5300 3104 5358 autem
3128 5300 3221 5360 Ιιω
3247 5321 3261 5360 :
3306 5322 3310 5326 ·

2054 5417 2105 5469 4.
2134 5409 2874 5481 00d.ragiusParis.Nro.
2904 5413 3027 5466 009.
3061 5422 3175 5469 me
3199 5410 3295 5469 IX
3333 5413 3620 5474 ineuntis.

1587 5532 1825 5590 VARIE
1869 5528 2265 5591 LECTIONES.

302 5634 370 5672 ¹⁸ι
396 5635 542 5707 Hac
566 5633 900 5707 {munda
922 5632 1224 5707 ridentur.
1259 5630 1328 5707 ‘3'
1356 5632 1701 5707 provenisse
1728 5644 1880 5694 corr.
1910 5627 2270 5706 praevenisse
2290 5639 2338 5686 ο.
2373 5623 2442 5661 ¹³³
2465 5624 2678 5684 subdet
2702 5637 2750 5683 ο.
2788 5623 2853 5697 (?)
2882 5622 2950 5660 ω
2996 5624 3268 5685 Iordanis
3313 5639 3466 5688 corr.
3504 5628 3632 5687 Jor-

228 5704 441 5769 nandis
461 5721 510 5777 c,
567 5700 874 5766 πίω*θώ
902 5717 1054 5765 corr.
1111 5700 1311 5764 Jareth
1340 5700 1389 5765 ὁ.
