3922 6402
393 412 471 479 83

1348 411 1711 479 HUGONIS
1751 402 2108 474 ABBATIS
2148 396 2830 467 FLAVINIACENSIS

3727 394 3801 456 84

396 546 711 623 clangoris,
730 547 1018 623 strepitus
1038 553 1095 606 et
1124 546 1480 609 ululationis.
1497 544 2038 607 Ditﬂunditurbosti-
2063 534 2123 601 Α
2153 540 2421 610 praeerat,
2440 541 2503 593 ut
2521 534 2739 595 dictum
2763 535 2873 600 est,
2892 527 3140 623 misitad
3166 524 3585 623 Theodoricum
3601 537 3798 623 regem

398 638 473 697 lis
503 640 683 710 acies,
712 639 853 697 ﬁunt
879 640 1341 697 Christianorum
1364 640 1577 709 caedes,
1596 639 1781 696 ﬂuunt
1808 638 2041 708 sangui-

401 728 491 785 nis
516 729 745 787 llumina
782 729 978 787 hostili
1012 729 1366 786 credulitate
1398 730 1659 801 profusa,
1685 743 1797 784 non
1832 726 2041 784 bestia-

402 832 527 874 rum
544 819 644 874 sed
660 818 952 875 hominum
977 834 1187 875 cruore
1214 819 1523 874 manantia.
1543 820 1750 875 Senum
1791 817 1886 888 qui
1914 814 2045 872 reli-

402 906 499 976 qui
524 911 693 963 erant
714 906 781 940 “’
806 922 972 964 nemo
997 907 1664 977 miserabatur,juvenes
1686 908 1902 976 absque
1926 919 2045 960 res-

404 1001 578 1066 pectu
613 995 1079 1053 trucidabantur.
1108 998 1386 1053 Matribus
1415 1000 1473 1053 et
1503 995 1829 1065 virginibus
1872 992 2043 1050 nichil

408 1084 850 1154 pudoris,nichil
868 1086 1234 1143 verecundiae
1250 1090 1544 1142 servatum
1560 1090 1675 1151 est;
1693 1085 1887 1157 pueris
1900 1088 1955 1139 et
1975 1084 2050 1138 in-

408 1172 665 1229 fantibus
691 1174 993 1229 misertum
1027 1189 1139 1230 non
1172 1178 1283 1230 est.
1310 1172 1834 1244 Pervenitgladius
1864 1186 2047 1242 usque

408 1261 479 1317 ad
509 1262 772 1318 animam.
811 1265 948 1319 Cum
980 1268 1114 1319 ante
1146 1263 1351 1320 oculos
1384 1263 1601 1320 reduco
1635 1262 1788 1333 quod
1831 1263 2047 1318 factum

351 1426 359 1437 ο
408 1356 523 1423 est,
559 1369 677 1424 prae
709 1352 932 1411 doloris
956 1353 1345 1409 amaritudine
1371 1369 1481 1409 vox
1504 1353 1629 1424 ipsa
1652 1351 2047 1419 concluditur,

413 1441 543 1511 quia
570 1441 623 1498 in
652 1446 807 1499 tanta
837 1442 1022 1513 plebis
1042 1442 1139 1498 Dei
1163 1442 1492 1499 vastasione
1525 1446 1706 1497 meret
1744 1456 1924 1508 mens,
1949 1455 2052 1495 cor

413 1531 712 1587 cruciatur
730 1537 786 1588 et
803 1532 1049 1604 Spiritus
1064 1531 1352 1588 anxiatur.
1372 1532 1668 1598 Miserere,
1685 1530 1939 1585 Domine.
1959 1544 2054 1600 po-

414 1618 552 1689 pulo
575 1626 699 1691 tuo,
727 1620 984 1678 funiculo
1008 1620 1356 1677 hereditatis
1379 1625 1494 1677 tua;
1516 1620 1538 1675 ?
1562 1621 1638 1675 Ne
1662 1619 1903 1676 deseras
1929 1633 2055 1689 par-

413 1711 531 1764 tem
554 1713 712 1764 tuam
740 1724 849 1764 nec
871 1709 975 1765 des
997 1724 1121 1764 eam
1156 1709 1213 1763 in
1241 1708 1741 1764 conculcationem
1772 1706 2051 1776 gentium.

488 1797 799 1854 Numerum
834 1797 1012 1867 igitur
1042 1801 1475 1869 peremptorum
1510 1796 1633 1851 sola
1668 1796 1765 1851 Dei
1813 1783 2077 1851 scientia.

2154 626 2628 696 Wisigothorum,
2656 629 2864 695 petens
2889 619 3166 677 auxilium
3199 623 3402 675 contra
3436 617 3659 686 Hunos,
3680 615 3802 686 qui-

2154 717 2262 773 bus
2291 715 2335 771 si
2364 714 2835 786 pr:evaluissent,
2855 710 3099 767 mediam
3126 711 3349 780 partem
3374 705 3574 762 Galliae
3595 704 3802 762 Gothis

2155 805 2340 861 daret.
2361 802 2583 875 [ηειδελ]
2599 801 2762 868 Quod
2786 804 2846 856 et
2866 796 3264 855 Theodoricus
3278 795 3498 851 annuit.
3517 792 3801 863 Aliosque

2156 894 2394 949 mittens
2425 891 2669 947 nuncios
2701 889 2769 945 ad
2806 886 3046 943 Attilam
3081 900 3277 955 regem
3300 885 3617 952 Hunorum,
3641 882 3805 938 auxi—

2157 981 2295 1038 lium
2329 980 2533 1053 petivit
2567 984 2774 1035 contra
2808 975 3028 1032 Gothos
3051 973 3148 1045 qui
3172 972 3411 1029 Galliam
3436 972 3805 1028 conabantur

2158 1069 2432 1127 invadere
2458 1086 2471 1134 ;
2498 1068 2710 1139 quibus
2728 1066 2776 1123 si
2803 1063 3273 1138 praevaluissent,
3303 1060 3547 1116 mediam
3572 1069 3807 1133 partem

2159 1160 2357 1217 Gallia)
2390 1158 2569 1214 Hunis
2599 1157 2785 1213 daret.
2815 1154 2979 1221 Quod
3012 1168 3142 1209 cum
3175 1156 3232 1207 et
3268 1150 3444 1207 Attila
3477 1148 3806 1218 annuisset,

2160 1249 2453 1318 utrimque
2479 1246 2653 1302 Gothi
2686 1250 2744 1301 et
2772 1244 2916 1301 Huni
2945 1257 3049 1315 pro
3074 1246 3238 1314 parte
3263 1237 3458 1296 Galliae
3475 1238 3639 1309 gravi
3673 1252 3816 1294 con-

2162 1338 2365 1408 ﬂigunt
2398 1334 2717 1392 certamine
2771 1334 2955 1405 [Jonn.
2989 1331 3099 1403 41.]
3136 1333 3293 1387 C;esa
3334 1332 3471 1385 sunt
3500 1342 3569 1384 eo
3607 1326 3812 1399 praelio

2161 1426 2615 1495 Wisigothorum
2646 1423 2898 1479 ducenta
2932 1420 3086 1476 milia
3110 1433 3239 1476 cum
3264 1432 3399 1487 rege
3421 1415 3807 1485 Theoderico,

2166 1517 2458 1571 Hunorum
2484 1528 2623 1568 vero
2649 1514 2882 1567 centum
2908 1507 3324 1580 quinquaginta
3350 1504 3813 1576 milia,exceptis

2165 1604 2232 1636 1⁵³
2261 1605 2331 1660 90
2362 1603 2595 1659 milibus
2643 1600 2990 1673 Gepidarum
3023 1601 3080 1653 et
3111 1598 3484 1665 Francorum,
3516 1594 3614 1666 qui
3657 1594 3815 1650 inter

2168 1708 2232 1749 se
2263 1696 2395 1749 ante
2427 1690 2898 1761 congressionem
2934 1686 3223 1759 publicam
3276 1683 3491 1740 mutuis
3535 1682 3812 1740 cecidere

2167 1781 2527 1850 vulneribus,
2570 1779 2801 1835 l’rancis
2848 1792 2951 1849 pro
3000 1776 3408 1843 Romanorum,
3441 1771 3680 1843 Gepidis
3710 1786 3813 1842 pro

417 1884 667 1955 colligit,
686 1885 815 1955 quia
840 1863 1180 1941 civitatibus
1201 1863 1579 1955 castellisque
1604 1884 1933 1941 Wandalica
1959 1900 2059 1940 nu-
2085 1895 2143 1958 Β
2173 1872 2214 1925 Π

2228 1885 2466 1927 unorum
2527 1874 2692 1940 parte
2748 1863 3143 1938 pugnantibus
3200 1865 3484 1917 nocturno
3534 1874 3810 1917 occursu.

424 1988 527 2045 per
538 1973 889 2030 crudelitate
905 1974 1059 2030 dirut
1072 1974 1118 2031 is
1132 1978 1305 2044 atque
1319 1974 1625 2044 expositis,
1643 1973 1740 2029 vix
1754 1973 1908 2030 ullus
1932 1976 2058 2029 erat

422 2062 685 2133 receptui
710 2063 894 2133 locus,
920 2063 1015 2119 vix
1039 2062 1193 2120 ullus
1216 2063 1362 2133 fuga:
1388 2064 1623 2134 patebat
1644 2062 1855 2119 aditus.
1884 2062 1939 2118 Si
1964 2062 2060 2133 qui

419 2165 560 2206 vero
592 2165 654 2206 se
688 2151 744 2207 in
776 2152 997 2207 abditis
1024 2152 1297 2208 silvarum
1322 2150 1739 2222 occuluissent,
1768 2150 2060 2223 pallebant

422 2241 738 2297 marcentia
771 2257 906 2297 ossa
932 2240 1170 2311 jejunio,
1208 2240 1531 2312 prmscrtim
1576 2256 1706 2297 cum
1748 2244 1805 2297 et
1840 2240 1915 2296 ibi
1951 2256 2062 2297 non

424 2329 659 2385 deess:t
676 2330 770 2401 qui
797 2330 1470 2400 latentesinvestigaret,
1488 2330 1759 2387 inventos
1778 2330 2062 2397 traheret,

423 2420 648 2474 tractos
680 2423 1103 2490 pros‘erneret.
1141 2419 1233 2475 Sic
1268 2420 1509 2475 maxima
1565 2434 1700 2491 pars
1752 2417 2064 2474 Galliarum

428 2505 678 2563 hostium
715 2507 907 2578 praeda
941 2507 1210 2577 efﬁcitur,
1245 2508 1518 2563 civitates
1567 2508 1775 2579 aliqua:
1827 2522 1971 2579 pene
2002 2504 2070 2539 ¹⁸⁰

428 2596 650 2665 absque
681 2596 1038 2652 habitatione
1064 2596 1533 2666 rcdduntur:qui
1554 2610 1815 2657 evasere.
1835 2595 1888 2649 in
1912 2594 2071 2650 abdi-

432 2683 507 2739 tis
540 2685 840 2756 montium,
875 2685 928 2740 in
963 2685 1230 2742 cavernis
1267 2690 1559 2757 petrarum
1603 2685 1780 2740 vitam
1830 2683 2069 2739 trahunt

432 2772 629 2843 potius
654 2788 821 2842 quam
847 2774 1165 2831 deducunt.
1188 2775 1341 2830 Adeo
1366 2774 1420 2829 in
1447 2788 1587 2829 nece
1610 2772 1807 2845 populi
1831 2786 2075 2844 peccan-

432 2858 511 2915 tis
540 2859 621 2915 ira
654 2860 993 2918 deseviebat
1019 2862 1319 2919 Altissimi.
1344 2862 1550 2919 Plures
1572 2860 1633 2894 ¹⁸¹
1663 2867 1851 2917 tamen
1889 2874 2077 2915 sacer-

432 2946 777 3005 dotumcum
795 2951 1065 3022 plebibus
1090 2951 1199 3007 sibi
1226 2951 1555 3008 commissis
1575 2950 1630 3005 in
1656 2947 2078 3006 munitionibus

419 3035 504 3091 ’ad
542 3052 668 3108 quae
692 3040 1074 3109 confugerant
1108 3055 1365 3110 quasque
1391 3040 1678 3095 attentius
1702 3037 2082 3110 praemunive-

439 3129 571 3179 rant
602 3141 671 3180 ex
706 3127 984 3199 periculis
1017 3127 1083 3161 ¹⁵²
1112 3127 1470 3199 quibuslibet
1499 3128 1689 3183 divina
1717 3126 2082 3199 protectione

434 3216 494 3268 et
524 3214 767 3271 humana
790 3216 1130 3273 defensione
1152 3217 1384 3273 liberati
1408 3223 1561 3272 sunt.
1591 3218 1705 3272 Hac
1726 3216 1920 3285 itaque
1945 3219 2085 3270 tem-

398 3315 403 3318 ·
445 3309 672 3374 pestate
691 3305 895 3361 beatus
912 3306 1547 3378 Lupnsevidentissima
1563 3305 1856 3361 deditsnze
1873 3303 2082 3359 sancti-

434 3393 580 3449 tatis
602 3394 787 3463 signa,
826 3395 945 3465 qui,
975 3398 1034 3451 ut
1062 3395 1117 3450 in
1135 3411 1324 3465 ymmo
1345 3395 1470 3462 ejus
1491 3395 1742 3463 canitur,
1768 3394 1908 3449 dum
1931 3392 2084 3448 bella

435 3483 650 3540 cuncta
649 3484 989 3555 perderent.
1008 3485 1232 3541 orando
1254 3486 1465 3542 Trecas
1483 3484 1721 3540 muniit.
1743 3485 1803 3538 In
1818 3481 1967 3538 omni
1979 3482 2086 3537 bus

445 3573 637 3626 autem
672 3570 814 3627 locis
847 3587 975 3643 quae
1007 3573 1078 3628 ab
1112 3572 1197 3628 eis
1230 3575 1453 3629 vastata
1481 3576 1637 3639 sunt,
1660 3571 1707 3626 si
1734 3571 1869 3642 quid
1893 3571 2087 3625 inven-

442 3662 565 3713 tum
598 3663 691 3713 est
723 3674 918 3731 opum,
956 3662 1149 3732 przeda
1184 3662 1323 3726 fuit;
1359 3660 1582 3731 reliqua
1613 3659 1972 3730 consumpsit
2007 3658 2089 3713 in-

439 3744 706 3804 cendium
739 3752 834 3803 aut
862 3749 1107 3804 redemit
1129 3748 1381 3820 vectigal
1404 3763 1675 3804 annuum.
1695 3747 1839 3814 Quid
1865 3746 1933 3779 ¹⁶³
1956 3761 2090 3802 vero

445 3850 550 3906 per
582 3835 843 3906 singulas
877 3839 1054 3895 urbes
1074 3843 1134 3893 et
1154 3838 1279 3894 loca
1307 3837 1556 3908 egerint,
1575 3836 1822 3906 singulis
1848 3836 2090 3892 urbibus

449 3927 510 3979 et
542 3922 690 3980 locis
724 3940 827 3982 sua
858 3927 1092 3983 vexatio
1125 3927 1270 3983 satis
1303 3940 1596 3998 superque
1617 3930 1709 3982 est
1736 3924 2088 3981 testimonio.

458 4013 574 4069 Nos
606 4013 866 4071 breviter
895 4016 1026 4085 quis
1055 4015 1182 4085 ejus
1214 4015 1470 4072 audacias
1500 4014 1630 4070 ﬁnis
1678 4013 1851 4071 fuerit
1901 4012 2095 4069 videa-

452 4117 600 4173 mus,
636 4117 694 4160 et
723 4104 807 4161 sic
840 4120 905 4161 ac
936 4106 1325 4161 enarrandum
1386 4103 1541 4160 beati
1585 4102 1695 4158 viri
1742 4102 1964 4158 obitum
2008 4116 2097 4156 re-

452 4191 754 4251 ﬂectamus
785 4194 1116 4251 articulum.

537 4286 673 4340 Post
708 4283 944 4341 multam
977 4283 1154 4354 igitur
1177 4282 1516 4339 eﬂ‘usiouem
1541 4280 1843 4350 sanguinis
1866 4283 2096 4336 sancto-

449 4392 576 4435 rum
610 4374 939 4432 Aurelianis
975 4372 1340 4445 perveniunt.
1370 4372 1627 4440 Regebat
1650 4368 1717 4402 ³⁸⁴
1738 4383 1808 4424 eo
1832 4373 2096 4438 tempore

449 4464 920 4524 Aurelianensem
955 4463 1157 4518 urbem
1189 4465 1430 4517 sanctus
1461 4459 1736 4528 Anianus,
1772 4460 1975 4514 sextus
2006 4470 2100 4511 ur-

450 4556 541 4613 bis
559 4554 820 4626 ejusdem
843 4552 1178 4624 episcopus,
1199 4550 1293 4620 qui
1324 4552 1452 4621 post
1478 4554 1741 4605 sanctum
1768 4545 2093 4615 Evantium,

2175 1957 2392 2031 [Fusa]
2429 1956 2519 2013 Sic
2551 1954 2917 2012 orationibus
2958 1952 3113 2008 beati
3164 1949 3368 2006 Aniani
3408 1953 3464 2004 et
3520 1947 3813 2004 industria

2173 2047 2322 2105 Aetii
2360 2044 2589 2118 patricii
2622 2044 2829 2100 civitas
2871 2040 3202 2098 Aurelianis
3245 2038 3488 2094 liberata
3520 2040 3630 2093 est.
3668 2036 3814 2092 Huni

2173 2152 2312 2194 vero
2366 2150 2497 2192 cum
2559 2131 2931 2203 Ostrogotbis
2983 2130 3037 2185 in
3096 2127 3472 2185 Mauriacensi
3553 2125 3815 2182 resident

2174 2224 2493 2297 campania.
2510 2220 2968 2279 Thorsimundus
2984 2223 3174 2275 autem
3200 2217 3297 2289 qui
3322 2214 3471 2288 patri
3496 2214 3552 2270 in
3575 2229 3813 2285 regnum

2176 2316 2567 2380 successerat,
2604 2312 2852 2368 collecto
2885 2307 3341 2378 Wisigothorum
3371 2303 3520 2361 omni
3551 2304 3813 2361 exercitu

2176 2410 2400 2478 patrem
2453 2401 2657 2459 ulcisci
2709 2399 3075 2467 desiderans,
3129 2412 3257 2453 cum
3306 2393 3486 2450 Hunis
3529 2393 3816 2450 Mauriaco

2176 2507 2380 2565 campo
2410 2490 2689 2560 conﬂigit.
2728 2489 2911 2560 [Jono.
2939 2485 3050 2556 38.]
3086 2484 3294 2541 Tribus
3319 2484 3524 2540 diebus
3544 2482 3817 2538 continuo

2179 2585 2495 2655 pugnatum
2520 2586 2632 2649 est,
2659 2579 2983 2648 Sangibano
3006 2575 3073 2608 ³⁵9
3095 2590 3325 2647 semper
3348 2573 3402 2628 in
3424 2571 3611 2628 medio
3636 2572 3817 2642 posito

2180 2687 2249 2727 ne
2265 2670 2333 2727 ad
2352 2668 2589 2725 Attilam
2607 2667 3033 2734 deﬂecteret,et
3051 2659 3489 2719 innumerabilis
3507 2659 3813 2716 multitudo

2182 2759 2429 2818 corruit.
2456 2757 2624 2813 Etius
2645 2771 2783 2812 vero
2814 2752 3062 2811 COnSlliO
3094 2758 3371 2807 strenuus
3393 2753 3568 2805 noctu
3589 2747 3819 2805 veniens

2185 2848 2253 2904 ad
2282 2846 2517 2903 Attilam
2540 2845 2715 2901 dixit:
2737 2845 3085 2916 Optarei'am
3100 2841 3281 2897 »ιιιίιια
3294 2838 3821 2909 virtuteregiom

2186 2937 2341 2994 hanc
2363 2951 2399 2992 α
2433 2934 2896 3006 ii’isz‘gollzorum
2913 2926 3632 3003 infestationepotuissem
3645 2926 3821 2997 στέρε-

2185 3025 2457 3097 τιτᾳιιοίί
2482 3024 2629 3096 ﬁeri
2666 3034 3049 3093 neguaquam
3078 3016 3443 3090 potest.Hac
3480 3015 3640 3072 enim
3679 3015 3829 3071 nocte

2198 3114 2590 3173 Theodericus
2618 3109 2986 3169 Thorsimodz‘
2997 3108 3212 3181 frater
3242 3119 3367 3163 cum
3400 3103 3679 3161 maxima
3713 3100 3831 3159 Gol—

2194 3204 2404 3260 hm'wm
2417 3202 2592 3274 gente
2613 3200 2875 3270 ademit,
2900 3212 3074 3269 quem
3088 3193 3419 3268 metiendo
3456 3194 3700 3249 oinme
3731 3204 3832 3247 non

2191 3292 2432 3365 poteris,
2451 3291 2748 3346 etutinam
2765 3288 3014 3345 evadere
3014 3285 3232 3357 possis.
3254 3280 3470 3356 [Fnsm]
3487 3282 3647 3337 Tunc
3666 3276 3831 3335 Attila

2199 3380 2356 3437 dedit
2380 3380 2515 3436 Ecio
2542 3380 2739 3435 decem
2774 3376 2927 3433 milia
2955 3374 3382 3442 solidorum,ut
3406 3371 3533 3442 ejus
3548 3368 3771 3426 auxilio
3785 3371 3831 3422 cl.

2198 3470 2417 3527 virtute
2450 3467 2799 3524 Pannoniam
2836 3464 3027 3520 redire
3060 3466 3279 3535 posset.
3305 3461 3430 3532 Ipsa
3463 3457 3639 3514 etiam
3682 3459 3836 3514 nocte

2200 3559 2367 3615 Etius
2403 3557 2472 3613 ad
2503 3554 2985 3613 Thorsimundum
3020 3566 3285 3624 pergens,
3312 3562 3543 3605 causam
3578 3545 3839 3603 consimi-

2202 3648 2313 3705 lem
2340 3648 2410 3703 de
2447 3647 2702 3702 adventu
2738 3643 3000 3699 maximae
3043 3637 3437 3697 multitudinis
3475 3638 3779 3693 Hunorum
3812 3648 3837 3691 ει

2203 3735 2515 3793 Pannoniis
2538 3732 2836 3802 confinxit,
2861 3731 3165 3802 adjiciens,
3192 3728 3404 3784 debere
3426 3724 3591 3781 illum
3632 3723 3835 3791 vereri,

2206 3840 2275 3880 ne
2299 3824 2434 3880 dum
2459 3824 2805 3891 remoratur,
2834 3820 3013 3875 frater
3043 3817 3171 3887 ejus
3191 3812 3578 3871 Theodericus
3605 3825 3837 3883 regnum

2206 3913 2259 3969 ei
2302 3911 2656 3983 subriperet.
2687 3908 3081 3979 Similiterque
3119 3902 3407 3976 susceptis
3449 3902 3520 3958 ab
3552 3915 3624 3958 eo
3648 3900 3837 3958 decem

2208 4001 2443 4057 milibus
2464 3998 2784 4056 solidorum
2808 3995 3087 4053 auxilium
3125 3993 3370 4066 Spondet
3395 3994 3602 4047 contra
3627 3989 3835 4058 Hunos,

2207 4090 2375 4147 etsic
2397 4090 2545 4147 clam
2573 4086 2880 4157 Wisigothi
2924 4085 3226 4141 recedunt.
3254 4081 3353 4138 His
3395 4095 3535 4150 ergo
3580 4077 3840 4148 fugienti-

2210 4183 2338 4251 bus,
2365 4179 2546 4236 Hunis
2597 4191 2828 4249 quoque
2870 4174 3052 4231 altera
3095 4189 3167 4229 ex
3207 4175 3372 4243 parte
3412 4167 3837 4233 recedentibus,

2209 4267 2629 4339 Etius.junctis
2655 4265 2765 4321 sibi
2793 4263 3047 4332 Francis,
3074 4276 3212 4318 suos
3248 4263 3375 4332 post
3411 4261 3639 4327 tergum
3665 4256 3842 4310 Huno-

2210 4374 2335 4415 rum
2360 4356 2594 4413 direxit.
2615 4356 2769 4421 Quos
2793 4349 3313 4423 usqueToringiam
3330 4348 3837 4419 persequutusest,

2210 4453 2266 4505 et
2292 4447 2371 4504 sic
2394 4446 2519 4517 ejus
2542 4445 2758 4501 virtute
2781 4448 2841 4498 et
2865 4441 3097 4511 ingenio
3121 4438 3301 4496 Gallia
3324 4438 3396 4493 ab
3418 4434 3691 4492 hostibus
3714 4431 3844 4488 libe-

2213 4537 2556 4593 ratur.Cum
2582 4534 2761 4605 igitur
2790 4533 2915 4588 haec
2957 4530 3132 4586 factio
3171 4525 3547 4584 Thorsimodo
3569 4526 3625 4578 et
3651 4520 3842 4579 Gothis

449 4642 547 4715 qui
578 4613 842 4712 tempore
877 4613 1243 4695 Gonstantin'i
1278 4613 1559 4707 principis
1592 4639 1650 4690 et
1691 4648 1854 4706 papae
1888 4613 2096 4687 Silves-
2128 4613 2181 4673 D
2214 4625 2436 4715 perlata
2462 4624 2671 4681 fuisset
2693 4626 2753 4678 et
2776 4620 2859 4715 illi
2886 4619 3232 4692 promissam
3269 4614 3468 4707 Galliae
3500 4616 3742 4715 partem
3767 4623 3844 4665 re-

448 4729 529 4785 tri
560 4727 856 4784 Dellniano
899 4726 1210 4795 successit,
1253 4724 1590 4780 cathedram
1623 4724 1989 4792 susceperat.

525 4818 710 4890 μου,
745 4814 856 4885 37.]
891 4815 1120 4869 Etcum
1173 4811 1240 4845 ³³⁸
1289 4812 1455 4868 Etius
1505 4809 1809 4882 patricius,
1847 4808 1945 4879 qui
1994 4807 2101 4864 sub

432 4904 740 4977 Marciano
765 4901 1027 4974 principe
1050 4900 1264 4956 Gallias
1289 4901 1549 4969 regebat,
1568 4897 1956 4968 comperisset
1984 4895 2104 4949 Sin-

421 4993 727 5065 ‘gibanum
756 4990 823 5025 “°
853 4989 1262 5046 Wandalorum
1298 5002 1515 5057 regem,
1543 4986 1639 5057 qui
1671 4986 1725 5040 in
1752 4999 1819 5041 ea
1844 4985 2106 5041 moraba-

459 5086 558 5138 tur
579 5086 640 5137 et
670 5079 940 5152 partibus
969 5077 1083 5134 Etii
1107 5077 1337 5132 favebat
1355 5074 1800 5132 Aurelianorum
1827 5072 2108 5129 velletra-

462 5170 600 5226 dere
629 5170 947 5238 civitatem,
980 5165 1074 5223 cui
1104 5163 1170 5198 “7
1204 5167 1443 5221 sanctus
1487 5163 1747 5220 Anianus
1789 5160 2108 5233 episcopus

2214 4714 2536 4785 quircrent,
2570 4708 2875 4767 urbiculus
2915 4722 3129 4763 aureus
3180 4704 3624 4777 quingentarum
3683 4698 3844 4755 libra-

2214 4819 2339 4860 rum
2362 4801 2429 4834 ¹⁰⁰
2448 4800 2691 4871 gemmis
2711 4802 2954 4855 ornatus
2978 4792 3423 4866 compositionis
3452 4803 3628 4848 causa
3664 4788 3750 4844 eis
3782 4787 3843 4842 ab

2215 4891 2343 4947 Etio
2397 4887 2839 4956 transmittitur,
2878 4885 2974 4956 qui
3031 4898 3218 4953 usque
3250 4879 3419 4937 hodie
3451 4878 3509 4935 in
3558 4874 3845 4932 thesauris

2216 4980 2532 5035 Gothorum
2564 4991 2667 5048 pro
2698 4979 2907 5031 ornatu
2940 4975 3300 5030 reservatur.
3352 4990 3359 4995 τ

2292 5069 2475 5141 [Jono.
2513 5064 2621 5135 40.]
2658 5066 2865 5120 Narrat
2898 5062 2963 5097 “1
2992 5064 3266 5119 Getarum
3308 5056 3572 5127 historia,
3603 5053 3844 5111 Theodo-

2222 5157 2404 5214 ricum
2435 5154 2894 5224 Wisigothorum
2926 5165 3119 5221 regem
3144 5164 3174 5206 a
3198 5145 3603 5205 Valentiniano
3627 5142 3845 5214 juniore

1828 5264 2065 5321 VARle
2106 5260 2506 5322 LECTIONES.

534 5372 603 5407 “°
634 5389 688 5445 αι
722 5389 769 5445 r-
802 5388 854 5431 ου
878 5373 1087 5445 postea
1106 5369 1417 5445 αςέιιίιιφιί
1446 5366 1526 5427 αιί
1544 5366 1703 5445 latus
1733 5363 1955 5445 ιεθξίατ·
1993 5356 2804 5445 emissi“:WWWWW:
2822 5353 3136 5445 fi‘Plrl‘eﬁ
3152 5350 3364 5445 “1’39;
3386 5349 3839 5445 33991933.”?

432 5503 437 5509 ,
465 5444 532 5480 ¹⁸²
561 5440 677 5501 ex;
714 5440 958 5515 plebe—us
987 5458 1034 5501 ο.
1067 5452 1093 5501 7
1123 5440 1190 5475 ⁸⁸³

1222 5418 1889 5508 b’Ji'a'L"51-1iéiiiuii{m
1919 5418 2111 5508 mai/1:
2150 5431 2215 5465 “‘
2248 5418 2505 5500 Regbbat
2556 5418 2622 5468 -ἒ
2672 5431 3017 5508 susceperat
3075 5426 3155 5508 in_
3192 5436 3364 5508 marg
3407 5418 3475 5453 1“
3506 5420 3577 5476 in
3616 5432 3839 5508 rasai‘a.

466 5516 532 5551 ¹⁶⁶
772 5489 1097 5587 «Iin'ea
1130 5489 1388 5583 ω.ἷῖ
1424 5489 2006 5611 Εἶιῖίξτιξρένξςσὶὶρία.
2042 5489 2108 5538 ίδτ
2138 5519 2189 5560 c.
2236 5518 2281 5559 s.
2333 5489 2397 5558 λ.
2458 5515 2509 5556 e.
2571 5516 2624 5571 p.
2687 5501 2754 5556 in
2806 5489 3074 5566 rasura;
3104 5501 3165 5552 ut
3227 5495 3281 5549 d.
3327 5489 3386 5547 e.
3432 5489 3841 5563 superscripta.

466 5587 533 5611 ιιι
566 5586 828 5611 “-uu-
960 5599 1202 5611 “mm...
1237 5588 1297 5611 Α..
1329 5580 1603 5611 “Mar...
1679 5578 1723 5611 se
1757 5580 1791 5611 ρ
1844 5592 1868 5611 α
1928 5576 1980 5611 ςη
2041 5591 2088 5611 m
2153 5592 2184 5611 n
2242 5589 2271 5611 η
2333 5588 2402 5611 ηρ
2433 5571 2498 5611 επὶ
2540 5574 2569 5611 Δ
2634 5569 2664 5611 d
2721 5571 2789 5611 in.
2832 5569 3124 5611 mae-nine-
3160 5564 3228 5599 10°
3257 5563 3320 5611 0-
3358 5562 3397 5611 l-
3428 5563 3841 5611 superscr-inm.

464 5587 533 5659 Ψ
563 5583 830 5659 exceptis
959 5588 1302 5659 occursum
1328 5576 1626 5659 Margine:
1647 5576 1723 5659 1:9
1756 5576 1896 5659 Sus:
1926 5576 2002 5659 in.
2039 5591 2110 5659 ni.

2152 5592 2204 5647 p.
2240 5589 2295 5629 n.
2333 5588 2402 5647 ne
2432 5571 2500 5629 ad
2535 5562 2597 5647 A'.
2634 5569 2687 5647 d_.
2721 5571 2789 5647 τίη
2832 5562 3228 5647 margine-1“
3257 5563 3326 5647 Q.‘
3358 5562 3841 5647 ιε,ςτιῖὶξειςεσνὶριίᾳῘ

466 5658 531 5695 ¹⁶⁸
561 5632 869 5718 s33?"—
899 5632 1703 5726 ίηᾷῖᾶιῖμῖἑῖθήἇῖ-ρῗἧέξίοίὶ
1730 5632 2129 5726 antecedentis
2152 5632 2440 5726 teguntur
2469 5641 2699 5726 adjecto
2724 5642 2896 5726 signa
2925 5632 2983 5726 9:
3020 5637 3145 5696 Sed
3191 5649 3261 5695 ea
3299 5635 3416 5693 huc
3434 5632 3763 5707 pértiaeré,
3793 5632 3844 5687 ἀι)

463 5710 799 5792 certicerte
824 5710 1000 5785 Verte
1033 5710 1230 5783 folium
1262 5710 1318 5782 in
1352 5710 1518 5795 sig'uo
1547 5710 1743 5794 o'gmr
1756 5721 1900 5793 post
1926 5710 2264 5776 reservatur
2294 5710 2701 5788 superscripta
2730 5710 3041 5770 habe-amr.
