  <div class='ocr_page' id='page_1' title='image "/cluster/home/n/w/nwhite01/storage/ocr_20150623/153-154/uc1.31175019678096/634.png"; bbox 0 0 3922 6414; ppageno 0'>
   <div class='ocr_carea' id='block_1_1' title="bbox 169 376 2320 448">
    <p class='ocr_par' dir='ltr' id='par_1_1' title="bbox 169 376 2320 448">
     <span class='ocr_line' id='line_1_1' title="bbox 169 376 2320 448; baseline -0 -3"><span class='ocrx_word' id='word_1_1' title='bbox 169 388 255 445; x_wconf 76' lang='lat'>85</span> <span class='ocrx_word' id='word_1_2' title='bbox 1441 376 1941 448; x_wconf 84' lang='lat' dir='ltr'><strong>CHRONICON.</strong></span> <span class='ocrx_word' id='word_1_3' title='bbox 1976 413 2050 426; x_wconf 88' lang='lat'><strong><em>—</em></strong></span> <span class='ocrx_word' id='word_1_4' title='bbox 2078 376 2237 443; x_wconf 87' lang='lat' dir='ltr'><strong>LIB.</strong></span> <span class='ocrx_word' id='word_1_5' title='bbox 2270 378 2320 444; x_wconf 89' lang='grc' dir='ltr'><strong>Ι.</strong></span> 
     </span>
    </p>
   </div>
   <div class='ocr_carea' id='block_1_2' title="bbox 3511 343 3591 445">
    <p class='ocr_par' dir='ltr' id='par_1_2' title="bbox 3511 343 3591 445">
     <span class='ocr_line' id='line_1_2' title="bbox 3511 343 3591 445; baseline 0 0"><span class='ocrx_word' id='word_1_6' title='bbox 3511 343 3591 445; x_wconf 72' lang='lat' dir='ltr'><strong>se</strong></span> 
     </span>
    </p>
   </div>
   <div class='ocr_carea' id='block_1_3' title="bbox 169 491 3583 592">
    <p class='ocr_par' dir='ltr' id='par_1_3' title="bbox 169 491 3583 592">
     <span class='ocr_line' id='line_1_3' title="bbox 169 491 3583 592; baseline -0.002 -16"><span class='ocrx_word' id='word_1_7' title='bbox 169 519 277 590; x_wconf 88' lang='lat' dir='ltr'><strong>qui</strong></span> <span class='ocrx_word' id='word_1_8' title='bbox 300 519 640 590; x_wconf 88' lang='lat' dir='ltr'><strong>regnavitin</strong></span> <span class='ocrx_word' id='word_1_9' title='bbox 666 519 937 592; x_wconf 90' lang='lat' dir='ltr'><strong>partibus</strong></span> <span class='ocrx_word' id='word_1_10' title='bbox 955 519 1291 577; x_wconf 80' lang='lat' dir='ltr'><strong>Occidentis</strong></span> <span class='ocrx_word' id='word_1_11' title='bbox 1313 519 1384 575; x_wconf 90' lang='lat' dir='ltr'><strong>ad</strong></span> <span class='ocrx_word' id='word_1_12' title='bbox 1407 531 1592 589; x_wconf 84' lang='lat' dir='ltr'><strong>usque</strong></span> <span class='ocrx_word' id='word_1_13' title='bbox 1616 517 1821 573; x_wconf 82' lang='lat' dir='ltr'><strong>hostes</strong></span> <span class='ocrx_word' id='word_1_14' title='bbox 1848 512 1906 574; x_wconf 89' lang='lat' dir='ltr'><strong>A</strong></span> <span class='ocrx_word' id='word_1_15' title='bbox 1935 512 2231 569; x_wconf 83' lang='lat' dir='ltr'><strong>Hunorum</strong></span> <span class='ocrx_word' id='word_1_16' title='bbox 2256 512 2500 585; x_wconf 89' lang='lat' dir='ltr'><strong>imperio</strong></span> <span class='ocrx_word' id='word_1_17' title='bbox 2532 512 2722 569; x_wconf 83' lang='lat' dir='ltr'><strong>dirimi</strong></span> <span class='ocrx_word' id='word_1_18' title='bbox 2756 512 2970 584; x_wconf 89' lang='lat' dir='ltr'><strong>potuit,</strong></span> <span class='ocrx_word' id='word_1_19' title='bbox 3007 512 3118 569; x_wconf 90' lang='lat' dir='ltr'><strong>nisi</strong></span> <span class='ocrx_word' id='word_1_20' title='bbox 3172 511 3226 569; x_wconf 91' lang='lat' dir='ltr'><strong>in</strong></span> <span class='ocrx_word' id='word_1_21' title='bbox 3276 491 3583 571; x_wconf 89' lang='lat' dir='ltr'><strong>commune</strong></span> 
     </span>
    </p>
   </div>
   <div class='ocr_carea' id='block_1_4' title="bbox 164 603 1816 679">
    <p class='ocr_par' dir='ltr' id='par_1_4' title="bbox 164 603 1816 679">
     <span class='ocr_line' id='line_1_4' title="bbox 164 603 1816 679; baseline -0.002 -17"><span class='ocrx_word' id='word_1_22' title='bbox 164 608 507 666; x_wconf 82' lang='lat' dir='ltr'><strong>Pannonios</strong></span> <span class='ocrx_word' id='word_1_23' title='bbox 530 608 851 676; x_wconf 89' lang='lat' dir='ltr'><strong>incitatum,</strong></span> <span class='ocrx_word' id='word_1_24' title='bbox 887 614 1141 679; x_wconf 82' lang='lat' dir='ltr'><strong>quatuor</strong></span> <span class='ocrx_word' id='word_1_25' title='bbox 1164 608 1300 665; x_wconf 84' lang='lat' dir='ltr'><strong>ﬁliis</strong></span> <span class='ocrx_word' id='word_1_26' title='bbox 1344 606 1499 664; x_wconf 91' lang='lat' dir='ltr'><strong>domi</strong></span> <span class='ocrx_word' id='word_1_27' title='bbox 1534 603 1816 674; x_wconf 82' lang='lat' dir='ltr'><strong>dimissis,</strong></span> 
     </span>
    </p>
   </div>
   <div class='ocr_carea' id='block_1_5' title="bbox 169 696 1823 768">
    <p class='ocr_par' dir='ltr' id='par_1_5' title="bbox 169 696 1823 768">
     <span class='ocr_line' id='line_1_5' title="bbox 169 696 1823 768; baseline -0.003 -15"><span class='ocrx_word' id='word_1_28' title='bbox 169 713 309 753; x_wconf 89' lang='lat' dir='ltr'><strong>cum</strong></span> <span class='ocrx_word' id='word_1_29' title='bbox 341 697 764 754; x_wconf 89' lang='lat' dir='ltr'><strong>Thrasimundo</strong></span> <span class='ocrx_word' id='word_1_30' title='bbox 796 702 857 753; x_wconf 91' lang='lat' dir='ltr'><strong>et</strong></span> <span class='ocrx_word' id='word_1_31' title='bbox 890 696 1246 754; x_wconf 85' lang='lat' dir='ltr'><strong>Theoderico</strong></span> <span class='ocrx_word' id='word_1_32' title='bbox 1270 697 1342 752; x_wconf 86' lang='lat' dir='ltr'><strong>ad</strong></span> <span class='ocrx_word' id='word_1_33' title='bbox 1394 696 1659 768; x_wconf 70' lang='lat' dir='ltr'><strong>praelium</strong></span> <span class='ocrx_word' id='word_1_34' title='bbox 1693 709 1823 766; x_wconf 86' lang='lat' dir='ltr'><strong>pro-</strong></span> 
     </span>
    </p>
   </div>
   <div class='ocr_carea' id='block_1_6' title="bbox 170 782 1818 855">
    <p class='ocr_par' dir='ltr' id='par_1_6' title="bbox 170 782 1818 855">
     <span class='ocr_line' id='line_1_6' title="bbox 170 782 1818 855; baseline -0.002 -15"><span class='ocrx_word' id='word_1_35' title='bbox 170 786 437 842; x_wconf 87' lang='lat' dir='ltr'><strong>cessisse</strong></span> <span class='ocrx_word' id='word_1_36' title='bbox 472 804 487 853; x_wconf 90' lang='lat'><strong>;</strong></span> <span class='ocrx_word' id='word_1_37' title='bbox 513 786 701 841; x_wconf 86' lang='lat' dir='ltr'><strong>Etium</strong></span> <span class='ocrx_word' id='word_1_38' title='bbox 731 800 763 840; x_wconf 91' lang='lat' dir='ltr'><strong>e</strong></span> <span class='ocrx_word' id='word_1_39' title='bbox 794 790 998 841; x_wconf 87' lang='lat' dir='ltr'><strong>contra</strong></span> <span class='ocrx_word' id='word_1_40' title='bbox 1024 789 1185 841; x_wconf 88' lang='lat' dir='ltr'><strong>tanta</strong></span> <span class='ocrx_word' id='word_1_41' title='bbox 1216 800 1356 842; x_wconf 90' lang='lat' dir='ltr'><strong>cura</strong></span> <span class='ocrx_word' id='word_1_42' title='bbox 1404 789 1463 840; x_wconf 93' lang='lat' dir='ltr'><strong>et</strong></span> <span class='ocrx_word' id='word_1_43' title='bbox 1508 782 1818 855; x_wconf 80' lang='lat' dir='ltr'><strong>prudentia</strong></span> 
     </span>
    </p>
   </div>
   <div class='ocr_carea' id='block_1_7' title="bbox 169 873 1817 945">
    <p class='ocr_par' dir='ltr' id='par_1_7' title="bbox 169 873 1817 945">
     <span class='ocr_line' id='line_1_7' title="bbox 169 873 1817 945; baseline -0.004 -14"><span class='ocrx_word' id='word_1_44' title='bbox 169 873 543 945; x_wconf 86' lang='lat' dir='ltr'><strong>processisse</strong></span> <span class='ocrx_word' id='word_1_45' title='bbox 577 873 803 930; x_wconf 85' lang='lat' dir='ltr'><strong>obviam</strong></span> <span class='ocrx_word' id='word_1_46' title='bbox 824 873 1053 943; x_wconf 70' lang='lat' dir='ltr'><strong>Attalze,</strong></span> <span class='ocrx_word' id='word_1_47' title='bbox 1085 877 1143 929; x_wconf 91' lang='lat' dir='ltr'><strong>ut</strong></span> <span class='ocrx_word' id='word_1_48' title='bbox 1173 874 1461 929; x_wconf 80' lang='lat' dir='ltr'><strong>infinitum</strong></span> <span class='ocrx_word' id='word_1_49' title='bbox 1488 886 1687 941; x_wconf 87' lang='lat' dir='ltr'><strong>agmen</strong></span> <span class='ocrx_word' id='word_1_50' title='bbox 1706 885 1817 925; x_wconf 88' lang='lat' dir='ltr'><strong>non</strong></span> 
     </span>
    </p>
   </div>
   <div class='ocr_carea' id='block_1_8' title="bbox 174 959 1822 1033">
    <p class='ocr_par' dir='ltr' id='par_1_8' title="bbox 174 959 1822 1033">
     <span class='ocr_line' id='line_1_8' title="bbox 174 959 1822 1033; baseline -0.004 -16"><span class='ocrx_word' id='word_1_51' title='bbox 174 962 368 1033; x_wconf 85' lang='lat' dir='ltr'><strong>impar</strong></span> <span class='ocrx_word' id='word_1_52' title='bbox 399 965 761 1019; x_wconf 82' lang='lat' dir='ltr'><strong>occurreret.</strong></span> <span class='ocrx_word' id='word_1_53' title='bbox 789 962 1008 1017; x_wconf 78' lang='lat' dir='ltr'><strong>Bellum</strong></span> <span class='ocrx_word' id='word_1_54' title='bbox 1033 966 1223 1031; x_wconf 83' lang='lat' dir='ltr'><strong>atrox,</strong></span> <span class='ocrx_word' id='word_1_55' title='bbox 1283 959 1609 1030; x_wconf 82' lang='lat' dir='ltr'><strong>multiplex,</strong></span> <span class='ocrx_word' id='word_1_56' title='bbox 1628 959 1822 1013; x_wconf 87' lang='lat' dir='ltr'><strong>imma-</strong></span> 
     </span>
    </p>
   </div>
   <div class='ocr_carea' id='block_1_9' title="bbox 175 1045 1817 1119">
    <p class='ocr_par' dir='ltr' id='par_1_9' title="bbox 175 1045 1817 1119">
     <span class='ocr_line' id='line_1_9' title="bbox 175 1045 1817 1119; baseline -0.003 -17"><span class='ocrx_word' id='word_1_57' title='bbox 175 1063 273 1117; x_wconf 87' lang='lat' dir='ltr'><strong>ne,</strong></span> <span class='ocrx_word' id='word_1_58' title='bbox 294 1046 892 1119; x_wconf 89' lang='lat' dir='ltr'><strong>pertinax,cuisimile</strong></span> <span class='ocrx_word' id='word_1_59' title='bbox 918 1046 1138 1103; x_wconf 90' lang='lat' dir='ltr'><strong>nullum</strong></span> <span class='ocrx_word' id='word_1_60' title='bbox 1164 1051 1364 1102; x_wconf 90' lang='lat' dir='ltr'><strong>narrat</strong></span> <span class='ocrx_word' id='word_1_61' title='bbox 1393 1045 1732 1116; x_wconf 86' lang='lat' dir='ltr'><strong>antiquitas,</strong></span> <span class='ocrx_word' id='word_1_62' title='bbox 1761 1046 1817 1099; x_wconf 90' lang='lat' dir='ltr'><strong>ut</strong></span> 
     </span>
    </p>
   </div>
   <div class='ocr_carea' id='block_1_10' title="bbox 175 1133 1823 1207">
    <p class='ocr_par' dir='ltr' id='par_1_10' title="bbox 175 1133 1823 1207">
     <span class='ocr_line' id='line_1_10' title="bbox 175 1133 1823 1207; baseline -0.003 -14"><span class='ocrx_word' id='word_1_63' title='bbox 175 1136 412 1194; x_wconf 82' lang='lat' dir='ltr'><strong>rivulus</strong></span> <span class='ocrx_word' id='word_1_64' title='bbox 442 1136 646 1193; x_wconf 87' lang='lat' dir='ltr'><strong>humili</strong></span> <span class='ocrx_word' id='word_1_65' title='bbox 671 1137 794 1207; x_wconf 85' lang='lat' dir='ltr'><strong>ripa</strong></span> <span class='ocrx_word' id='word_1_66' title='bbox 831 1135 1159 1207; x_wconf 61' lang='lat' dir='ltr'><strong>prwlabens</strong></span> <span class='ocrx_word' id='word_1_67' title='bbox 1200 1134 1479 1204; x_wconf 88' lang='lat' dir='ltr'><strong>sanguine</strong></span> <span class='ocrx_word' id='word_1_68' title='bbox 1512 1133 1686 1189; x_wconf 90' lang='lat' dir='ltr'><strong>nimio</strong></span> <span class='ocrx_word' id='word_1_69' title='bbox 1705 1137 1823 1189; x_wconf 90' lang='lat' dir='ltr'><strong>tor-</strong></span> 
     </span>
    </p>
   </div>
   <div class='ocr_carea' id='block_1_11' title="bbox 176 1222 1822 1293">
    <p class='ocr_par' dir='ltr' id='par_1_11' title="bbox 176 1222 1822 1293">
     <span class='ocr_line' id='line_1_11' title="bbox 176 1222 1822 1293; baseline -0.003 -11"><span class='ocrx_word' id='word_1_70' title='bbox 176 1226 371 1282; x_wconf 90' lang='lat' dir='ltr'><strong>rentis</strong></span> <span class='ocrx_word' id='word_1_71' title='bbox 401 1240 560 1281; x_wconf 88' lang='lat' dir='ltr'><strong>more</strong></span> <span class='ocrx_word' id='word_1_72' title='bbox 585 1224 916 1293; x_wconf 88' lang='lat' dir='ltr'><strong>inundaret,</strong></span> <span class='ocrx_word' id='word_1_73' title='bbox 953 1224 1508 1293; x_wconf 86' lang='lat' dir='ltr'><strong>QuoTbeodericus,</strong></span> <span class='ocrx_word' id='word_1_74' title='bbox 1531 1222 1666 1278; x_wconf 90' lang='lat' dir='ltr'><strong>dum</strong></span> <span class='ocrx_word' id='word_1_75' title='bbox 1687 1237 1822 1278; x_wconf 92' lang='lat' dir='ltr'><strong>suos</strong></span> 
     </span>
    </p>
   </div>
   <div class='ocr_carea' id='block_1_12' title="bbox 179 1310 1823 1383">
    <p class='ocr_par' dir='ltr' id='par_1_12' title="bbox 179 1310 1823 1383">
     <span class='ocr_line' id='line_1_12' title="bbox 179 1310 1823 1383; baseline -0.003 -13"><span class='ocrx_word' id='word_1_76' title='bbox 179 1314 469 1371; x_wconf 88' lang='lat' dir='ltr'><strong>circuiret</strong></span> <span class='ocrx_word' id='word_1_77' title='bbox 501 1313 1010 1383; x_wconf 86' lang='lat' dir='ltr'><strong>adhortans,equo</strong></span> <span class='ocrx_word' id='word_1_78' title='bbox 1032 1313 1299 1383; x_wconf 89' lang='lat' dir='ltr'><strong>dejectus</strong></span> <span class='ocrx_word' id='word_1_79' title='bbox 1318 1317 1374 1367; x_wconf 90' lang='lat' dir='ltr'><strong>et</strong></span> <span class='ocrx_word' id='word_1_80' title='bbox 1403 1326 1639 1367; x_wconf 90' lang='lat' dir='ltr'><strong>suorum</strong></span> <span class='ocrx_word' id='word_1_81' title='bbox 1668 1310 1823 1382; x_wconf 92' lang='lat' dir='ltr'><strong>pedi-</strong></span> 
     </span>
    </p>
   </div>
   <div class='ocr_carea' id='block_1_13' title="bbox 175 1400 1821 1469">
    <p class='ocr_par' dir='ltr' id='par_1_13' title="bbox 175 1400 1821 1469">
     <span class='ocr_line' id='line_1_13' title="bbox 175 1400 1821 1469; baseline -0.004 -9"><span class='ocrx_word' id='word_1_82' title='bbox 175 1404 295 1460; x_wconf 86' lang='lat' dir='ltr'><strong>bus</strong></span> <span class='ocrx_word' id='word_1_83' title='bbox 327 1402 709 1460; x_wconf 90' lang='lat' dir='ltr'><strong>concnlcatus</strong></span> <span class='ocrx_word' id='word_1_84' title='bbox 736 1402 914 1458; x_wconf 88' lang='lat' dir='ltr'><strong>vitam</strong></span> <span class='ocrx_word' id='word_1_85' title='bbox 932 1400 1136 1456; x_wconf 81' lang='lat' dir='ltr'><strong>finivit.</strong></span> <span class='ocrx_word' id='word_1_86' title='bbox 1173 1401 1298 1467; x_wconf 87' lang='lat' dir='ltr'><strong>Quo</strong></span> <span class='ocrx_word' id='word_1_87' title='bbox 1346 1400 1821 1469; x_wconf 86' lang='lat' dir='ltr'><strong>faetoWisigothi</strong></span> 
     </span>
    </p>
   </div>
   <div class='ocr_carea' id='block_1_14' title="bbox 172 1488 1823 1561">
    <p class='ocr_par' dir='ltr' id='par_1_14' title="bbox 172 1488 1823 1561">
     <span class='ocr_line' id='line_1_14' title="bbox 172 1488 1823 1561; baseline -0.003 -14"><span class='ocrx_word' id='word_1_88' title='bbox 172 1492 353 1548; x_wconf 91' lang='lat' dir='ltr'><strong>divisi</strong></span> <span class='ocrx_word' id='word_1_89' title='bbox 372 1493 443 1548; x_wconf 87' lang='lat' dir='ltr'><strong>ab</strong></span> <span class='ocrx_word' id='word_1_90' title='bbox 459 1490 659 1548; x_wconf 84' lang='lat' dir='ltr'><strong>Alanis</strong></span> <span class='ocrx_word' id='word_1_91' title='bbox 682 1490 736 1545; x_wconf 92' lang='lat' dir='ltr'><strong>in</strong></span> <span class='ocrx_word' id='word_1_92' title='bbox 747 1491 902 1547; x_wconf 88' lang='lat' dir='ltr'><strong>vasis</strong></span> <span class='ocrx_word' id='word_1_93' title='bbox 924 1491 1104 1546; x_wconf 88' lang='lat' dir='ltr'><strong>llunis</strong></span> <span class='ocrx_word' id='word_1_94' title='bbox 1120 1504 1264 1561; x_wconf 88' lang='lat' dir='ltr'><strong>pene</strong></span> <span class='ocrx_word' id='word_1_95' title='bbox 1280 1490 1517 1545; x_wconf 79' lang='lat' dir='ltr'><strong>Attilam</strong></span> <span class='ocrx_word' id='word_1_96' title='bbox 1537 1488 1823 1545; x_wconf 80' lang='lat' dir='ltr'><strong>trucidas-</strong></span> 
     </span>
    </p>
   </div>
   <div class='ocr_carea' id='block_1_15' title="bbox 178 1576 1819 1650">
    <p class='ocr_par' dir='ltr' id='par_1_15' title="bbox 178 1576 1819 1650">
     <span class='ocr_line' id='line_1_15' title="bbox 178 1576 1819 1650; baseline -0.003 -13"><span class='ocrx_word' id='word_1_97' title='bbox 178 1585 337 1650; x_wconf 89' lang='lat' dir='ltr'><strong>sent,</strong></span> <span class='ocrx_word' id='word_1_98' title='bbox 365 1580 472 1637; x_wconf 90' lang='lat' dir='ltr'><strong>nisi</strong></span> <span class='ocrx_word' id='word_1_99' title='bbox 501 1594 570 1637; x_wconf 92' lang='lat' dir='ltr'><strong>eo</strong></span> <span class='ocrx_word' id='word_1_100' title='bbox 595 1594 733 1636; x_wconf 93' lang='lat' dir='ltr'><strong>suos</strong></span> <span class='ocrx_word' id='word_1_101' title='bbox 754 1580 905 1639; x_wconf 87' lang='lat' dir='ltr'><strong>intra</strong></span> <span class='ocrx_word' id='word_1_102' title='bbox 921 1583 1085 1650; x_wconf 89' lang='lat' dir='ltr'><strong>septa</strong></span> <span class='ocrx_word' id='word_1_103' title='bbox 1110 1583 1443 1635; x_wconf 89' lang='lat' dir='ltr'><strong>castrorum</strong></span> <span class='ocrx_word' id='word_1_104' title='bbox 1475 1576 1819 1634; x_wconf 89' lang='lat' dir='ltr'><strong>recludente</strong></span> 
     </span>
    </p>
   </div>
   <div class='ocr_carea' id='block_1_16' title="bbox 177 1665 1815 1742">
    <p class='ocr_par' dir='ltr' id='par_1_16' title="bbox 177 1665 1815 1742">
     <span class='ocr_line' id='line_1_16' title="bbox 177 1665 1815 1742; baseline -0.002 -19"><span class='ocrx_word' id='word_1_105' title='bbox 177 1686 295 1725; x_wconf 86' lang='lat' dir='ltr'><strong>nox</strong></span> <span class='ocrx_word' id='word_1_106' title='bbox 330 1669 592 1742; x_wconf 72' lang='lat' dir='ltr'><strong>praelium</strong></span> <span class='ocrx_word' id='word_1_107' title='bbox 621 1668 971 1735; x_wconf 87' lang='lat' dir='ltr'><strong>diremisset,</strong></span> <span class='ocrx_word' id='word_1_108' title='bbox 1033 1668 1188 1738; x_wconf 92' lang='lat' dir='ltr'><strong>quod</strong></span> <span class='ocrx_word' id='word_1_109' title='bbox 1237 1669 1393 1723; x_wconf 89' lang='lat' dir='ltr'><strong>circa</strong></span> <span class='ocrx_word' id='word_1_110' title='bbox 1446 1680 1653 1722; x_wconf 87' lang='lat' dir='ltr'><strong>nonam</strong></span> <span class='ocrx_word' id='word_1_111' title='bbox 1703 1665 1815 1721; x_wconf 91' lang='lat' dir='ltr'><strong>diei</strong></span> 
     </span>
    </p>
   </div>
   <div class='ocr_carea' id='block_1_17' title="bbox 167 1754 1819 1828">
    <p class='ocr_par' dir='ltr' id='par_1_17' title="bbox 167 1754 1819 1828">
     <span class='ocr_line' id='line_1_17' title="bbox 167 1754 1819 1828; baseline -0.003 -15"><span class='ocrx_word' id='word_1_112' title='bbox 167 1759 377 1815; x_wconf 89' lang='lat' dir='ltr'><strong>horam</strong></span> <span class='ocrx_word' id='word_1_113' title='bbox 409 1762 641 1828; x_wconf 85' lang='lat' dir='ltr'><strong>ceptum</strong></span> <span class='ocrx_word' id='word_1_114' title='bbox 661 1760 783 1813; x_wconf 90' lang='lat' dir='ltr'><strong>erat</strong></span> <span class='ocrx_word' id='word_1_115' title='bbox 822 1756 1153 1823; x_wconf 88' lang='lat' dir='ltr'><strong>;ubitamen</strong></span> <span class='ocrx_word' id='word_1_116' title='bbox 1171 1755 1478 1811; x_wconf 88' lang='lat' dir='ltr'><strong>obsidione</strong></span> <span class='ocrx_word' id='word_1_117' title='bbox 1519 1754 1819 1811; x_wconf 90' lang='lat' dir='ltr'><strong>claudere-</strong></span> 
     </span>
    </p>
   </div>
   <div class='ocr_carea' id='block_1_18' title="bbox 1933 601 3581 674">
    <p class='ocr_par' dir='ltr' id='par_1_18' title="bbox 1933 601 3581 674">
     <span class='ocr_line' id='line_1_18' title="bbox 1933 601 3581 674; baseline 0.002 -18"><span class='ocrx_word' id='word_1_118' title='bbox 1933 605 2133 672; x_wconf 92' lang='lat' dir='ltr'><strong>optata</strong></span> <span class='ocrx_word' id='word_1_119' title='bbox 2156 603 2385 659; x_wconf 89' lang='lat' dir='ltr'><strong>cunctis</strong></span> <span class='ocrx_word' id='word_1_120' title='bbox 2414 602 2750 659; x_wconf 89' lang='lat' dir='ltr'><strong>nationibus</strong></span> <span class='ocrx_word' id='word_1_121' title='bbox 2767 601 2963 659; x_wconf 80' lang='lat' dir='ltr'><strong>Attin</strong></span> <span class='ocrx_word' id='word_1_122' title='bbox 2990 616 3146 659; x_wconf 88' lang='lat' dir='ltr'><strong>mors</strong></span> <span class='ocrx_word' id='word_1_123' title='bbox 3180 602 3581 674; x_wconf 70' lang='lat' dir='ltr'><strong>praevenisset.</strong></span> 
     </span>
    </p>
   </div>
   <div class='ocr_carea' id='block_1_19' title="bbox 1932 689 3587 766">
    <p class='ocr_par' dir='ltr' id='par_1_19' title="bbox 1932 689 3587 766">
     <span class='ocr_line' id='line_1_19' title="bbox 1932 689 3587 766; baseline 0.001 -20"><span class='ocrx_word' id='word_1_124' title='bbox 1932 689 2070 756; x_wconf 69' lang='lat' dir='ltr'><strong>Quae</strong></span> <span class='ocrx_word' id='word_1_125' title='bbox 2107 696 2218 748; x_wconf 89' lang='lat' dir='ltr'><strong>tam</strong></span> <span class='ocrx_word' id='word_1_126' title='bbox 2249 691 2382 748; x_wconf 90' lang='lat' dir='ltr'><strong>vilis</strong></span> <span class='ocrx_word' id='word_1_127' title='bbox 2416 692 2525 748; x_wconf 85' lang='lat' dir='ltr'><strong>fuit</strong></span> <span class='ocrx_word' id='word_1_128' title='bbox 2558 696 2620 748; x_wconf 90' lang='lat' dir='ltr'><strong>ut</strong></span> <span class='ocrx_word' id='word_1_129' title='bbox 2654 692 2773 747; x_wconf 90' lang='lat' dir='ltr'><strong>vita</strong></span> <span class='ocrx_word' id='word_1_130' title='bbox 2808 691 3109 747; x_wconf 85' lang='lat' dir='ltr'><strong>mirabilis.</strong></span> <span class='ocrx_word' id='word_1_131' title='bbox 3142 693 3263 748; x_wconf 87' lang='lat' dir='ltr'><strong>Nan</strong></span> <span class='ocrx_word' id='word_1_132' title='bbox 3301 692 3436 749; x_wconf 89' lang='lat' dir='ltr'><strong>dum</strong></span> <span class='ocrx_word' id='word_1_133' title='bbox 3453 697 3587 766; x_wconf 90' lang='lat' dir='ltr'><strong>post</strong></span> 
     </span>
    </p>
   </div>
   <div class='ocr_carea' id='block_1_20' title="bbox 1932 778 3581 851">
    <p class='ocr_par' dir='ltr' id='par_1_20' title="bbox 1932 778 3581 851">
     <span class='ocr_line' id='line_1_20' title="bbox 1932 778 3581 851; baseline 0.003 -19"><span class='ocrx_word' id='word_1_134' title='bbox 1932 778 2390 836; x_wconf 82' lang='lat' dir='ltr'><strong>innmnerabiles</strong></span> <span class='ocrx_word' id='word_1_135' title='bbox 2425 796 2636 837; x_wconf 87' lang='lat' dir='ltr'><strong>uxores</strong></span> <span class='ocrx_word' id='word_1_136' title='bbox 2665 779 2913 851; x_wconf 83' lang='lat' dir='ltr'><strong>puellam</strong></span> <span class='ocrx_word' id='word_1_137' title='bbox 2940 780 3052 836; x_wconf 85' lang='lat' dir='ltr'><strong>sibi</strong></span> <span class='ocrx_word' id='word_1_138' title='bbox 3087 781 3376 837; x_wconf 86' lang='lat' dir='ltr'><strong>sociasset</strong></span> <span class='ocrx_word' id='word_1_139' title='bbox 3427 787 3488 837; x_wconf 84' lang='lat' dir='ltr'><strong>et</strong></span> <span class='ocrx_word' id='word_1_140' title='bbox 3527 782 3581 837; x_wconf 91' lang='lat' dir='ltr'><strong>in</strong></span> 
     </span>
    </p>
   </div>
   <div class='ocr_carea' id='block_1_21' title="bbox 1934 868 3578 940">
    <p class='ocr_par' dir='ltr' id='par_1_21' title="bbox 1934 868 3578 940">
     <span class='ocr_line' id='line_1_21' title="bbox 1934 868 3578 940; baseline 0.003 -19"><span class='ocrx_word' id='word_1_141' title='bbox 1934 868 2154 937; x_wconf 80' lang='lat' dir='ltr'><strong>nuptiis</strong></span> <span class='ocrx_word' id='word_1_142' title='bbox 2187 869 2489 924; x_wconf 89' lang='lat' dir='ltr'><strong>hilaritate</strong></span> <span class='ocrx_word' id='word_1_143' title='bbox 2521 868 2693 925; x_wconf 89' lang='lat' dir='ltr'><strong>nimia</strong></span> <span class='ocrx_word' id='word_1_144' title='bbox 2731 868 3029 925; x_wconf 90' lang='lat' dir='ltr'><strong>resolutus</strong></span> <span class='ocrx_word' id='word_1_145' title='bbox 3052 868 3188 924; x_wconf 90' lang='lat' dir='ltr'><strong>vino</strong></span> <span class='ocrx_word' id='word_1_146' title='bbox 3258 884 3578 940; x_wconf 89' lang='lat' dir='ltr'><strong>somnoque</strong></span> 
     </span>
    </p>
   </div>
   <div class='ocr_carea' id='block_1_22' title="bbox 1930 958 3583 1029">
    <p class='ocr_par' dir='ltr' id='par_1_22' title="bbox 1930 958 3583 1029">
     <span class='ocr_line' id='line_1_22' title="bbox 1930 958 3583 1029; baseline 0.004 -21"><span class='ocrx_word' id='word_1_147' title='bbox 1930 962 2206 1023; x_wconf 72' lang='lat' dir='ltr'><strong>gravatus</strong></span> <span class='ocrx_word' id='word_1_148' title='bbox 2237 961 2394 1012; x_wconf 86' lang='lat' dir='ltr'><strong>esset</strong></span> <span class='ocrx_word' id='word_1_149' title='bbox 2419 972 2477 1012; x_wconf 91' lang='lat' dir='ltr'><strong>re</strong></span> <span class='ocrx_word' id='word_1_150' title='bbox 2490 958 3109 1027; x_wconf 68' lang='lat' dir='ltr'><strong>supinusquejaceret,</strong></span> <span class='ocrx_word' id='word_1_151' title='bbox 3125 958 3365 1027; x_wconf 80' lang='lat' dir='ltr'><strong>sanguis</strong></span> <span class='ocrx_word' id='word_1_152' title='bbox 3386 959 3480 1029; x_wconf 87' lang='lat' dir='ltr'><strong>qui</strong></span> <span class='ocrx_word' id='word_1_153' title='bbox 3501 959 3583 1015; x_wconf 91' lang='lat' dir='ltr'><strong>in-</strong></span> 
     </span>
    </p>
   </div>
   <div class='ocr_carea' id='block_1_23' title="bbox 1932 1045 3584 1113">
    <p class='ocr_par' dir='ltr' id='par_1_23' title="bbox 1932 1045 3584 1113">
     <span class='ocr_line' id='line_1_23' title="bbox 1932 1045 3584 1113; baseline 0.003 -16"><span class='ocrx_word' id='word_1_154' title='bbox 1932 1045 2216 1100; x_wconf 83' lang='lat' dir='ltr'><strong>somniato</strong></span> <span class='ocrx_word' id='word_1_155' title='bbox 2249 1045 2319 1099; x_wconf 87' lang='lat' dir='ltr'><strong>de</strong></span> <span class='ocrx_word' id='word_1_156' title='bbox 2353 1046 2847 1113; x_wconf 87' lang='lat' dir='ltr'><strong>naribuslluebat,</strong></span> <span class='ocrx_word' id='word_1_157' title='bbox 2877 1046 3011 1101; x_wconf 89' lang='lat' dir='ltr'><strong>dum</strong></span> <span class='ocrx_word' id='word_1_158' title='bbox 3053 1047 3357 1103; x_wconf 82' lang='lat' dir='ltr'><strong>consuetis</strong></span> <span class='ocrx_word' id='word_1_159' title='bbox 3383 1046 3584 1104; x_wconf 90' lang='lat' dir='ltr'><strong>meati-</strong></span> 
     </span>
    </p>
   </div>
   <div class='ocr_carea' id='block_1_24' title="bbox 1934 1132 3587 1206">
    <p class='ocr_par' dir='ltr' id='par_1_24' title="bbox 1934 1132 3587 1206">
     <span class='ocr_line' id='line_1_24' title="bbox 1934 1132 3587 1206; baseline 0.002 -19"><span class='ocrx_word' id='word_1_160' title='bbox 1934 1132 2041 1188; x_wconf 90' lang='lat' dir='ltr'><strong>bus</strong></span> <span class='ocrx_word' id='word_1_161' title='bbox 2073 1132 2617 1204; x_wconf 75' lang='lat' dir='ltr'><strong>impediturititiere</strong></span> <span class='ocrx_word' id='word_1_162' title='bbox 2654 1134 2815 1188; x_wconf 85' lang='lat' dir='ltr'><strong>ferali</strong></span> <span class='ocrx_word' id='word_1_163' title='bbox 2857 1134 3124 1190; x_wconf 83' lang='lat' dir='ltr'><strong>faucibus</strong></span> <span class='ocrx_word' id='word_1_164' title='bbox 3186 1134 3433 1206; x_wconf 86' lang='lat' dir='ltr'><strong>illapsus</strong></span> <span class='ocrx_word' id='word_1_165' title='bbox 3459 1136 3587 1193; x_wconf 89' lang='lat' dir='ltr'><strong>dor-</strong></span> 
     </span>
    </p>
   </div>
   <div class='ocr_carea' id='block_1_25' title="bbox 1932 1220 3583 1295">
    <p class='ocr_par' dir='ltr' id='par_1_25' title="bbox 1932 1220 3583 1295">
     <span class='ocr_line' id='line_1_25' title="bbox 1932 1220 3583 1295; baseline 0.004 -22"><span class='ocrx_word' id='word_1_166' title='bbox 1932 1220 2524 1278; x_wconf 84' lang='lat' dir='ltr'><strong>mientemextincxit.</strong></span> <span class='ocrx_word' id='word_1_167' title='bbox 2545 1223 2623 1277; x_wconf 83' lang='lat' dir='ltr'><strong>De</strong></span> <span class='ocrx_word' id='word_1_168' title='bbox 2646 1237 2759 1292; x_wconf 88' lang='lat' dir='ltr'><strong>quo</strong></span> <span class='ocrx_word' id='word_1_169' title='bbox 2780 1222 2835 1276; x_wconf 97' lang='lat' dir='ltr'><strong>id</strong></span> <span class='ocrx_word' id='word_1_170' title='bbox 2856 1222 3105 1278; x_wconf 88' lang='lat' dir='ltr'><strong>accessit</strong></span> <span class='ocrx_word' id='word_1_171' title='bbox 3122 1222 3408 1293; x_wconf 87' lang='lat' dir='ltr'><strong>mirabile,</strong></span> <span class='ocrx_word' id='word_1_172' title='bbox 3426 1224 3583 1295; x_wconf 89' lang='lat' dir='ltr'><strong>quod</strong></span> 
     </span>
    </p>
   </div>
   <div class='ocr_carea' id='block_1_26' title="bbox 1932 1309 3584 1382">
    <p class='ocr_par' dir='ltr' id='par_1_26' title="bbox 1932 1309 3584 1382">
     <span class='ocr_line' id='line_1_26' title="bbox 1932 1309 3584 1382; baseline 0.003 -20"><span class='ocrx_word' id='word_1_173' title='bbox 1932 1309 2218 1366; x_wconf 81' lang='lat' dir='ltr'><strong>Marciano</strong></span> <span class='ocrx_word' id='word_1_174' title='bbox 2251 1310 2497 1382; x_wconf 83' lang='lat' dir='ltr'><strong>principi</strong></span> <span class='ocrx_word' id='word_1_175' title='bbox 2533 1310 2794 1366; x_wconf 88' lang='lat' dir='ltr'><strong>Orientis</strong></span> <span class='ocrx_word' id='word_1_176' title='bbox 2828 1311 2900 1366; x_wconf 91' lang='lat' dir='ltr'><strong>de</strong></span> <span class='ocrx_word' id='word_1_177' title='bbox 2927 1316 3041 1366; x_wconf 90' lang='lat' dir='ltr'><strong>tam</strong></span> <span class='ocrx_word' id='word_1_178' title='bbox 3071 1312 3249 1367; x_wconf 89' lang='lat' dir='ltr'><strong>feroci</strong></span> <span class='ocrx_word' id='word_1_179' title='bbox 3287 1312 3450 1369; x_wconf 87' lang='lat' dir='ltr'><strong>hoste</strong></span> <span class='ocrx_word' id='word_1_180' title='bbox 3468 1312 3584 1369; x_wconf 94' lang='lat' dir='ltr'><strong>sol-</strong></span> 
     </span>
    </p>
   </div>
   <div class='ocr_carea' id='block_1_27' title="bbox 1931 1394 3581 1457">
    <p class='ocr_par' dir='ltr' id='par_1_27' title="bbox 1931 1394 3581 1457">
     <span class='ocr_line' id='line_1_27' title="bbox 1931 1394 3581 1457; baseline 0.004 -8"><span class='ocrx_word' id='word_1_181' title='bbox 1931 1394 2383 1454; x_wconf 88' lang='lat' dir='ltr'><strong>licitodivinitas</strong></span> <span class='ocrx_word' id='word_1_182' title='bbox 2405 1398 2914 1454; x_wconf 86' lang='lat' dir='ltr'><strong>adsistensarcum</strong></span> <span class='ocrx_word' id='word_1_183' title='bbox 2947 1399 3146 1454; x_wconf 69' lang='lat' dir='ltr'><strong>Attilae</strong></span> <span class='ocrx_word' id='word_1_184' title='bbox 3194 1401 3439 1457; x_wconf 84' lang='lat' dir='ltr'><strong>fractum</strong></span> <span class='ocrx_word' id='word_1_185' title='bbox 3489 1416 3581 1456; x_wconf 89' lang='lat' dir='ltr'><strong>ea-</strong></span> 
     </span>
    </p>
   </div>
   <div class='ocr_carea' id='block_1_28' title="bbox 1931 1483 3578 1553">
    <p class='ocr_par' dir='ltr' id='par_1_28' title="bbox 1931 1483 3578 1553">
     <span class='ocr_line' id='line_1_28' title="bbox 1931 1483 3578 1553; baseline 0.003 -14"><span class='ocrx_word' id='word_1_186' title='bbox 1931 1483 2059 1539; x_wconf 90' lang='lat' dir='ltr'><strong>dem</strong></span> <span class='ocrx_word' id='word_1_187' title='bbox 2077 1489 2243 1540; x_wconf 89' lang='lat' dir='ltr'><strong>nocte</strong></span> <span class='ocrx_word' id='word_1_188' title='bbox 2256 1486 2533 1553; x_wconf 87' lang='lat' dir='ltr'><strong>ostendit,</strong></span> <span class='ocrx_word' id='word_1_189' title='bbox 2561 1485 2863 1542; x_wconf 86' lang='lat' dir='ltr'><strong>utPriscus</strong></span> <span class='ocrx_word' id='word_1_190' title='bbox 2882 1485 3202 1543; x_wconf 87' lang='lat' dir='ltr'><strong>historicus</strong></span> <span class='ocrx_word' id='word_1_191' title='bbox 3218 1487 3578 1544; x_wconf 82' lang='lat' dir='ltr'><strong>refert.Necc</strong></span> 
     </span>
    </p>
   </div>
   <div class='ocr_carea' id='block_1_29' title="bbox 1930 1572 3580 1645">
    <p class='ocr_par' dir='ltr' id='par_1_29' title="bbox 1930 1572 3580 1645">
     <span class='ocr_line' id='line_1_29' title="bbox 1930 1572 3580 1645; baseline 0.004 -19"><span class='ocrx_word' id='word_1_192' title='bbox 1930 1577 2123 1628; x_wconf 88' lang='lat' dir='ltr'><strong>autem</strong></span> <span class='ocrx_word' id='word_1_193' title='bbox 2147 1572 2274 1643; x_wconf 84' lang='lat' dir='ltr'><strong>ejus</strong></span> <span class='ocrx_word' id='word_1_194' title='bbox 2294 1580 2608 1644; x_wconf 87' lang='lat' dir='ltr'><strong>comperta,</strong></span> <span class='ocrx_word' id='word_1_195' title='bbox 2637 1574 2692 1629; x_wconf 91' lang='lat' dir='ltr'><strong>in</strong></span> <span class='ocrx_word' id='word_1_196' title='bbox 2714 1574 3155 1645; x_wconf 89' lang='lat' dir='ltr'><strong>mediiscampis</strong></span> <span class='ocrx_word' id='word_1_197' title='bbox 3184 1579 3241 1629; x_wconf 90' lang='lat' dir='ltr'><strong>et</strong></span> <span class='ocrx_word' id='word_1_198' title='bbox 3286 1575 3580 1632; x_wconf 85' lang='lat' dir='ltr'><strong>intraten-</strong></span> 
     </span>
    </p>
   </div>
   <div class='ocr_carea' id='block_1_30' title="bbox 1931 1660 3579 1733">
    <p class='ocr_par' dir='ltr' id='par_1_30' title="bbox 1931 1660 3579 1733">
     <span class='ocr_line' id='line_1_30' title="bbox 1931 1660 3579 1733; baseline 0.004 -19"><span class='ocrx_word' id='word_1_199' title='bbox 1931 1660 2079 1715; x_wconf 89' lang='lat' dir='ltr'><strong>toria</strong></span> <span class='ocrx_word' id='word_1_200' title='bbox 2112 1660 2297 1716; x_wconf 86' lang='lat' dir='ltr'><strong>serica</strong></span> <span class='ocrx_word' id='word_1_201' title='bbox 2321 1662 2606 1717; x_wconf 86' lang='lat' dir='ltr'><strong>cadavere</strong></span> <span class='ocrx_word' id='word_1_202' title='bbox 2628 1661 2819 1717; x_wconf 83' lang='lat' dir='ltr'><strong>locato</strong></span> <span class='ocrx_word' id='word_1_203' title='bbox 2854 1662 3258 1733; x_wconf 85' lang='lat' dir='ltr'><strong>spectaculum</strong></span> <span class='ocrx_word' id='word_1_204' title='bbox 3308 1663 3579 1720; x_wconf 89' lang='lat' dir='ltr'><strong>mirabile</strong></span> 
     </span>
    </p>
   </div>
   <div class='ocr_carea' id='block_1_31' title="bbox 1932 1749 3582 1823">
    <p class='ocr_par' dir='ltr' id='par_1_31' title="bbox 1932 1749 3582 1823">
     <span class='ocr_line' id='line_1_31' title="bbox 1932 1749 3582 1823; baseline 0.002 -19"><span class='ocrx_word' id='word_1_205' title='bbox 1932 1749 2222 1805; x_wconf 89' lang='lat' dir='ltr'><strong>cxibetur.</strong></span> <span class='ocrx_word' id='word_1_206' title='bbox 2256 1752 2393 1805; x_wconf 87' lang='lat' dir='ltr'><strong>Nam</strong></span> <span class='ocrx_word' id='word_1_207' title='bbox 2428 1751 2498 1805; x_wconf 91' lang='lat' dir='ltr'><strong>de</strong></span> <span class='ocrx_word' id='word_1_208' title='bbox 2536 1755 2655 1806; x_wconf 89' lang='lat' dir='ltr'><strong>tota</strong></span> <span class='ocrx_word' id='word_1_209' title='bbox 2672 1752 2969 1806; x_wconf 83' lang='lat' dir='ltr'><strong>Hunorum</strong></span> <span class='ocrx_word' id='word_1_210' title='bbox 2995 1754 3169 1818; x_wconf 85' lang='lat' dir='ltr'><strong>gente</strong></span> <span class='ocrx_word' id='word_1_211' title='bbox 3196 1750 3329 1807; x_wconf 87' lang='lat' dir='ltr'><strong>lecti</strong></span> <span class='ocrx_word' id='word_1_212' title='bbox 3353 1752 3582 1823; x_wconf 90' lang='lat' dir='ltr'><strong>equites</strong></span> 
     </span>
    </p>
   </div>
   <div class='ocr_carea' id='block_1_32' title="bbox 174 1836 3577 1928">
    <p class='ocr_par' dir='ltr' id='par_1_32' title="bbox 174 1836 3577 1928">
     <span class='ocr_line' id='line_1_32' title="bbox 174 1836 3577 1928; baseline -0.001 -27"><span class='ocrx_word' id='word_1_213' title='bbox 174 1852 296 1916; x_wconf 90' lang='lat' dir='ltr'><strong>tur,</strong></span> <span class='ocrx_word' id='word_1_214' title='bbox 331 1846 438 1901; x_wconf 87' lang='lat' dir='ltr'><strong>nisi</strong></span> <span class='ocrx_word' id='word_1_215' title='bbox 465 1845 837 1902; x_wconf 89' lang='lat' dir='ltr'><strong>obstitissent</strong></span> <span class='ocrx_word' id='word_1_216' title='bbox 869 1844 1157 1914; x_wconf 80' lang='lat' dir='ltr'><strong>sagittarii</strong></span> <span class='ocrx_word' id='word_1_217' title='bbox 1194 1845 1406 1914; x_wconf 87' lang='lat' dir='ltr'><strong>quibus</strong></span> <span class='ocrx_word' id='word_1_218' title='bbox 1437 1858 1498 1899; x_wconf 93' lang='lat' dir='ltr'><strong>se</strong></span> <span class='ocrx_word' id='word_1_219' title='bbox 1545 1841 1813 1899; x_wconf 86' lang='lat' dir='ltr'><strong>certatim</strong></span> <span class='ocrx_word' id='word_1_220' title='bbox 1845 1867 1901 1928; x_wconf 87' lang='lat' dir='ltr'><strong>B</strong></span> <span class='ocrx_word' id='word_1_221' title='bbox 1935 1836 2123 1928; x_wconf 79' lang='lat' dir='ltr'><strong>locum</strong></span> <span class='ocrx_word' id='word_1_222' title='bbox 2157 1853 2271 1908; x_wconf 91' lang='lat' dir='ltr'><strong>quo</strong></span> <span class='ocrx_word' id='word_1_223' title='bbox 2305 1843 2430 1893; x_wconf 89' lang='lat' dir='ltr'><strong>erat</strong></span> <span class='ocrx_word' id='word_1_224' title='bbox 2456 1840 2685 1909; x_wconf 89' lang='lat' dir='ltr'><strong>positus</strong></span> <span class='ocrx_word' id='word_1_225' title='bbox 2717 1839 3063 1928; x_wconf 88' lang='lat' dir='ltr'><strong>ambientes,</strong></span> <span class='ocrx_word' id='word_1_226' title='bbox 3084 1841 3233 1894; x_wconf 88' lang='lat' dir='ltr'><strong>facta</strong></span> <span class='ocrx_word' id='word_1_227' title='bbox 3266 1840 3577 1909; x_wconf 86' lang='lat' dir='ltr'><strong>ejuscantu</strong></span> 
     </span>
    </p>
   </div>
   <div class='ocr_carea' id='block_1_33' title="bbox 172 1930 1815 2002">
    <p class='ocr_par' dir='ltr' id='par_1_33' title="bbox 172 1930 1815 2002">
     <span class='ocr_line' id='line_1_33' title="bbox 172 1930 1815 2002; baseline -0.002 -13"><span class='ocrx_word' id='word_1_228' title='bbox 172 1934 486 1991; x_wconf 84' lang='lat' dir='ltr'><strong>munierat.</strong></span> <span class='ocrx_word' id='word_1_229' title='bbox 523 1937 598 1990; x_wconf 84' lang='lat' dir='ltr'><strong>At</strong></span> <span class='ocrx_word' id='word_1_230' title='bbox 625 1933 1081 1989; x_wconf 87' lang='lat' dir='ltr'><strong>Thorismundus</strong></span> <span class='ocrx_word' id='word_1_231' title='bbox 1103 1932 1326 1988; x_wconf 84' lang='lat' dir='ltr'><strong>curatis</strong></span> <span class='ocrx_word' id='word_1_232' title='bbox 1376 1931 1641 2002; x_wconf 82' lang='lat' dir='ltr'><strong>exequiis</strong></span> <span class='ocrx_word' id='word_1_233' title='bbox 1681 1930 1815 1987; x_wconf 92' lang='lat' dir='ltr'><strong>dum</strong></span> 
     </span>
    </p>
   </div>
   <div class='ocr_carea' id='block_1_34' title="bbox 172 2020 1819 2093">
    <p class='ocr_par' dir='ltr' id='par_1_34' title="bbox 172 2020 1819 2093">
     <span class='ocr_line' id='line_1_34' title="bbox 172 2020 1819 2093; baseline -0.002 -15"><span class='ocrx_word' id='word_1_234' title='bbox 172 2026 404 2093; x_wconf 88' lang='lat' dir='ltr'><strong>patrem</strong></span> <span class='ocrx_word' id='word_1_235' title='bbox 440 2021 642 2078; x_wconf 87' lang='lat' dir='ltr'><strong>ulcisci</strong></span> <span class='ocrx_word' id='word_1_236' title='bbox 677 2021 1201 2090; x_wconf 88' lang='lat' dir='ltr'><strong>desiderat,Etium</strong></span> <span class='ocrx_word' id='word_1_237' title='bbox 1226 2020 1362 2090; x_wconf 87' lang='lat' dir='ltr'><strong>quid</strong></span> <span class='ocrx_word' id='word_1_238' title='bbox 1396 2024 1819 2089; x_wconf 88' lang='lat' dir='ltr'><strong>ageretconsu-</strong></span> 
     </span>
    </p>
   </div>
   <div class='ocr_carea' id='block_1_35' title="bbox 170 2107 1820 2180">
    <p class='ocr_par' dir='ltr' id='par_1_35' title="bbox 170 2107 1820 2180">
     <span class='ocr_line' id='line_1_35' title="bbox 170 2107 1820 2180; baseline -0.002 -14"><span class='ocrx_word' id='word_1_239' title='bbox 170 2111 265 2166; x_wconf 91' lang='lat' dir='ltr'><strong>lit.</strong></span> <span class='ocrx_word' id='word_1_240' title='bbox 303 2110 411 2177; x_wconf 87' lang='lat' dir='ltr'><strong>Qui</strong></span> <span class='ocrx_word' id='word_1_241' title='bbox 427 2116 692 2168; x_wconf 90' lang='lat' dir='ltr'><strong>metuens</strong></span> <span class='ocrx_word' id='word_1_242' title='bbox 714 2110 1256 2166; x_wconf 82' lang='lat' dir='ltr'><strong>nellunist‘unditus</strong></span> <span class='ocrx_word' id='word_1_243' title='bbox 1286 2108 1604 2180; x_wconf 87' lang='lat' dir='ltr'><strong>peremptis</strong></span> <span class='ocrx_word' id='word_1_244' title='bbox 1629 2123 1657 2163; x_wconf 92' lang='lat' dir='ltr'><strong>a</strong></span> <span class='ocrx_word' id='word_1_245' title='bbox 1706 2107 1820 2163; x_wconf 86' lang='lat' dir='ltr'><strong>Wi-</strong></span> 
     </span>
    </p>
   </div>
   <div class='ocr_carea' id='block_1_36' title="bbox 169 2197 1817 2270">
    <p class='ocr_par' dir='ltr' id='par_1_36' title="bbox 169 2197 1817 2270">
     <span class='ocr_line' id='line_1_36' title="bbox 169 2197 1817 2270; baseline -0.002 -15"><span class='ocrx_word' id='word_1_246' title='bbox 169 2199 424 2270; x_wconf 86' lang='lat' dir='ltr'><strong>sigothis</strong></span> <span class='ocrx_word' id='word_1_247' title='bbox 452 2201 770 2256; x_wconf 85' lang='lat' dir='ltr'><strong>Romanum</strong></span> <span class='ocrx_word' id='word_1_248' title='bbox 821 2202 1185 2270; x_wconf 89' lang='lat' dir='ltr'><strong>premeretur</strong></span> <span class='ocrx_word' id='word_1_249' title='bbox 1226 2197 1552 2269; x_wconf 91' lang='lat' dir='ltr'><strong>imperium,</strong></span> <span class='ocrx_word' id='word_1_250' title='bbox 1598 2197 1817 2268; x_wconf 67' lang='lat' dir='ltr'><strong>praebet</strong></span> 
     </span>
    </p>
   </div>
   <div class='ocr_carea' id='block_1_37' title="bbox 168 2286 1818 2359">
    <p class='ocr_par' dir='ltr' id='par_1_37' title="bbox 168 2286 1818 2359">
     <span class='ocr_line' id='line_1_37' title="bbox 168 2286 1818 2359; baseline -0.002 -15"><span class='ocrx_word' id='word_1_251' title='bbox 168 2288 487 2345; x_wconf 89' lang='lat' dir='ltr'><strong>consilium</strong></span> <span class='ocrx_word' id='word_1_252' title='bbox 521 2290 583 2344; x_wconf 90' lang='lat' dir='ltr'><strong>ut</strong></span> <span class='ocrx_word' id='word_1_253' title='bbox 612 2288 684 2343; x_wconf 92' lang='lat' dir='ltr'><strong>ad</strong></span> <span class='ocrx_word' id='word_1_254' title='bbox 709 2287 928 2359; x_wconf 88' lang='lat' dir='ltr'><strong>patrias</strong></span> <span class='ocrx_word' id='word_1_255' title='bbox 960 2287 1127 2343; x_wconf 91' lang='lat' dir='ltr'><strong>sedes</strong></span> <span class='ocrx_word' id='word_1_256' title='bbox 1187 2286 1408 2342; x_wconf 89' lang='lat' dir='ltr'><strong>rediret</strong></span> <span class='ocrx_word' id='word_1_257' title='bbox 1461 2299 1818 2355; x_wconf 84' lang='lat' dir='ltr'><strong>regnumque</strong></span> 
     </span>
    </p>
   </div>
   <div class='ocr_carea' id='block_1_38' title="bbox 169 2374 1822 2448">
    <p class='ocr_par' dir='ltr' id='par_1_38' title="bbox 169 2374 1822 2448">
     <span class='ocr_line' id='line_1_38' title="bbox 169 2374 1822 2448; baseline -0.002 -16"><span class='ocrx_word' id='word_1_258' title='bbox 169 2377 498 2448; x_wconf 86' lang='lat' dir='ltr'><strong>arriperet,</strong></span> <span class='ocrx_word' id='word_1_259' title='bbox 524 2391 595 2433; x_wconf 94' lang='lat' dir='ltr'><strong>ne</strong></span> <span class='ocrx_word' id='word_1_260' title='bbox 626 2375 885 2446; x_wconf 84' lang='lat' dir='ltr'><strong>germani</strong></span> <span class='ocrx_word' id='word_1_261' title='bbox 917 2375 1044 2445; x_wconf 88' lang='lat' dir='ltr'><strong>ejus</strong></span> <span class='ocrx_word' id='word_1_262' title='bbox 1078 2374 1338 2446; x_wconf 86' lang='lat' dir='ltr'><strong>paternis</strong></span> <span class='ocrx_word' id='word_1_263' title='bbox 1365 2375 1575 2445; x_wconf 84' lang='lat' dir='ltr'><strong>Opibus</strong></span> <span class='ocrx_word' id='word_1_264' title='bbox 1616 2388 1822 2445; x_wconf 65' lang='lat' dir='ltr'><strong>praere-</strong></span> 
     </span>
    </p>
   </div>
   <div class='ocr_carea' id='block_1_39' title="bbox 173 2462 1817 2536">
    <p class='ocr_par' dir='ltr' id='par_1_39' title="bbox 173 2462 1817 2536">
     <span class='ocr_line' id='line_1_39' title="bbox 173 2462 1817 2536; baseline -0.002 -16"><span class='ocrx_word' id='word_1_265' title='bbox 173 2465 297 2536; x_wconf 90' lang='lat' dir='ltr'><strong>ptis</strong></span> <span class='ocrx_word' id='word_1_266' title='bbox 331 2480 569 2535; x_wconf 85' lang='lat' dir='ltr'><strong>regnum</strong></span> <span class='ocrx_word' id='word_1_267' title='bbox 593 2464 956 2532; x_wconf 88' lang='lat' dir='ltr'><strong>invaderent,</strong></span> <span class='ocrx_word' id='word_1_268' title='bbox 982 2463 1315 2533; x_wconf 82' lang='lat' dir='ltr'><strong>etgraviter</strong></span> <span class='ocrx_word' id='word_1_269' title='bbox 1344 2478 1474 2518; x_wconf 89' lang='lat' dir='ltr'><strong>cum</strong></span> <span class='ocrx_word' id='word_1_270' title='bbox 1499 2462 1625 2518; x_wconf 88' lang='lat' dir='ltr'><strong>suis</strong></span> <span class='ocrx_word' id='word_1_271' title='bbox 1646 2476 1817 2531; x_wconf 88' lang='lat' dir='ltr'><strong>quam</strong></span> 
     </span>
    </p>
   </div>
   <div class='ocr_carea' id='block_1_40' title="bbox 166 2553 1819 2623">
    <p class='ocr_par' dir='ltr' id='par_1_40' title="bbox 166 2553 1819 2623">
     <span class='ocr_line' id='line_1_40' title="bbox 166 2553 1819 2623; baseline -0.004 -12"><span class='ocrx_word' id='word_1_272' title='bbox 166 2569 307 2611; x_wconf 87' lang='lat' dir='ltr'><strong>cum</strong></span> <span class='ocrx_word' id='word_1_273' title='bbox 363 2553 662 2609; x_wconf 78' lang='lat' dir='ltr'><strong>extraneis</strong></span> <span class='ocrx_word' id='word_1_274' title='bbox 713 2558 1016 2623; x_wconf 88' lang='lat' dir='ltr'><strong>pugnaret.</strong></span> <span class='ocrx_word' id='word_1_275' title='bbox 1073 2554 1191 2607; x_wconf 90' lang='lat' dir='ltr'><strong>Hoc</strong></span> <span class='ocrx_word' id='word_1_276' title='bbox 1249 2566 1532 2623; x_wconf 90' lang='lat' dir='ltr'><strong>responso</strong></span> <span class='ocrx_word' id='word_1_277' title='bbox 1578 2555 1819 2621; x_wconf 90' lang='lat' dir='ltr'><strong>accepto</strong></span> 
     </span>
    </p>
   </div>
   <div class='ocr_carea' id='block_1_41' title="bbox 172 2638 1817 2708">
    <p class='ocr_par' dir='ltr' id='par_1_41' title="bbox 172 2638 1817 2708">
     <span class='ocr_line' id='line_1_41' title="bbox 172 2638 1817 2708; baseline -0.002 -11"><span class='ocrx_word' id='word_1_278' title='bbox 172 2642 360 2697; x_wconf 88' lang='lat' dir='ltr'><strong>rediit</strong></span> <span class='ocrx_word' id='word_1_279' title='bbox 382 2641 453 2697; x_wconf 92' lang='lat' dir='ltr'><strong>ad</strong></span> <span class='ocrx_word' id='word_1_280' title='bbox 482 2640 715 2697; x_wconf 88' lang='lat' dir='ltr'><strong>Gallias.</strong></span> <span class='ocrx_word' id='word_1_281' title='bbox 742 2640 862 2706; x_wconf 86' lang='lat' dir='ltr'><strong>Qua</strong></span> <span class='ocrx_word' id='word_1_282' title='bbox 893 2640 1252 2696; x_wconf 87' lang='lat' dir='ltr'><strong>discessione</strong></span> <span class='ocrx_word' id='word_1_283' title='bbox 1269 2639 1446 2694; x_wconf 80' lang='lat' dir='ltr'><strong>Attila</strong></span> <span class='ocrx_word' id='word_1_284' title='bbox 1471 2639 1724 2708; x_wconf 87' lang='lat' dir='ltr'><strong>cognita,</strong></span> <span class='ocrx_word' id='word_1_285' title='bbox 1745 2638 1817 2693; x_wconf 91' lang='lat' dir='ltr'><strong>ad</strong></span> 
     </span>
    </p>
   </div>
   <div class='ocr_carea' id='block_1_42' title="bbox 166 2725 1817 2803">
    <p class='ocr_par' dir='ltr' id='par_1_42' title="bbox 166 2725 1817 2803">
     <span class='ocr_line' id='line_1_42' title="bbox 166 2725 1817 2803; baseline -0.002 -20"><span class='ocrx_word' id='word_1_286' title='bbox 166 2726 616 2799; x_wconf 81' lang='lat' dir='ltr'><strong>Oppressionem</strong></span> <span class='ocrx_word' id='word_1_287' title='bbox 638 2728 1025 2803; x_wconf 80' lang='lat' dir='ltr'><strong>Romanorum</strong></span> <span class='ocrx_word' id='word_1_288' title='bbox 1043 2726 1293 2782; x_wconf 84' lang='lat' dir='ltr'><strong>intendit</strong></span> <span class='ocrx_word' id='word_1_289' title='bbox 1313 2729 1371 2781; x_wconf 91' lang='lat' dir='ltr'><strong>et</strong></span> <span class='ocrx_word' id='word_1_290' title='bbox 1389 2725 1817 2796; x_wconf 82' lang='lat' dir='ltr'><strong>Aquileiensem</strong></span> 
     </span>
    </p>
   </div>
   <div class='ocr_carea' id='block_1_43' title="bbox 174 2814 1812 2886">
    <p class='ocr_par' dir='ltr' id='par_1_43' title="bbox 174 2814 1812 2886">
     <span class='ocr_line' id='line_1_43' title="bbox 174 2814 1812 2886; baseline -0.002 -14"><span class='ocrx_word' id='word_1_291' title='bbox 174 2815 417 2873; x_wconf 89' lang='lat' dir='ltr'><strong>obsedit</strong></span> <span class='ocrx_word' id='word_1_292' title='bbox 453 2816 676 2885; x_wconf 87' lang='lat' dir='ltr'><strong>urbem,</strong></span> <span class='ocrx_word' id='word_1_293' title='bbox 713 2830 840 2886; x_wconf 56' lang='lat' dir='ltr'><strong>quae</strong></span> <span class='ocrx_word' id='word_1_294' title='bbox 886 2821 977 2871; x_wconf 89' lang='lat' dir='ltr'><strong>est</strong></span> <span class='ocrx_word' id='word_1_295' title='bbox 1030 2814 1374 2885; x_wconf 87' lang='lat' dir='ltr'><strong>metropolis</strong></span> <span class='ocrx_word' id='word_1_296' title='bbox 1420 2814 1812 2870; x_wconf 77' lang='lat' dir='ltr'><strong>Venetiarum.</strong></span> 
     </span>
    </p>
   </div>
   <div class='ocr_carea' id='block_1_44' title="bbox 171 2902 1818 2975">
    <p class='ocr_par' dir='ltr' id='par_1_44' title="bbox 171 2902 1818 2975">
     <span class='ocr_line' id='line_1_44' title="bbox 171 2902 1818 2975; baseline -0.001 -15"><span class='ocrx_word' id='word_1_297' title='bbox 171 2904 637 2961; x_wconf 90' lang='lat' dir='ltr'><strong>Thorismundus</strong></span> <span class='ocrx_word' id='word_1_298' title='bbox 654 2904 710 2959; x_wconf 91' lang='lat' dir='ltr'><strong>in</strong></span> <span class='ocrx_word' id='word_1_299' title='bbox 730 2902 1373 2975; x_wconf 88' lang='lat' dir='ltr'><strong>campisCatalaunieis,</strong></span> <span class='ocrx_word' id='word_1_300' title='bbox 1392 2903 1488 2959; x_wconf 91' lang='lat' dir='ltr'><strong>ubi</strong></span> <span class='ocrx_word' id='word_1_301' title='bbox 1512 2908 1571 2958; x_wconf 91' lang='lat' dir='ltr'><strong>et</strong></span> <span class='ocrx_word' id='word_1_302' title='bbox 1603 2919 1818 2974; x_wconf 88' lang='lat' dir='ltr'><strong>pugna-</strong></span> 
     </span>
    </p>
   </div>
   <div class='ocr_carea' id='block_1_45' title="bbox 175 2991 1817 3063">
    <p class='ocr_par' dir='ltr' id='par_1_45' title="bbox 175 2991 1817 3063">
     <span class='ocr_line' id='line_1_45' title="bbox 175 2991 1817 3063; baseline -0.002 -14"><span class='ocrx_word' id='word_1_303' title='bbox 175 2998 366 3062; x_wconf 88' lang='lat' dir='ltr'><strong>verat,</strong></span> <span class='ocrx_word' id='word_1_304' title='bbox 404 2993 562 3063; x_wconf 89' lang='lat' dir='ltr'><strong>regia</strong></span> <span class='ocrx_word' id='word_1_305' title='bbox 594 2992 900 3062; x_wconf 87' lang='lat' dir='ltr'><strong>majestate</strong></span> <span class='ocrx_word' id='word_1_306' title='bbox 932 2993 1253 3047; x_wconf 85' lang='lat' dir='ltr'><strong>subvectus</strong></span> <span class='ocrx_word' id='word_1_307' title='bbox 1283 2991 1543 3047; x_wconf 89' lang='lat' dir='ltr'><strong>Tolosam</strong></span> <span class='ocrx_word' id='word_1_308' title='bbox 1567 2991 1817 3061; x_wconf 87' lang='lat' dir='ltr'><strong>ingredi-</strong></span> 
     </span>
    </p>
   </div>
   <div class='ocr_carea' id='block_1_46' title="bbox 173 3079 1819 3152">
    <p class='ocr_par' dir='ltr' id='par_1_46' title="bbox 173 3079 1819 3152">
     <span class='ocr_line' id='line_1_46' title="bbox 173 3079 1819 3152; baseline -0.001 -15"><span class='ocrx_word' id='word_1_309' title='bbox 173 3086 291 3137; x_wconf 91' lang='lat' dir='ltr'><strong>tur.</strong></span> <span class='ocrx_word' id='word_1_310' title='bbox 321 3081 502 3137; x_wconf 83' lang='lat' dir='ltr'><strong>Attila</strong></span> <span class='ocrx_word' id='word_1_311' title='bbox 530 3081 794 3152; x_wconf 83' lang='lat' dir='ltr'><strong>Aquileia</strong></span> <span class='ocrx_word' id='word_1_312' title='bbox 814 3085 982 3151; x_wconf 89' lang='lat' dir='ltr'><strong>capta</strong></span> <span class='ocrx_word' id='word_1_313' title='bbox 1000 3085 1056 3136; x_wconf 92' lang='lat' dir='ltr'><strong>et</strong></span> <span class='ocrx_word' id='word_1_314' title='bbox 1071 3080 1393 3135; x_wconf 84' lang='lat' dir='ltr'><strong>crudeliter</strong></span> <span class='ocrx_word' id='word_1_315' title='bbox 1412 3079 1604 3136; x_wconf 91' lang='lat' dir='ltr'><strong>diruta</strong></span> <span class='ocrx_word' id='word_1_316' title='bbox 1618 3085 1674 3135; x_wconf 87' lang='lat' dir='ltr'><strong>et</strong></span> <span class='ocrx_word' id='word_1_317' title='bbox 1692 3096 1819 3136; x_wconf 84' lang='lat' dir='ltr'><strong>vas-</strong></span> 
     </span>
    </p>
   </div>
   <div class='ocr_carea' id='block_1_47' title="bbox 174 3169 1817 3241">
    <p class='ocr_par' dir='ltr' id='par_1_47' title="bbox 174 3169 1817 3241">
     <span class='ocr_line' id='line_1_47' title="bbox 174 3169 1817 3241; baseline 0 -16"><span class='ocrx_word' id='word_1_318' title='bbox 174 3175 322 3241; x_wconf 89' lang='lat' dir='ltr'><strong>tata,</strong></span> <span class='ocrx_word' id='word_1_319' title='bbox 339 3185 443 3241; x_wconf 91' lang='lat' dir='ltr'><strong>per</strong></span> <span class='ocrx_word' id='word_1_320' title='bbox 458 3169 717 3241; x_wconf 89' lang='lat' dir='ltr'><strong>reliquas</strong></span> <span class='ocrx_word' id='word_1_321' title='bbox 733 3172 1013 3226; x_wconf 87' lang='lat' dir='ltr'><strong>Venetum</strong></span> <span class='ocrx_word' id='word_1_322' title='bbox 1038 3169 1312 3225; x_wconf 90' lang='lat' dir='ltr'><strong>civitates</strong></span> <span class='ocrx_word' id='word_1_323' title='bbox 1334 3169 1817 3226; x_wconf 79' lang='lat' dir='ltr'><strong>debachaturMe-</strong></span> 
     </span>
    </p>
   </div>
   <div class='ocr_carea' id='block_1_48' title="bbox 171 3256 1813 3327">
    <p class='ocr_par' dir='ltr' id='par_1_48' title="bbox 171 3256 1813 3327">
     <span class='ocr_line' id='line_1_48' title="bbox 171 3256 1813 3327; baseline 0.001 -13"><span class='ocrx_word' id='word_1_324' title='bbox 171 3258 469 3316; x_wconf 90' lang='lat' dir='ltr'><strong>diolanum</strong></span> <span class='ocrx_word' id='word_1_325' title='bbox 484 3258 871 3325; x_wconf 87' lang='lat' dir='ltr'><strong>subvertitur,</strong></span> <span class='ocrx_word' id='word_1_326' title='bbox 892 3258 1150 3314; x_wconf 86' lang='lat' dir='ltr'><strong>Ticinum</strong></span> <span class='ocrx_word' id='word_1_327' title='bbox 1171 3257 1448 3327; x_wconf 88' lang='lat' dir='ltr'><strong>diruitur,</strong></span> <span class='ocrx_word' id='word_1_328' title='bbox 1466 3257 1653 3314; x_wconf 89' lang='lat' dir='ltr'><strong>vicina</strong></span> <span class='ocrx_word' id='word_1_329' title='bbox 1690 3256 1813 3315; x_wconf 90' lang='lat' dir='ltr'><strong>loca</strong></span> 
     </span>
    </p>
   </div>
   <div class='ocr_carea' id='block_1_49' title="bbox 167 3345 1812 3419">
    <p class='ocr_par' dir='ltr' id='par_1_49' title="bbox 167 3345 1812 3419">
     <span class='ocr_line' id='line_1_49' title="bbox 167 3345 1812 3419; baseline -0.001 -15"><span class='ocrx_word' id='word_1_330' title='bbox 167 3347 514 3418; x_wconf 87' lang='lat' dir='ltr'><strong>alliduntur,</strong></span> <span class='ocrx_word' id='word_1_331' title='bbox 537 3352 592 3404; x_wconf 93' lang='lat' dir='ltr'><strong>et</strong></span> <span class='ocrx_word' id='word_1_332' title='bbox 623 3351 801 3404; x_wconf 89' lang='lat' dir='ltr'><strong>totam</strong></span> <span class='ocrx_word' id='word_1_333' title='bbox 820 3346 1194 3419; x_wconf 86' lang='lat' dir='ltr'><strong>peueltaliam</strong></span> <span class='ocrx_word' id='word_1_334' title='bbox 1225 3345 1559 3402; x_wconf 90' lang='lat' dir='ltr'><strong>demolitur.</strong></span> <span class='ocrx_word' id='word_1_335' title='bbox 1576 3347 1812 3403; x_wconf 83' lang='lat' dir='ltr'><strong>Romam</strong></span> 
     </span>
    </p>
   </div>
   <div class='ocr_carea' id='block_1_50' title="bbox 163 3435 1814 3508">
    <p class='ocr_par' dir='ltr' id='par_1_50' title="bbox 163 3435 1814 3508">
     <span class='ocr_line' id='line_1_50' title="bbox 163 3435 1814 3508; baseline -0.002 -14"><span class='ocrx_word' id='word_1_336' title='bbox 163 3437 303 3494; x_wconf 90' lang='lat' dir='ltr'><strong>dum</strong></span> <span class='ocrx_word' id='word_1_337' title='bbox 322 3436 569 3494; x_wconf 90' lang='lat' dir='ltr'><strong>intendit</strong></span> <span class='ocrx_word' id='word_1_338' title='bbox 594 3436 981 3508; x_wconf 90' lang='lat' dir='ltr'><strong>peraccedera</strong></span> <span class='ocrx_word' id='word_1_339' title='bbox 996 3439 1054 3491; x_wconf 89' lang='lat' dir='ltr'><strong>et</strong></span> <span class='ocrx_word' id='word_1_340' title='bbox 1076 3452 1106 3492; x_wconf 92' lang='lat' dir='ltr'><strong>a</strong></span> <span class='ocrx_word' id='word_1_341' title='bbox 1131 3435 1254 3492; x_wconf 90' lang='lat' dir='ltr'><strong>suis</strong></span> <span class='ocrx_word' id='word_1_342' title='bbox 1267 3442 1602 3492; x_wconf 88' lang='lat' dir='ltr'><strong>removetur</strong></span> <span class='ocrx_word' id='word_1_343' title='bbox 1623 3451 1814 3492; x_wconf 86' lang='lat' dir='ltr'><strong>exem-</strong></span> 
     </span>
    </p>
   </div>
   <div class='ocr_carea' id='block_1_51' title="bbox 164 3524 1810 3597">
    <p class='ocr_par' dir='ltr' id='par_1_51' title="bbox 164 3524 1810 3597">
     <span class='ocr_line' id='line_1_51' title="bbox 164 3524 1810 3597; baseline 0 -17"><span class='ocrx_word' id='word_1_344' title='bbox 164 3524 267 3597; x_wconf 92' lang='lat' dir='ltr'><strong>plo</strong></span> <span class='ocrx_word' id='word_1_345' title='bbox 299 3524 536 3581; x_wconf 91' lang='lat' dir='ltr'><strong>Allarici</strong></span> <span class='ocrx_word' id='word_1_346' title='bbox 572 3525 744 3595; x_wconf 87' lang='lat' dir='ltr'><strong>regis,</strong></span> <span class='ocrx_word' id='word_1_347' title='bbox 780 3525 934 3596; x_wconf 91' lang='lat' dir='ltr'><strong>quod</strong></span> <span class='ocrx_word' id='word_1_348' title='bbox 964 3524 1060 3580; x_wconf 91' lang='lat' dir='ltr'><strong>ille</strong></span> <span class='ocrx_word' id='word_1_349' title='bbox 1108 3529 1240 3596; x_wconf 89' lang='lat' dir='ltr'><strong>post</strong></span> <span class='ocrx_word' id='word_1_350' title='bbox 1300 3525 1541 3579; x_wconf 90' lang='lat' dir='ltr'><strong>fractam</strong></span> <span class='ocrx_word' id='word_1_351' title='bbox 1575 3526 1810 3580; x_wconf 83' lang='lat' dir='ltr'><strong>Romam</strong></span> 
     </span>
    </p>
   </div>
   <div class='ocr_carea' id='block_1_52' title="bbox 162 3612 1812 3685">
    <p class='ocr_par' dir='ltr' id='par_1_52' title="bbox 162 3612 1812 3685">
     <span class='ocr_line' id='line_1_52' title="bbox 162 3612 1812 3685; baseline 0 -16"><span class='ocrx_word' id='word_1_352' title='bbox 162 3628 280 3669; x_wconf 91' lang='lat' dir='ltr'><strong>non</strong></span> <span class='ocrx_word' id='word_1_353' title='bbox 313 3612 412 3669; x_wconf 93' lang='lat' dir='ltr'><strong>diu</strong></span> <span class='ocrx_word' id='word_1_354' title='bbox 436 3613 853 3685; x_wconf 84' lang='lat' dir='ltr'><strong>supervixerit,</strong></span> <span class='ocrx_word' id='word_1_355' title='bbox 894 3614 1003 3669; x_wconf 89' lang='lat' dir='ltr'><strong>Leo</strong></span> <span class='ocrx_word' id='word_1_356' title='bbox 1038 3627 1182 3683; x_wconf 91' lang='lat' dir='ltr'><strong>papa</strong></span> <span class='ocrx_word' id='word_1_357' title='bbox 1217 3627 1317 3684; x_wconf 90' lang='lat' dir='ltr'><strong>per</strong></span> <span class='ocrx_word' id='word_1_358' title='bbox 1345 3627 1406 3668; x_wconf 94' lang='lat' dir='ltr'><strong>se</strong></span> <span class='ocrx_word' id='word_1_359' title='bbox 1439 3612 1510 3668; x_wconf 89' lang='lat' dir='ltr'><strong>ad</strong></span> <span class='ocrx_word' id='word_1_360' title='bbox 1541 3628 1671 3668; x_wconf 90' lang='lat' dir='ltr'><strong>eum</strong></span> <span class='ocrx_word' id='word_1_361' title='bbox 1723 3627 1812 3669; x_wconf 85' lang='lat' dir='ltr'><strong>ac-</strong></span> 
     </span>
    </p>
   </div>
   <div class='ocr_carea' id='block_1_53' title="bbox 158 3701 1809 3773">
    <p class='ocr_par' dir='ltr' id='par_1_53' title="bbox 158 3701 1809 3773">
     <span class='ocr_line' id='line_1_53' title="bbox 158 3701 1809 3773; baseline 0.001 -16"><span class='ocrx_word' id='word_1_362' title='bbox 158 3701 366 3771; x_wconf 89' lang='lat' dir='ltr'><strong>cessit,</strong></span> <span class='ocrx_word' id='word_1_363' title='bbox 402 3717 430 3757; x_wconf 90' lang='lat' dir='ltr'><strong>a</strong></span> <span class='ocrx_word' id='word_1_364' title='bbox 456 3717 571 3773; x_wconf 90' lang='lat' dir='ltr'><strong>quo</strong></span> <span class='ocrx_word' id='word_1_365' title='bbox 602 3702 897 3759; x_wconf 91' lang='lat' dir='ltr'><strong>delenitus</strong></span> <span class='ocrx_word' id='word_1_366' title='bbox 932 3702 1088 3758; x_wconf 92' lang='lat' dir='ltr'><strong>ultra</strong></span> <span class='ocrx_word' id='word_1_367' title='bbox 1114 3701 1434 3758; x_wconf 90' lang='lat' dir='ltr'><strong>Danubium</strong></span> <span class='ocrx_word' id='word_1_368' title='bbox 1467 3707 1634 3772; x_wconf 88' lang='lat' dir='ltr'><strong>pacta</strong></span> <span class='ocrx_word' id='word_1_369' title='bbox 1668 3717 1809 3773; x_wconf 92' lang='lat' dir='ltr'><strong>pace</strong></span> 
     </span>
    </p>
   </div>
   <div class='ocr_carea' id='block_1_54' title="bbox 166 3789 1810 3861">
    <p class='ocr_par' dir='ltr' id='par_1_54' title="bbox 166 3789 1810 3861">
     <span class='ocr_line' id='line_1_54' title="bbox 166 3789 1810 3861; baseline 0 -14"><span class='ocrx_word' id='word_1_370' title='bbox 166 3790 470 3861; x_wconf 87' lang='lat' dir='ltr'><strong>discessit,</strong></span> <span class='ocrx_word' id='word_1_371' title='bbox 495 3790 763 3860; x_wconf 83' lang='lat' dir='ltr'><strong>graviora</strong></span> <span class='ocrx_word' id='word_1_372' title='bbox 797 3806 858 3847; x_wconf 90' lang='lat' dir='ltr'><strong>se</strong></span> <span class='ocrx_word' id='word_1_373' title='bbox 889 3789 1385 3847; x_wconf 66' lang='lat' dir='ltr'><strong>ltaliaeillaturum</strong></span> <span class='ocrx_word' id='word_1_374' title='bbox 1407 3790 1553 3846; x_wconf 89' lang='lat' dir='ltr'><strong>mala</strong></span> <span class='ocrx_word' id='word_1_375' title='bbox 1593 3789 1810 3847; x_wconf 91' lang='lat' dir='ltr'><strong>denun-</strong></span> 
     </span>
    </p>
   </div>
   <div class='ocr_carea' id='block_1_55' title="bbox 157 3878 1808 3948">
    <p class='ocr_par' dir='ltr' id='par_1_55' title="bbox 157 3878 1808 3948">
     <span class='ocr_line' id='line_1_55' title="bbox 157 3878 1808 3948; baseline 0 -13"><span class='ocrx_word' id='word_1_376' title='bbox 157 3879 345 3948; x_wconf 86' lang='lat' dir='ltr'><strong>ciaus,</strong></span> <span class='ocrx_word' id='word_1_377' title='bbox 382 3879 487 3936; x_wconf 92' lang='lat' dir='ltr'><strong>nisi</strong></span> <span class='ocrx_word' id='word_1_378' title='bbox 513 3879 626 3936; x_wconf 88' lang='lat' dir='ltr'><strong>sibi</strong></span> <span class='ocrx_word' id='word_1_379' title='bbox 647 3880 900 3935; x_wconf 79' lang='lat' dir='ltr'><strong>Honoria</strong></span> <span class='ocrx_word' id='word_1_380' title='bbox 920 3878 1306 3935; x_wconf 88' lang='lat' dir='ltr'><strong>Valentiniani</strong></span> <span class='ocrx_word' id='word_1_381' title='bbox 1321 3893 1593 3948; x_wconf 88' lang='lat' dir='ltr'><strong>germana</strong></span> <span class='ocrx_word' id='word_1_382' title='bbox 1628 3879 1808 3936; x_wconf 90' lang='lat' dir='ltr'><strong>Placi-</strong></span> 
     </span>
    </p>
   </div>
   <div class='ocr_carea' id='block_1_56' title="bbox 159 3966 1809 4039">
    <p class='ocr_par' dir='ltr' id='par_1_56' title="bbox 159 3966 1809 4039">
     <span class='ocr_line' id='line_1_56' title="bbox 159 3966 1809 4039; baseline 0.001 -16"><span class='ocrx_word' id='word_1_383' title='bbox 159 3967 277 4023; x_wconf 62' lang='lat' dir='ltr'><strong>dia}</strong></span> <span class='ocrx_word' id='word_1_384' title='bbox 311 3966 424 4023; x_wconf 81' lang='lat' dir='ltr'><strong>tilia</strong></span> <span class='ocrx_word' id='word_1_385' title='bbox 456 3984 587 4025; x_wconf 91' lang='lat' dir='ltr'><strong>cum</strong></span> <span class='ocrx_word' id='word_1_386' title='bbox 621 3968 1078 4039; x_wconf 90' lang='lat' dir='ltr'><strong>portioneopum</strong></span> <span class='ocrx_word' id='word_1_387' title='bbox 1100 3966 1383 4036; x_wconf 85' lang='lat' dir='ltr'><strong>regalium</strong></span> <span class='ocrx_word' id='word_1_388' title='bbox 1403 3967 1513 4023; x_wconf 88' lang='lat' dir='ltr'><strong>sibi</strong></span> <span class='ocrx_word' id='word_1_389' title='bbox 1551 3967 1809 4025; x_wconf 87' lang='lat' dir='ltr'><strong>mittere-</strong></span> 
     </span>
    </p>
   </div>
   <div class='ocr_carea' id='block_1_57' title="bbox 158 4055 1802 4127">
    <p class='ocr_par' dir='ltr' id='par_1_57' title="bbox 158 4055 1802 4127">
     <span class='ocr_line' id='line_1_57' title="bbox 158 4055 1802 4127; baseline -0.001 -16"><span class='ocrx_word' id='word_1_390' title='bbox 158 4061 263 4113; x_wconf 87' lang='lat' dir='ltr'><strong>tur</strong></span> <span class='ocrx_word' id='word_1_391' title='bbox 298 4073 312 4123; x_wconf 90' lang='lat'><strong>;</strong></span> <span class='ocrx_word' id='word_1_392' title='bbox 344 4056 499 4127; x_wconf 90' lang='lat' dir='ltr'><strong>quod</strong></span> <span class='ocrx_word' id='word_1_393' title='bbox 532 4056 605 4111; x_wconf 88' lang='lat' dir='ltr'><strong>ab</strong></span> <span class='ocrx_word' id='word_1_394' title='bbox 637 4055 886 4112; x_wconf 84' lang='lat' dir='ltr'><strong>Houoria</strong></span> <span class='ocrx_word' id='word_1_395' title='bbox 901 4061 959 4111; x_wconf 89' lang='lat' dir='ltr'><strong>et</strong></span> <span class='ocrx_word' id='word_1_396' title='bbox 988 4056 1335 4126; x_wconf 86' lang='lat' dir='ltr'><strong>requisitum</strong></span> <span class='ocrx_word' id='word_1_397' title='bbox 1370 4060 1516 4111; x_wconf 92' lang='lat' dir='ltr'><strong>erat.</strong></span> <span class='ocrx_word' id='word_1_398' title='bbox 1536 4056 1673 4126; x_wconf 76' lang='lat' dir='ltr'><strong>(1b.,</strong></span> <span class='ocrx_word' id='word_1_399' title='bbox 1694 4057 1802 4127; x_wconf 75' lang='grc'><strong>43).</strong></span> 
     </span>
    </p>
   </div>
   <div class='ocr_carea' id='block_1_58' title="bbox 156 4143 1806 4213">
    <p class='ocr_par' dir='ltr' id='par_1_58' title="bbox 156 4143 1806 4213">
     <span class='ocr_line' id='line_1_58' title="bbox 156 4143 1806 4213; baseline -0.001 -12"><span class='ocrx_word' id='word_1_400' title='bbox 156 4147 234 4201; x_wconf 88' lang='lat' dir='ltr'><strong>Et</strong></span> <span class='ocrx_word' id='word_1_401' title='bbox 256 4145 393 4201; x_wconf 88' lang='lat' dir='ltr'><strong>dum</strong></span> <span class='ocrx_word' id='word_1_402' title='bbox 429 4144 643 4200; x_wconf 88' lang='lat' dir='ltr'><strong>Alanos</strong></span> <span class='ocrx_word' id='word_1_403' title='bbox 664 4143 816 4199; x_wconf 89' lang='lat' dir='ltr'><strong>ultra</strong></span> <span class='ocrx_word' id='word_1_404' title='bbox 851 4143 1096 4213; x_wconf 88' lang='lat' dir='ltr'><strong>Ligerim</strong></span> <span class='ocrx_word' id='word_1_405' title='bbox 1119 4143 1512 4199; x_wconf 91' lang='lat' dir='ltr'><strong>consistentes</strong></span> <span class='ocrx_word' id='word_1_406' title='bbox 1540 4144 1806 4200; x_wconf 88' lang='lat' dir='ltr'><strong>sibitem-</strong></span> 
     </span>
    </p>
   </div>
   <div class='ocr_carea' id='block_1_59' title="bbox 155 4231 1808 4307">
    <p class='ocr_par' dir='ltr' id='par_1_59' title="bbox 155 4231 1808 4307">
     <span class='ocr_line' id='line_1_59' title="bbox 155 4231 1808 4307; baseline 0 -19"><span class='ocrx_word' id='word_1_407' title='bbox 155 4238 307 4307; x_wconf 90' lang='lat' dir='ltr'><strong>ptat,</strong></span> <span class='ocrx_word' id='word_1_408' title='bbox 328 4232 623 4303; x_wconf 82' lang='lat' dir='ltr'><strong>subigere,</strong></span> <span class='ocrx_word' id='word_1_409' title='bbox 650 4246 680 4287; x_wconf 90' lang='lat' dir='ltr'><strong>a</strong></span> <span class='ocrx_word' id='word_1_410' title='bbox 704 4231 1049 4301; x_wconf 87' lang='lat' dir='ltr'><strong>Wisigothis</strong></span> <span class='ocrx_word' id='word_1_411' title='bbox 1078 4231 1685 4302; x_wconf 88' lang='lat' dir='ltr'><strong>quorumintendebat</strong></span> <span class='ocrx_word' id='word_1_412' title='bbox 1713 4247 1808 4288; x_wconf 83' lang='lat' dir='ltr'><strong>ex-</strong></span> 
     </span>
    </p>
   </div>
   <div class='ocr_carea' id='block_1_60' title="bbox 154 4320 1808 4392">
    <p class='ocr_par' dir='ltr' id='par_1_60' title="bbox 154 4320 1808 4392">
     <span class='ocr_line' id='line_1_60' title="bbox 154 4320 1808 4392; baseline 0 -16"><span class='ocrx_word' id='word_1_413' title='bbox 154 4321 457 4391; x_wconf 89' lang='lat' dir='ltr'><strong>terminio,</strong></span> <span class='ocrx_word' id='word_1_414' title='bbox 495 4320 692 4378; x_wconf 85' lang='lat' dir='ltr'><strong>Alanis</strong></span> <span class='ocrx_word' id='word_1_415' title='bbox 714 4336 881 4392; x_wconf 84' lang='lat' dir='ltr'><strong>Opem</strong></span> <span class='ocrx_word' id='word_1_416' title='bbox 914 4320 1260 4389; x_wconf 88' lang='lat' dir='ltr'><strong>ferentibus,</strong></span> <span class='ocrx_word' id='word_1_417' title='bbox 1293 4320 1536 4375; x_wconf 89' lang='lat' dir='ltr'><strong>recessit</strong></span> <span class='ocrx_word' id='word_1_418' title='bbox 1628 4320 1808 4391; x_wconf 88' lang='lat' dir='ltr'><strong>inglo-</strong></span> 
     </span>
    </p>
   </div>
   <div class='ocr_carea' id='block_1_61' title="bbox 160 4407 1804 4489">
    <p class='ocr_par' dir='ltr' id='par_1_61' title="bbox 160 4407 1804 4489">
     <span class='ocr_line' id='line_1_61' title="bbox 160 4407 1804 4489; baseline 0 -23"><span class='ocrx_word' id='word_1_419' title='bbox 160 4410 308 4467; x_wconf 87' lang='lat' dir='ltr'><strong>rius.</strong></span> <span class='ocrx_word' id='word_1_420' title='bbox 346 4410 615 4483; x_wconf 67' lang='lat' dir='ltr'><strong>(Ib.,44.)</strong></span> <span class='ocrx_word' id='word_1_421' title='bbox 646 4408 1105 4467; x_wconf 89' lang='lat' dir='ltr'><strong>Thorismundus</strong></span> <span class='ocrx_word' id='word_1_422' title='bbox 1127 4422 1268 4478; x_wconf 89' lang='lat' dir='ltr'><strong>ergo</strong></span> <span class='ocrx_word' id='word_1_423' title='bbox 1316 4407 1496 4464; x_wconf 85' lang='lat' dir='ltr'><strong>Hunis</strong></span> <span class='ocrx_word' id='word_1_424' title='bbox 1539 4408 1804 4489; x_wconf 67' lang='lat' dir='ltr'><strong>devictis,</strong></span> 
     </span>
    </p>
   </div>
   <div class='ocr_carea' id='block_1_62' title="bbox 159 4495 1853 4576">
    <p class='ocr_par' dir='ltr' id='par_1_62' title="bbox 159 4495 1853 4576">
     <span class='ocr_line' id='line_1_62' title="bbox 159 4495 1853 4576; baseline -0.002 -20"><span class='ocrx_word' id='word_1_425' title='bbox 159 4515 306 4571; x_wconf 88' lang='lat' dir='ltr'><strong>pace</strong></span> <span class='ocrx_word' id='word_1_426' title='bbox 325 4515 559 4558; x_wconf 88' lang='lat' dir='ltr'><strong>suorum</strong></span> <span class='ocrx_word' id='word_1_427' title='bbox 588 4498 933 4570; x_wconf 90' lang='lat' dir='ltr'><strong>composita,</strong></span> <span class='ocrx_word' id='word_1_428' title='bbox 972 4497 1140 4568; x_wconf 91' lang='lat' dir='ltr'><strong>obiit,</strong></span> <span class='ocrx_word' id='word_1_429' title='bbox 1183 4495 1578 4553; x_wconf 85' lang='lat' dir='ltr'><strong>Theodericus</strong></span> <span class='ocrx_word' id='word_1_430' title='bbox 1626 4499 1808 4553; x_wconf 86' lang='lat' dir='ltr'><strong>frater</strong></span> <span class='ocrx_word' id='word_1_431' title='bbox 1846 4570 1853 4576; x_wconf 26' lang='lat'>.</span> 
     </span>
    </p>
   </div>
   <div class='ocr_carea' id='block_1_63' title="bbox 1934 1924 3577 1997">
    <p class='ocr_par' dir='ltr' id='par_1_63' title="bbox 1934 1924 3577 1997">
     <span class='ocr_line' id='line_1_63' title="bbox 1934 1924 3577 1997; baseline 0.005 -17"><span class='ocrx_word' id='word_1_432' title='bbox 1934 1924 2172 1982; x_wconf 86' lang='lat' dir='ltr'><strong>funereo</strong></span> <span class='ocrx_word' id='word_1_433' title='bbox 2187 1927 3017 1997; x_wconf 83' lang='lat' dir='ltr'><strong>prosequebantur,ingentem</strong></span> <span class='ocrx_word' id='word_1_434' title='bbox 3034 1942 3104 1984; x_wconf 94' lang='lat' dir='ltr'><strong>co</strong></span> <span class='ocrx_word' id='word_1_435' title='bbox 3118 1929 3577 1988; x_wconf 8' lang='lat' dir='ltr'><strong>unmessationem</strong></span> 
     </span>
    </p>
   </div>
   <div class='ocr_carea' id='block_1_64' title="bbox 1930 2013 3579 2087">
    <p class='ocr_par' dir='ltr' id='par_1_64' title="bbox 1930 2013 3579 2087">
     <span class='ocr_line' id='line_1_64' title="bbox 1930 2013 3579 2087; baseline 0.003 -17"><span class='ocrx_word' id='word_1_436' title='bbox 1930 2013 2301 2073; x_wconf 87' lang='lat' dir='ltr'><strong>celebrantes</strong></span> <span class='ocrx_word' id='word_1_437' title='bbox 2320 2015 2660 2087; x_wconf 88' lang='lat' dir='ltr'><strong>luctumque</strong></span> <span class='ocrx_word' id='word_1_438' title='bbox 2682 2018 2983 2073; x_wconf 85' lang='lat' dir='ltr'><strong>funereum</strong></span> <span class='ocrx_word' id='word_1_439' title='bbox 3008 2017 3192 2072; x_wconf 89' lang='lat' dir='ltr'><strong>mixto</strong></span> <span class='ocrx_word' id='word_1_440' title='bbox 3236 2019 3452 2087; x_wconf 91' lang='lat' dir='ltr'><strong>gaudio</strong></span> <span class='ocrx_word' id='word_1_441' title='bbox 3482 2034 3579 2075; x_wconf 87' lang='lat' dir='ltr'><strong>cx-</strong></span> 
     </span>
    </p>
   </div>
   <div class='ocr_carea' id='block_1_65' title="bbox 1932 2103 3575 2178">
    <p class='ocr_par' dir='ltr' id='par_1_65' title="bbox 1932 2103 3575 2178">
     <span class='ocr_line' id='line_1_65' title="bbox 1932 2103 3575 2178; baseline 0.004 -20"><span class='ocrx_word' id='word_1_442' title='bbox 1932 2103 2239 2175; x_wconf 90' lang='lat' dir='ltr'><strong>plicantes.</strong></span> <span class='ocrx_word' id='word_1_443' title='bbox 2262 2105 2522 2161; x_wconf 86' lang='lat' dir='ltr'><strong>Cadaver</strong></span> <span class='ocrx_word' id='word_1_444' title='bbox 2556 2108 2748 2160; x_wconf 90' lang='lat' dir='ltr'><strong>autem</strong></span> <span class='ocrx_word' id='word_1_445' title='bbox 2785 2104 2975 2160; x_wconf 91' lang='lat' dir='ltr'><strong>loculo</strong></span> <span class='ocrx_word' id='word_1_446' title='bbox 3018 2105 3304 2161; x_wconf 87' lang='lat' dir='ltr'><strong>inclusum</strong></span> <span class='ocrx_word' id='word_1_447' title='bbox 3330 2107 3575 2178; x_wconf 88' lang='lat' dir='ltr'><strong>primum</strong></span> 
     </span>
    </p>
   </div>
   <div class='ocr_carea' id='block_1_66' title="bbox 1929 2192 3573 2266">
    <p class='ocr_par' dir='ltr' id='par_1_66' title="bbox 1929 2192 3573 2266">
     <span class='ocr_line' id='line_1_66' title="bbox 1929 2192 3573 2266; baseline 0.002 -20"><span class='ocrx_word' id='word_1_448' title='bbox 1929 2206 2091 2261; x_wconf 88' lang='lat' dir='ltr'><strong>auro,</strong></span> <span class='ocrx_word' id='word_1_449' title='bbox 2113 2192 2430 2247; x_wconf 84' lang='lat' dir='ltr'><strong>secundum</strong></span> <span class='ocrx_word' id='word_1_450' title='bbox 2448 2192 2961 2261; x_wconf 82' lang='lat' dir='ltr'><strong>argento,tertium</strong></span> <span class='ocrx_word' id='word_1_451' title='bbox 2979 2194 3133 2249; x_wconf 87' lang='lat' dir='ltr'><strong>ferro</strong></span> <span class='ocrx_word' id='word_1_452' title='bbox 3149 2194 3573 2266; x_wconf 85' lang='lat' dir='ltr'><strong>communiunt,</strong></span> 
     </span>
    </p>
   </div>
   <div class='ocr_carea' id='block_1_67' title="bbox 1930 2278 3569 2351">
    <p class='ocr_par' dir='ltr' id='par_1_67' title="bbox 1930 2278 3569 2351">
     <span class='ocr_line' id='line_1_67' title="bbox 1930 2278 3569 2351; baseline 0.003 -18"><span class='ocrx_word' id='word_1_453' title='bbox 1930 2278 2084 2349; x_wconf 85' lang='lat' dir='ltr'><strong>quod</strong></span> <span class='ocrx_word' id='word_1_454' title='bbox 2116 2280 2271 2335; x_wconf 82' lang='lat' dir='ltr'><strong>ferro</strong></span> <span class='ocrx_word' id='word_1_455' title='bbox 2303 2283 2508 2349; x_wconf 86' lang='lat' dir='ltr'><strong>gentes</strong></span> <span class='ocrx_word' id='word_1_456' title='bbox 2532 2280 2879 2351; x_wconf 87' lang='lat' dir='ltr'><strong>edomuerit,</strong></span> <span class='ocrx_word' id='word_1_457' title='bbox 2906 2281 2961 2336; x_wconf 93' lang='lat' dir='ltr'><strong>in</strong></span> <span class='ocrx_word' id='word_1_458' title='bbox 3006 2296 3149 2338; x_wconf 91' lang='lat' dir='ltr'><strong>auro</strong></span> <span class='ocrx_word' id='word_1_459' title='bbox 3180 2296 3319 2338; x_wconf 88' lang='lat' dir='ltr'><strong>vero</strong></span> <span class='ocrx_word' id='word_1_460' title='bbox 3370 2288 3430 2338; x_wconf 92' lang='lat' dir='ltr'><strong>et</strong></span> <span class='ocrx_word' id='word_1_461' title='bbox 3481 2297 3569 2339; x_wconf 83' lang='lat' dir='ltr'><strong>ar-</strong></span> 
     </span>
    </p>
   </div>
   <div class='ocr_carea' id='block_1_68' title="bbox 1926 2368 3574 2442">
    <p class='ocr_par' dir='ltr' id='par_1_68' title="bbox 1926 2368 3574 2442">
     <span class='ocr_line' id='line_1_68' title="bbox 1926 2368 3574 2442; baseline 0.003 -20"><span class='ocrx_word' id='word_1_462' title='bbox 1926 2372 2104 2437; x_wconf 89' lang='lat' dir='ltr'><strong>gento</strong></span> <span class='ocrx_word' id='word_1_463' title='bbox 2128 2375 2397 2424; x_wconf 90' lang='lat' dir='ltr'><strong>ornatum</strong></span> <span class='ocrx_word' id='word_1_464' title='bbox 2415 2368 2721 2439; x_wconf 90' lang='lat' dir='ltr'><strong>utriusque</strong></span> <span class='ocrx_word' id='word_1_465' title='bbox 2739 2369 2821 2425; x_wconf 88' lang='lat' dir='ltr'><strong>rei</strong></span> <span class='ocrx_word' id='word_1_466' title='bbox 2852 2368 3102 2440; x_wconf 59' lang='lat' dir='ltr'><strong>publica;</strong></span> <span class='ocrx_word' id='word_1_467' title='bbox 3117 2370 3433 2442; x_wconf 88' lang='lat' dir='ltr'><strong>acceperit.</strong></span> <span class='ocrx_word' id='word_1_468' title='bbox 3465 2372 3574 2428; x_wconf 72' lang='lat' dir='ltr'><strong>Ad-</strong></span> 
     </span>
    </p>
   </div>
   <div class='ocr_carea' id='block_1_69' title="bbox 1929 2456 3569 2531">
    <p class='ocr_par' dir='ltr' id='par_1_69' title="bbox 1929 2456 3569 2531">
     <span class='ocr_line' id='line_1_69' title="bbox 1929 2456 3569 2531; baseline 0.004 -21"><span class='ocrx_word' id='word_1_469' title='bbox 1929 2456 2148 2511; x_wconf 90' lang='lat' dir='ltr'><strong>duntur</strong></span> <span class='ocrx_word' id='word_1_470' title='bbox 2178 2472 2336 2513; x_wconf 90' lang='lat' dir='ltr'><strong>arma</strong></span> <span class='ocrx_word' id='word_1_471' title='bbox 2357 2457 2606 2513; x_wconf 87' lang='lat' dir='ltr'><strong>hostium</strong></span> <span class='ocrx_word' id='word_1_472' title='bbox 2640 2458 2885 2513; x_wconf 89' lang='lat' dir='ltr'><strong>cedibus</strong></span> <span class='ocrx_word' id='word_1_473' title='bbox 2943 2456 3233 2528; x_wconf 85' lang='lat' dir='ltr'><strong>adquisita</strong></span> <span class='ocrx_word' id='word_1_474' title='bbox 3279 2458 3569 2531; x_wconf 89' lang='lat' dir='ltr'><strong>falerique</strong></span> 
     </span>
    </p>
   </div>
   <div class='ocr_carea' id='block_1_70' title="bbox 1929 2544 3570 2620">
    <p class='ocr_par' dir='ltr' id='par_1_70' title="bbox 1929 2544 3570 2620">
     <span class='ocr_line' id='line_1_70' title="bbox 1929 2544 3570 2620; baseline 0.004 -20"><span class='ocrx_word' id='word_1_475' title='bbox 1929 2544 2090 2600; x_wconf 90' lang='lat' dir='ltr'><strong>vario</strong></span> <span class='ocrx_word' id='word_1_476' title='bbox 2121 2560 2475 2614; x_wconf 88' lang='lat' dir='ltr'><strong>gemmarum</strong></span> <span class='ocrx_word' id='word_1_477' title='bbox 2504 2544 2731 2614; x_wconf 88' lang='lat' dir='ltr'><strong>fulgore</strong></span> <span class='ocrx_word' id='word_1_478' title='bbox 2766 2546 3033 2616; x_wconf 90' lang='lat' dir='ltr'><strong>pretiosi,</strong></span> <span class='ocrx_word' id='word_1_479' title='bbox 3068 2546 3283 2604; x_wconf 85' lang='lat' dir='ltr'><strong>diversi</strong></span> <span class='ocrx_word' id='word_1_480' title='bbox 3337 2563 3570 2620; x_wconf 90' lang='lat' dir='ltr'><strong>quoque</strong></span> 
     </span>
    </p>
   </div>
   <div class='ocr_carea' id='block_1_71' title="bbox 1926 2633 3567 2707">
    <p class='ocr_par' dir='ltr' id='par_1_71' title="bbox 1926 2633 3567 2707">
     <span class='ocr_line' id='line_1_71' title="bbox 1926 2633 3567 2707; baseline 0.002 -18"><span class='ocrx_word' id='word_1_481' title='bbox 1926 2634 2159 2703; x_wconf 89' lang='lat' dir='ltr'><strong>generis</strong></span> <span class='ocrx_word' id='word_1_482' title='bbox 2200 2633 2446 2704; x_wconf 88' lang='lat' dir='ltr'><strong>insignia</strong></span> <span class='ocrx_word' id='word_1_483' title='bbox 2465 2634 2677 2704; x_wconf 89' lang='lat' dir='ltr'><strong>quibus</strong></span> <span class='ocrx_word' id='word_1_484' title='bbox 2716 2634 2951 2705; x_wconf 91' lang='lat' dir='ltr'><strong>aliquod</strong></span> <span class='ocrx_word' id='word_1_485' title='bbox 2984 2635 3164 2692; x_wconf 89' lang='lat' dir='ltr'><strong>decus</strong></span> <span class='ocrx_word' id='word_1_486' title='bbox 3200 2636 3436 2693; x_wconf 90' lang='lat' dir='ltr'><strong>colitur.</strong></span> <span class='ocrx_word' id='word_1_487' title='bbox 3458 2637 3567 2707; x_wconf 85' lang='lat' dir='ltr'><strong>(Cf.</strong></span> 
     </span>
    </p>
   </div>
   <div class='ocr_carea' id='block_1_72' title="bbox 1926 2721 3567 2797">
    <p class='ocr_par' dir='ltr' id='par_1_72' title="bbox 1926 2721 3567 2797">
     <span class='ocr_line' id='line_1_72' title="bbox 1926 2721 3567 2797; baseline 0.002 -19"><span class='ocrx_word' id='word_1_488' title='bbox 1926 2721 2159 2793; x_wconf 78' lang='lat' dir='ltr'><strong>ib.,30.)</strong></span> <span class='ocrx_word' id='word_1_489' title='bbox 2180 2724 2246 2778; x_wconf 89' lang='lat' dir='ltr'><strong>Et</strong></span> <span class='ocrx_word' id='word_1_490' title='bbox 2266 2727 2325 2779; x_wconf 92' lang='lat' dir='ltr'><strong>ut</strong></span> <span class='ocrx_word' id='word_1_491' title='bbox 2348 2726 2432 2778; x_wconf 91' lang='lat' dir='ltr'><strong>tot</strong></span> <span class='ocrx_word' id='word_1_492' title='bbox 2458 2722 2754 2794; x_wconf 90' lang='lat' dir='ltr'><strong>tantisque</strong></span> <span class='ocrx_word' id='word_1_493' title='bbox 2777 2723 3000 2780; x_wconf 89' lang='lat' dir='ltr'><strong>divitiis</strong></span> <span class='ocrx_word' id='word_1_494' title='bbox 3013 2723 3257 2780; x_wconf 88' lang='lat' dir='ltr'><strong>humana</strong></span> <span class='ocrx_word' id='word_1_495' title='bbox 3272 2726 3567 2797; x_wconf 90' lang='lat' dir='ltr'><strong>cupiditas</strong></span> 
     </span>
    </p>
   </div>
   <div class='ocr_carea' id='block_1_73' title="bbox 1928 2810 3570 2882">
    <p class='ocr_par' dir='ltr' id='par_1_73' title="bbox 1928 2810 3570 2882">
     <span class='ocr_line' id='line_1_73' title="bbox 1928 2810 3570 2882; baseline 0.002 -16"><span class='ocrx_word' id='word_1_496' title='bbox 1928 2813 2248 2878; x_wconf 86' lang='lat' dir='ltr'><strong>arceretur,</strong></span> <span class='ocrx_word' id='word_1_497' title='bbox 2283 2810 2417 2867; x_wconf 89' lang='lat' dir='ltr'><strong>huic</strong></span> <span class='ocrx_word' id='word_1_498' title='bbox 2439 2811 2601 2882; x_wconf 88' lang='lat' dir='ltr'><strong>operi</strong></span> <span class='ocrx_word' id='word_1_499' title='bbox 2618 2810 2932 2881; x_wconf 85' lang='lat' dir='ltr'><strong>deputatos</strong></span> <span class='ocrx_word' id='word_1_500' title='bbox 2947 2810 3283 2868; x_wconf 89' lang='lat' dir='ltr'><strong>detestabili</strong></span> <span class='ocrx_word' id='word_1_501' title='bbox 3300 2814 3570 2870; x_wconf 89' lang='lat' dir='ltr'><strong>mercede</strong></span> 
     </span>
    </p>
   </div>
   <div class='ocr_carea' id='block_1_74' title="bbox 1926 2899 3570 2970">
    <p class='ocr_par' dir='ltr' id='par_1_74' title="bbox 1926 2899 3570 2970">
     <span class='ocr_line' id='line_1_74' title="bbox 1926 2899 3570 2970; baseline 0.005 -19"><span class='ocrx_word' id='word_1_502' title='bbox 1926 2899 2320 2966; x_wconf 88' lang='lat' dir='ltr'><strong>trucidarunt,</strong></span> <span class='ocrx_word' id='word_1_503' title='bbox 2356 2899 2983 2970; x_wconf 89' lang='lat' dir='ltr'><strong>sepelientesseiliscet</strong></span> <span class='ocrx_word' id='word_1_504' title='bbox 3010 2904 3071 2956; x_wconf 89' lang='lat' dir='ltr'><strong>ut</strong></span> <span class='ocrx_word' id='word_1_505' title='bbox 3095 2905 3255 2957; x_wconf 90' lang='lat' dir='ltr'><strong>esset</strong></span> <span class='ocrx_word' id='word_1_506' title='bbox 3280 2917 3436 2959; x_wconf 87' lang='lat' dir='ltr'><strong>mors</strong></span> <span class='ocrx_word' id='word_1_507' title='bbox 3452 2918 3570 2960; x_wconf 91' lang='lat' dir='ltr'><strong>mo-</strong></span> 
     </span>
    </p>
   </div>
   <div class='ocr_carea' id='block_1_75' title="bbox 1927 2988 3568 3061">
    <p class='ocr_par' dir='ltr' id='par_1_75' title="bbox 1927 2988 3568 3061">
     <span class='ocr_line' id='line_1_75' title="bbox 1927 2988 3568 3061; baseline 0.004 -18"><span class='ocrx_word' id='word_1_508' title='bbox 1927 2996 2230 3044; x_wconf 77' lang='lat' dir='ltr'><strong>mentanea</strong></span> <span class='ocrx_word' id='word_1_509' title='bbox 2247 2988 2668 3060; x_wconf 90' lang='lat' dir='ltr'><strong>sepelientibus</strong></span> <span class='ocrx_word' id='word_1_510' title='bbox 2688 3004 2818 3048; x_wconf 86' lang='lat' dir='ltr'><strong>cum</strong></span> <span class='ocrx_word' id='word_1_511' title='bbox 2835 2989 3083 3061; x_wconf 90' lang='lat' dir='ltr'><strong>sepulto.</strong></span> <span class='ocrx_word' id='word_1_512' title='bbox 3104 2991 3287 3048; x_wconf 92' lang='lat' dir='ltr'><strong>Locus</strong></span> <span class='ocrx_word' id='word_1_513' title='bbox 3310 3006 3451 3049; x_wconf 90' lang='lat' dir='ltr'><strong>vero</strong></span> <span class='ocrx_word' id='word_1_514' title='bbox 3476 3007 3568 3051; x_wconf 88' lang='lat' dir='ltr'><strong>se-</strong></span> 
     </span>
    </p>
   </div>
   <div class='ocr_carea' id='block_1_76' title="bbox 1928 3076 3569 3148">
    <p class='ocr_par' dir='ltr' id='par_1_76' title="bbox 1928 3076 3569 3148">
     <span class='ocr_line' id='line_1_76' title="bbox 1928 3076 3569 3148; baseline 0.002 -15"><span class='ocrx_word' id='word_1_515' title='bbox 1928 3076 2180 3148; x_wconf 66' lang='lat' dir='ltr'><strong>pulturae</strong></span> <span class='ocrx_word' id='word_1_516' title='bbox 2202 3093 2328 3146; x_wconf 81' lang='lat' dir='ltr'><strong>ejus</strong></span> <span class='ocrx_word' id='word_1_517' title='bbox 2372 3077 2581 3134; x_wconf 80' lang='lat' dir='ltr'><strong>fluvius</strong></span> <span class='ocrx_word' id='word_1_518' title='bbox 2605 3076 3053 3136; x_wconf 90' lang='lat' dir='ltr'><strong>immanissimus</strong></span> <span class='ocrx_word' id='word_1_519' title='bbox 3103 3081 3175 3135; x_wconf 88' lang='lat' dir='ltr'><strong>ab</strong></span> <span class='ocrx_word' id='word_1_520' title='bbox 3195 3079 3362 3137; x_wconf 90' lang='lat' dir='ltr'><strong>alveo</strong></span> <span class='ocrx_word' id='word_1_521' title='bbox 3386 3096 3493 3139; x_wconf 91' lang='lat' dir='ltr'><strong>suo</strong></span> <span class='ocrx_word' id='word_1_522' title='bbox 3514 3082 3569 3138; x_wconf 88' lang='lat' dir='ltr'><strong>in</strong></span> 
     </span>
    </p>
   </div>
   <div class='ocr_carea' id='block_1_77' title="bbox 1926 3165 3563 3236">
    <p class='ocr_par' dir='ltr' id='par_1_77' title="bbox 1926 3165 3563 3236">
     <span class='ocr_line' id='line_1_77' title="bbox 1926 3165 3563 3236; baseline 0.003 -14"><span class='ocrx_word' id='word_1_523' title='bbox 1926 3165 2294 3236; x_wconf 85' lang='lat' dir='ltr'><strong>septuaginta</strong></span> <span class='ocrx_word' id='word_1_524' title='bbox 2313 3165 2468 3222; x_wconf 92' lang='lat' dir='ltr'><strong>rivos</strong></span> <span class='ocrx_word' id='word_1_525' title='bbox 2490 3168 2787 3223; x_wconf 85' lang='lat' dir='ltr'><strong>extensus.</strong></span> <span class='ocrx_word' id='word_1_526' title='bbox 2805 3168 2870 3222; x_wconf 89' lang='lat' dir='ltr'><strong>Et</strong></span> <span class='ocrx_word' id='word_1_527' title='bbox 2895 3166 2990 3223; x_wconf 90' lang='lat' dir='ltr'><strong>ubi</strong></span> <span class='ocrx_word' id='word_1_528' title='bbox 3034 3170 3199 3224; x_wconf 92' lang='lat' dir='ltr'><strong>totus</strong></span> <span class='ocrx_word' id='word_1_529' title='bbox 3218 3168 3374 3225; x_wconf 84' lang='lat' dir='ltr'><strong>ﬂuvii</strong></span> <span class='ocrx_word' id='word_1_530' title='bbox 3400 3169 3563 3227; x_wconf 89' lang='lat' dir='ltr'><strong>inun-</strong></span> 
     </span>
    </p>
   </div>
   <div class='ocr_carea' id='block_1_78' title="bbox 1927 3254 3573 3329">
    <p class='ocr_par' dir='ltr' id='par_1_78' title="bbox 1927 3254 3573 3329">
     <span class='ocr_line' id='line_1_78' title="bbox 1927 3254 3573 3329; baseline 0.004 -19"><span class='ocrx_word' id='word_1_531' title='bbox 1927 3254 2101 3311; x_wconf 90' lang='lat' dir='ltr'><strong>dabat</strong></span> <span class='ocrx_word' id='word_1_532' title='bbox 2135 3254 2861 3326; x_wconf 74' lang='lat' dir='ltr'><strong>impetus,ibisepultur:e</strong></span> <span class='ocrx_word' id='word_1_533' title='bbox 2882 3260 2973 3312; x_wconf 92' lang='lat' dir='ltr'><strong>est</strong></span> <span class='ocrx_word' id='word_1_534' title='bbox 3022 3256 3302 3329; x_wconf 88' lang='lat' dir='ltr'><strong>traditus,</strong></span> <span class='ocrx_word' id='word_1_535' title='bbox 3356 3262 3414 3314; x_wconf 90' lang='lat' dir='ltr'><strong>et</strong></span> <span class='ocrx_word' id='word_1_536' title='bbox 3435 3260 3573 3316; x_wconf 90' lang='lat' dir='ltr'><strong>obs-</strong></span> 
     </span>
    </p>
   </div>
   <div class='ocr_carea' id='block_1_79' title="bbox 1926 3342 3287 3402">
    <p class='ocr_par' dir='ltr' id='par_1_79' title="bbox 1926 3342 3287 3402">
     <span class='ocr_line' id='line_1_79' title="bbox 1926 3342 3287 3402; baseline 0.003 -4"><span class='ocrx_word' id='word_1_537' title='bbox 1926 3343 2138 3399; x_wconf 91' lang='lat' dir='ltr'><strong>tructis</strong></span> <span class='ocrx_word' id='word_1_538' title='bbox 2171 3342 2311 3398; x_wconf 89' lang='lat' dir='ltr'><strong>rivis</strong></span> <span class='ocrx_word' id='word_1_539' title='bbox 2336 3342 2545 3399; x_wconf 85' lang='lat' dir='ltr'><strong>ﬂuvius</strong></span> <span class='ocrx_word' id='word_1_540' title='bbox 2570 3342 2734 3399; x_wconf 90' lang='lat' dir='ltr'><strong>alveo</strong></span> <span class='ocrx_word' id='word_1_541' title='bbox 2747 3359 2854 3400; x_wconf 91' lang='lat' dir='ltr'><strong>suo</strong></span> <span class='ocrx_word' id='word_1_542' title='bbox 2885 3348 2970 3401; x_wconf 89' lang='lat' dir='ltr'><strong>est</strong></span> <span class='ocrx_word' id='word_1_543' title='bbox 2998 3343 3287 3402; x_wconf 90' lang='lat' dir='ltr'><strong>redditus.</strong></span> 
     </span>
    </p>
   </div>
   <div class='ocr_carea' id='block_1_80' title="bbox 1998 3429 3560 3506">
    <p class='ocr_par' dir='ltr' id='par_1_80' title="bbox 1998 3429 3560 3506">
     <span class='ocr_line' id='line_1_80' title="bbox 1998 3429 3560 3506; baseline 0.004 -19"><span class='ocrx_word' id='word_1_544' title='bbox 1998 3434 2181 3502; x_wconf 80' lang='lat' dir='ltr'><strong>igitur</strong></span> <span class='ocrx_word' id='word_1_545' title='bbox 2210 3429 2391 3487; x_wconf 73' lang='lat' dir='ltr'><strong>Gallia</strong></span> <span class='ocrx_word' id='word_1_546' title='bbox 2417 3432 2489 3487; x_wconf 93' lang='lat' dir='ltr'><strong>ab</strong></span> <span class='ocrx_word' id='word_1_547' title='bbox 2524 3431 2897 3488; x_wconf 86' lang='lat' dir='ltr'><strong>infestationc</strong></span> <span class='ocrx_word' id='word_1_548' title='bbox 2922 3433 3309 3489; x_wconf 85' lang='lat' dir='ltr'><strong>Hunorumita</strong></span> <span class='ocrx_word' id='word_1_549' title='bbox 3327 3434 3560 3506; x_wconf 88' lang='lat' dir='ltr'><strong>quidem</strong></span> 
     </span>
    </p>
   </div>
   <div class='ocr_carea' id='block_1_81' title="bbox 1924 3518 3567 3591">
    <p class='ocr_par' dir='ltr' id='par_1_81' title="bbox 1924 3518 3567 3591">
     <span class='ocr_line' id='line_1_81' title="bbox 1924 3518 3567 3591; baseline 0.004 -16"><span class='ocrx_word' id='word_1_550' title='bbox 1924 3524 2066 3577; x_wconf 92' lang='lat' dir='ltr'><strong>tunc</strong></span> <span class='ocrx_word' id='word_1_551' title='bbox 2089 3518 2634 3591; x_wconf 88' lang='lat' dir='ltr'><strong>temporisliberata</strong></span> <span class='ocrx_word' id='word_1_552' title='bbox 2666 3523 2774 3575; x_wconf 92' lang='lat' dir='ltr'><strong>est.</strong></span> <span class='ocrx_word' id='word_1_553' title='bbox 2804 3520 2979 3577; x_wconf 86' lang='lat' dir='ltr'><strong>Pauci</strong></span> <span class='ocrx_word' id='word_1_554' title='bbox 3010 3520 3185 3577; x_wconf 90' lang='lat' dir='ltr'><strong>etiam</strong></span> <span class='ocrx_word' id='word_1_555' title='bbox 3212 3520 3307 3591; x_wconf 90' lang='lat' dir='ltr'><strong>qui</strong></span> <span class='ocrx_word' id='word_1_556' title='bbox 3343 3537 3567 3581; x_wconf 88' lang='lat' dir='ltr'><strong>reman-</strong></span> 
     </span>
    </p>
   </div>
   <div class='ocr_carea' id='block_1_82' title="bbox 1925 3607 3569 3678">
    <p class='ocr_par' dir='ltr' id='par_1_82' title="bbox 1925 3607 3569 3678">
     <span class='ocr_line' id='line_1_82' title="bbox 1925 3607 3569 3678; baseline 0.002 -14"><span class='ocrx_word' id='word_1_557' title='bbox 1925 3614 2127 3665; x_wconf 89' lang='lat' dir='ltr'><strong>serant</strong></span> <span class='ocrx_word' id='word_1_558' title='bbox 2159 3607 2471 3664; x_wconf 89' lang='lat' dir='ltr'><strong>Christiani</strong></span> <span class='ocrx_word' id='word_1_559' title='bbox 2497 3607 2747 3663; x_wconf 87' lang='lat' dir='ltr'><strong>divinam</strong></span> <span class='ocrx_word' id='word_1_560' title='bbox 2780 3608 3060 3665; x_wconf 90' lang='lat' dir='ltr'><strong>ultionem</strong></span> <span class='ocrx_word' id='word_1_561' title='bbox 3080 3608 3241 3678; x_wconf 91' lang='lat' dir='ltr'><strong>juste</strong></span> <span class='ocrx_word' id='word_1_562' title='bbox 3263 3609 3317 3665; x_wconf 91' lang='lat' dir='ltr'><strong>in</strong></span> <span class='ocrx_word' id='word_1_563' title='bbox 3333 3625 3395 3667; x_wconf 92' lang='lat' dir='ltr'><strong>se</strong></span> <span class='ocrx_word' id='word_1_564' title='bbox 3407 3625 3569 3668; x_wconf 83' lang='lat' dir='ltr'><strong>exer-</strong></span> 
     </span>
    </p>
   </div>
   <div class='ocr_carea' id='block_1_83' title="bbox 1922 3696 3560 3770">
    <p class='ocr_par' dir='ltr' id='par_1_83' title="bbox 1922 3696 3560 3770">
     <span class='ocr_line' id='line_1_83' title="bbox 1922 3696 3560 3770; baseline 0.002 -16"><span class='ocrx_word' id='word_1_565' title='bbox 1922 3698 2096 3754; x_wconf 80' lang='lat' dir='ltr'><strong>citam</strong></span> <span class='ocrx_word' id='word_1_566' title='bbox 2120 3697 2388 3753; x_wconf 85' lang='lat' dir='ltr'><strong>videntes</strong></span> <span class='ocrx_word' id='word_1_567' title='bbox 2417 3701 2474 3753; x_wconf 91' lang='lat' dir='ltr'><strong>et</strong></span> <span class='ocrx_word' id='word_1_568' title='bbox 2508 3696 2908 3769; x_wconf 91' lang='lat' dir='ltr'><strong>propitiationi</strong></span> <span class='ocrx_word' id='word_1_569' title='bbox 2941 3697 3067 3768; x_wconf 88' lang='lat' dir='ltr'><strong>ejus</strong></span> <span class='ocrx_word' id='word_1_570' title='bbox 3089 3697 3281 3755; x_wconf 88' lang='lat' dir='ltr'><strong>animo</strong></span> <span class='ocrx_word' id='word_1_571' title='bbox 3335 3700 3560 3770; x_wconf 89' lang='lat' dir='ltr'><strong>gratias</strong></span> 
     </span>
    </p>
   </div>
   <div class='ocr_carea' id='block_1_84' title="bbox 1922 3784 3564 3859">
    <p class='ocr_par' dir='ltr' id='par_1_84' title="bbox 1922 3784 3564 3859">
     <span class='ocr_line' id='line_1_84' title="bbox 1922 3784 3564 3859; baseline 0.001 -16"><span class='ocrx_word' id='word_1_572' title='bbox 1922 3791 2183 3857; x_wconf 86' lang='lat' dir='ltr'><strong>agentes,</strong></span> <span class='ocrx_word' id='word_1_573' title='bbox 2207 3786 2569 3857; x_wconf 87' lang='lat' dir='ltr'><strong>exequendis</strong></span> <span class='ocrx_word' id='word_1_574' title='bbox 2601 3784 2889 3842; x_wconf 89' lang='lat' dir='ltr'><strong>mandatis</strong></span> <span class='ocrx_word' id='word_1_575' title='bbox 2921 3785 3019 3842; x_wconf 90' lang='lat' dir='ltr'><strong>Dei</strong></span> <span class='ocrx_word' id='word_1_576' title='bbox 3066 3787 3564 3859; x_wconf 84' lang='lat' dir='ltr'><strong>promptiorisub-</strong></span> 
     </span>
    </p>
   </div>
   <div class='ocr_carea' id='block_1_85' title="bbox 1921 3874 3563 3949">
    <p class='ocr_par' dir='ltr' id='par_1_85' title="bbox 1921 3874 3563 3949">
     <span class='ocr_line' id='line_1_85' title="bbox 1921 3874 3563 3949; baseline 0.002 -17"><span class='ocrx_word' id='word_1_577' title='bbox 1921 3877 2214 3932; x_wconf 89' lang='lat' dir='ltr'><strong>debantur</strong></span> <span class='ocrx_word' id='word_1_578' title='bbox 2234 3875 2442 3931; x_wconf 88' lang='lat' dir='ltr'><strong>animo.</strong></span> <span class='ocrx_word' id='word_1_579' title='bbox 2484 3874 2704 3947; x_wconf 61' lang='lat' dir='ltr'><strong>[BI-30.4.]</strong></span> <span class='ocrx_word' id='word_1_580' title='bbox 2738 3874 2903 3931; x_wconf 87' lang='lat' dir='ltr'><strong>Etius</strong></span> <span class='ocrx_word' id='word_1_581' title='bbox 2974 3890 3204 3946; x_wconf 91' lang='lat' dir='ltr'><strong>quoque</strong></span> <span class='ocrx_word' id='word_1_582' title='bbox 3261 3877 3563 3949; x_wconf 88' lang='lat' dir='ltr'><strong>patricius,</strong></span> 
     </span>
    </p>
   </div>
   <div class='ocr_carea' id='block_1_86' title="bbox 1922 3963 3565 4036">
    <p class='ocr_par' dir='ltr' id='par_1_86' title="bbox 1922 3963 3565 4036">
     <span class='ocr_line' id='line_1_86' title="bbox 1922 3963 3565 4036; baseline 0.002 -16"><span class='ocrx_word' id='word_1_583' title='bbox 1922 3980 2124 4035; x_wconf 88' lang='lat' dir='ltr'><strong>magna</strong></span> <span class='ocrx_word' id='word_1_584' title='bbox 2155 3964 2540 4021; x_wconf 90' lang='lat' dir='ltr'><strong>occidentalis</strong></span> <span class='ocrx_word' id='word_1_585' title='bbox 2560 3964 2642 4021; x_wconf 90' lang='lat' dir='ltr'><strong>rei</strong></span> <span class='ocrx_word' id='word_1_586' title='bbox 2659 3963 2908 4036; x_wconf 59' lang='lat' dir='ltr'><strong>publica}</strong></span> <span class='ocrx_word' id='word_1_587' title='bbox 2930 3963 3089 4021; x_wconf 73' lang='lat' dir='ltr'><strong>salus</strong></span> <span class='ocrx_word' id='word_1_588' title='bbox 3104 3969 3159 4019; x_wconf 87' lang='lat' dir='ltr'><strong>et</strong></span> <span class='ocrx_word' id='word_1_589' title='bbox 3188 3965 3344 4034; x_wconf 90' lang='lat' dir='ltr'><strong>regis</strong></span> <span class='ocrx_word' id='word_1_590' title='bbox 3368 3966 3565 4024; x_wconf 70' lang='lat' dir='ltr'><strong>Attilae</strong></span> 
     </span>
    </p>
   </div>
   <div class='ocr_carea' id='block_1_87' title="bbox 1874 4051 3570 4126">
    <p class='ocr_par' dir='ltr' id='par_1_87' title="bbox 1874 4051 3570 4126">
     <span class='ocr_line' id='line_1_87' title="bbox 1874 4051 3570 4126; baseline 0.002 -19"><span class='ocrx_word' id='word_1_591' title='bbox 1874 4104 1879 4107; x_wconf 21' lang='grc' dir='ltr'><strong><em>Α</em></strong></span> <span class='ocrx_word' id='word_1_592' title='bbox 1918 4058 2135 4123; x_wconf 87' lang='lat' dir='ltr'><strong>terror,</strong></span> <span class='ocrx_word' id='word_1_593' title='bbox 2159 4068 2188 4108; x_wconf 90' lang='lat' dir='ltr'><strong>a</strong></span> <span class='ocrx_word' id='word_1_594' title='bbox 2214 4051 2616 4108; x_wconf 86' lang='lat' dir='ltr'><strong>Valentiniano</strong></span> <span class='ocrx_word' id='word_1_595' title='bbox 2648 4067 2819 4109; x_wconf 91' lang='lat' dir='ltr'><strong>manu</strong></span> <span class='ocrx_word' id='word_1_596' title='bbox 2852 4052 3084 4124; x_wconf 90' lang='lat' dir='ltr'><strong>propria</strong></span> <span class='ocrx_word' id='word_1_597' title='bbox 3106 4054 3306 4110; x_wconf 90' lang='lat' dir='ltr'><strong>fraude</strong></span> <span class='ocrx_word' id='word_1_598' title='bbox 3336 4055 3570 4126; x_wconf 88' lang='lat' dir='ltr'><strong>perimi-</strong></span> 
     </span>
    </p>
   </div>
   <div class='ocr_carea' id='block_1_88' title="bbox 1921 4140 3564 4211">
    <p class='ocr_par' dir='ltr' id='par_1_88' title="bbox 1921 4140 3564 4211">
     <span class='ocr_line' id='line_1_88' title="bbox 1921 4140 3564 4211; baseline 0.001 -13"><span class='ocrx_word' id='word_1_599' title='bbox 1921 4148 2034 4198; x_wconf 91' lang='lat' dir='ltr'><strong>tur.</strong></span> <span class='ocrx_word' id='word_1_600' title='bbox 2063 4140 2169 4208; x_wconf 89' lang='lat' dir='ltr'><strong>Qui</strong></span> <span class='ocrx_word' id='word_1_601' title='bbox 2203 4145 2448 4211; x_wconf 88' lang='lat' dir='ltr'><strong>posteaa</strong></span> <span class='ocrx_word' id='word_1_602' title='bbox 2479 4140 2711 4197; x_wconf 89' lang='lat' dir='ltr'><strong>duobus</strong></span> <span class='ocrx_word' id='word_1_603' title='bbox 2758 4140 2868 4196; x_wconf 91' lang='lat' dir='ltr'><strong>Etii</strong></span> <span class='ocrx_word' id='word_1_604' title='bbox 2922 4140 3386 4199; x_wconf 83' lang='lat' dir='ltr'><strong>familiarissimis</strong></span> <span class='ocrx_word' id='word_1_605' title='bbox 3427 4142 3564 4199; x_wconf 90' lang='lat' dir='ltr'><strong>dolo</strong></span> 
     </span>
    </p>
   </div>
   <div class='ocr_carea' id='block_1_89' title="bbox 1918 4228 3565 4300">
    <p class='ocr_par' dir='ltr' id='par_1_89' title="bbox 1918 4228 3565 4300">
     <span class='ocr_line' id='line_1_89' title="bbox 1918 4228 3565 4300; baseline 0.002 -15"><span class='ocrx_word' id='word_1_606' title='bbox 1918 4229 2613 4286; x_wconf 85' lang='lat' dir='ltr'><strong>Maximiinterfectusest</strong></span> <span class='ocrx_word' id='word_1_607' title='bbox 2660 4243 2810 4284; x_wconf 90' lang='lat' dir='ltr'><strong>anno</strong></span> <span class='ocrx_word' id='word_1_608' title='bbox 2847 4228 3074 4300; x_wconf 90' lang='lat' dir='ltr'><strong>imperii</strong></span> <span class='ocrx_word' id='word_1_609' title='bbox 3109 4229 3199 4285; x_wconf 92' lang='lat' dir='ltr'><strong>sui</strong></span> <span class='ocrx_word' id='word_1_610' title='bbox 3252 4234 3565 4299; x_wconf 61' lang='lat' dir='ltr'><strong>30,anno£</strong></span> 
     </span>
    </p>
   </div>
   <div class='ocr_carea' id='block_1_90' title="bbox 1920 4315 3564 4389">
    <p class='ocr_par' dir='ltr' id='par_1_90' title="bbox 1920 4315 3564 4389">
     <span class='ocr_line' id='line_1_90' title="bbox 1920 4315 3564 4389; baseline 0.002 -16"><span class='ocrx_word' id='word_1_611' title='bbox 1920 4317 2190 4375; x_wconf 81' lang='lat' dir='ltr'><strong>Marciani</strong></span> <span class='ocrx_word' id='word_1_612' title='bbox 2225 4316 2440 4389; x_wconf 71' lang='lat' dir='ltr'><strong>[FaenL</strong></span> <span class='ocrx_word' id='word_1_613' title='bbox 2477 4315 2577 4373; x_wconf 89' lang='lat' dir='ltr'><strong>Cui</strong></span> <span class='ocrx_word' id='word_1_614' title='bbox 2600 4316 2922 4374; x_wconf 88' lang='lat' dir='ltr'><strong>succedens</strong></span> <span class='ocrx_word' id='word_1_615' title='bbox 2950 4317 3230 4373; x_wconf 84' lang='lat' dir='ltr'><strong>Maximus</strong></span> <span class='ocrx_word' id='word_1_616' title='bbox 3280 4322 3564 4388; x_wconf 75' lang='lat' dir='ltr'><strong>tyrannus</strong></span> 
     </span>
    </p>
   </div>
   <div class='ocr_carea' id='block_1_91' title="bbox 1922 4404 3563 4481">
    <p class='ocr_par' dir='ltr' id='par_1_91' title="bbox 1922 4404 3563 4481">
     <span class='ocr_line' id='line_1_91' title="bbox 1922 4404 3563 4481; baseline 0.002 -19"><span class='ocrx_word' id='word_1_617' title='bbox 1922 4406 2184 4463; x_wconf 90' lang='lat' dir='ltr'><strong>relictam</strong></span> <span class='ocrx_word' id='word_1_618' title='bbox 2208 4404 2593 4460; x_wconf 89' lang='lat' dir='ltr'><strong>Valentiniani</strong></span> <span class='ocrx_word' id='word_1_619' title='bbox 2625 4404 2735 4461; x_wconf 89' lang='lat' dir='ltr'><strong>sibi</strong></span> <span class='ocrx_word' id='word_1_620' title='bbox 2769 4405 2935 4460; x_wconf 86' lang='lat' dir='ltr'><strong>duxit</strong></span> <span class='ocrx_word' id='word_1_621' title='bbox 2963 4419 3222 4475; x_wconf 90' lang='lat' dir='ltr'><strong>uxorem,</strong></span> <span class='ocrx_word' id='word_1_622' title='bbox 3265 4411 3322 4462; x_wconf 90' lang='lat' dir='ltr'><strong>et</strong></span> <span class='ocrx_word' id='word_1_623' title='bbox 3354 4411 3563 4481; x_wconf 85' lang='lat' dir='ltr'><strong>quarto</strong></span> 
     </span>
    </p>
   </div>
   <div class='ocr_carea' id='block_1_92' title="bbox 1922 4492 3566 4566">
    <p class='ocr_par' dir='ltr' id='par_1_92' title="bbox 1922 4492 3566 4566">
     <span class='ocr_line' id='line_1_92' title="bbox 1922 4492 3566 4566; baseline 0 -15"><span class='ocrx_word' id='word_1_624' title='bbox 1922 4510 2116 4552; x_wconf 89' lang='lat' dir='ltr'><strong>mense</strong></span> <span class='ocrx_word' id='word_1_625' title='bbox 2132 4493 2386 4551; x_wconf 89' lang='lat' dir='ltr'><strong>tumultu</strong></span> <span class='ocrx_word' id='word_1_626' title='bbox 2415 4492 2652 4548; x_wconf 87' lang='lat' dir='ltr'><strong>militari</strong></span> <span class='ocrx_word' id='word_1_627' title='bbox 2676 4492 2987 4563; x_wconf 87' lang='lat' dir='ltr'><strong>occiditur,</strong></span> <span class='ocrx_word' id='word_1_628' title='bbox 3030 4509 3097 4550; x_wconf 91' lang='lat' dir='ltr'><strong>su</strong></span> <span class='ocrx_word' id='word_1_629' title='bbox 3111 4494 3420 4566; x_wconf 88' lang='lat' dir='ltr'><strong>cceditquc</strong></span> <span class='ocrx_word' id='word_1_630' title='bbox 3436 4497 3566 4553; x_wconf 85' lang='lat' dir='ltr'><strong>Avi-</strong></span> 
     </span>
    </p>
   </div>
   <div class='ocr_carea' id='block_1_93' title="bbox 160 4568 3565 4659">
    <p class='ocr_par' dir='ltr' id='par_1_93' title="bbox 160 4568 3565 4659">
     <span class='ocr_line' id='line_1_93' title="bbox 160 4568 3565 4659; baseline -0.001 -14"><span class='ocrx_word' id='word_1_631' title='bbox 160 4568 475 4647; x_wconf 73' lang='lat' dir='ltr'><strong>successit.</strong></span> <span class='ocrx_word' id='word_1_632' title='bbox 496 4568 944 4656; x_wconf 85' lang='lat' dir='ltr'><strong>QuiReciarium</strong></span> <span class='ocrx_word' id='word_1_633' title='bbox 969 4588 1289 4644; x_wconf 86' lang='lat' dir='ltr'><strong>Suevorum</strong></span> <span class='ocrx_word' id='word_1_634' title='bbox 1307 4600 1498 4656; x_wconf 87' lang='lat' dir='ltr'><strong>regem</strong></span> <span class='ocrx_word' id='word_1_635' title='bbox 1534 4586 1589 4641; x_wconf 90' lang='lat' dir='ltr'><strong>in</strong></span> <span class='ocrx_word' id='word_1_636' title='bbox 1609 4568 1891 4659; x_wconf 47' lang='lat' dir='ltr'><strong>Hispani)</strong></span> <span class='ocrx_word' id='word_1_637' title='bbox 1922 4589 2035 4653; x_wconf 91' lang='lat' dir='ltr'><strong>tus,</strong></span> <span class='ocrx_word' id='word_1_638' title='bbox 2054 4598 2081 4638; x_wconf 93' lang='lat' dir='ltr'><strong>a</strong></span> <span class='ocrx_word' id='word_1_639' title='bbox 2102 4581 2398 4638; x_wconf 87' lang='lat' dir='ltr'><strong>Gallicano</strong></span> <span class='ocrx_word' id='word_1_640' title='bbox 2417 4580 2682 4637; x_wconf 89' lang='lat' dir='ltr'><strong>exercitu</strong></span> <span class='ocrx_word' id='word_1_641' title='bbox 2709 4580 2896 4652; x_wconf 90' lang='lat' dir='ltr'><strong>primo</strong></span> <span class='ocrx_word' id='word_1_642' title='bbox 2918 4579 3123 4637; x_wconf 89' lang='lat' dir='ltr'><strong>Tolosa</strong></span> <span class='ocrx_word' id='word_1_643' title='bbox 3142 4595 3170 4636; x_wconf 89' lang='lat' dir='ltr'><strong>a</strong></span> <span class='ocrx_word' id='word_1_644' title='bbox 3210 4583 3433 4653; x_wconf 88' lang='lat' dir='ltr'><strong>Gothis,</strong></span> <span class='ocrx_word' id='word_1_645' title='bbox 3467 4584 3565 4641; x_wconf 91' lang='lat' dir='ltr'><strong>de-</strong></span> 
     </span>
    </p>
   </div>
   <div class='ocr_carea' id='block_1_94' title="bbox 158 4675 1806 4747">
    <p class='ocr_par' dir='ltr' id='par_1_94' title="bbox 158 4675 1806 4747">
     <span class='ocr_line' id='line_1_94' title="bbox 158 4675 1806 4747; baseline -0.002 -12"><span class='ocrx_word' id='word_1_646' title='bbox 158 4677 311 4735; x_wconf 84' lang='lat' dir='ltr'><strong>uiam</strong></span> <span class='ocrx_word' id='word_1_647' title='bbox 329 4679 697 4735; x_wconf 89' lang='lat' dir='ltr'><strong>invadentem</strong></span> <span class='ocrx_word' id='word_1_648' title='bbox 720 4677 1048 4735; x_wconf 88' lang='lat' dir='ltr'><strong>auxiliariis</strong></span> <span class='ocrx_word' id='word_1_649' title='bbox 1064 4676 1358 4733; x_wconf 88' lang='lat' dir='ltr'><strong>Gundioco</strong></span> <span class='ocrx_word' id='word_1_650' title='bbox 1392 4681 1448 4730; x_wconf 92' lang='lat' dir='ltr'><strong>et</strong></span> <span class='ocrx_word' id='word_1_651' title='bbox 1476 4675 1806 4747; x_wconf 84' lang='lat' dir='ltr'><strong>Chilperico</strong></span> 
     </span>
    </p>
   </div>
   <div class='ocr_carea' id='block_1_95' title="bbox 165 4765 1807 4839">
    <p class='ocr_par' dir='ltr' id='par_1_95' title="bbox 165 4765 1807 4839">
     <span class='ocr_line' id='line_1_95' title="bbox 165 4765 1807 4839; baseline -0.001 -16"><span class='ocrx_word' id='word_1_652' title='bbox 165 4767 408 4837; x_wconf 89' lang='lat' dir='ltr'><strong>regibus</strong></span> <span class='ocrx_word' id='word_1_653' title='bbox 424 4767 895 4839; x_wconf 81' lang='lat' dir='ltr'><strong>Burgundionum</strong></span> <span class='ocrx_word' id='word_1_654' title='bbox 913 4781 1099 4837; x_wconf 91' lang='lat' dir='ltr'><strong>usque</strong></span> <span class='ocrx_word' id='word_1_655' title='bbox 1120 4766 1187 4821; x_wconf 91' lang='lat' dir='ltr'><strong>ad</strong></span> <span class='ocrx_word' id='word_1_656' title='bbox 1208 4765 1661 4821; x_wconf 81' lang='lat' dir='ltr'><strong>internecionem</strong></span> <span class='ocrx_word' id='word_1_657' title='bbox 1678 4780 1807 4837; x_wconf 86' lang='lat' dir='ltr'><strong>pro-</strong></span> 
     </span>
    </p>
   </div>
   <div class='ocr_carea' id='block_1_96' title="bbox 164 4853 1805 4929">
    <p class='ocr_par' dir='ltr' id='par_1_96' title="bbox 164 4853 1805 4929">
     <span class='ocr_line' id='line_1_96' title="bbox 164 4853 1805 4929; baseline -0.002 -16"><span class='ocrx_word' id='word_1_658' title='bbox 164 4856 396 4926; x_wconf 88' lang='lat' dir='ltr'><strong>stravit,</strong></span> <span class='ocrx_word' id='word_1_659' title='bbox 430 4871 500 4914; x_wconf 90' lang='lat' dir='ltr'><strong>eo</strong></span> <span class='ocrx_word' id='word_1_660' title='bbox 532 4860 836 4929; x_wconf 90' lang='lat' dir='ltr'><strong>perempto</strong></span> <span class='ocrx_word' id='word_1_661' title='bbox 856 4855 987 4923; x_wconf 87' lang='lat' dir='ltr'><strong>;cui</strong></span> <span class='ocrx_word' id='word_1_662' title='bbox 1013 4853 1439 4910; x_wconf 84' lang='lat' dir='ltr'><strong>Recismundus</strong></span> <span class='ocrx_word' id='word_1_663' title='bbox 1454 4855 1561 4910; x_wconf 87' lang='lat' dir='ltr'><strong>sub</strong></span> <span class='ocrx_word' id='word_1_664' title='bbox 1594 4854 1805 4910; x_wconf 89' lang='lat' dir='ltr'><strong>Gotho-</strong></span> 
     </span>
    </p>
   </div>
   <div class='ocr_carea' id='block_1_97' title="bbox 165 4942 1805 5014">
    <p class='ocr_par' dir='ltr' id='par_1_97' title="bbox 165 4942 1805 5014">
     <span class='ocr_line' id='line_1_97' title="bbox 165 4942 1805 5014; baseline -0.001 -14"><span class='ocrx_word' id='word_1_665' title='bbox 165 4959 290 5001; x_wconf 90' lang='lat' dir='ltr'><strong>rum</strong></span> <span class='ocrx_word' id='word_1_666' title='bbox 317 4944 571 5001; x_wconf 91' lang='lat' dir='ltr'><strong>dominio</strong></span> <span class='ocrx_word' id='word_1_667' title='bbox 594 4944 898 5002; x_wconf 91' lang='lat' dir='ltr'><strong>successit.</strong></span> <span class='ocrx_word' id='word_1_668' title='bbox 928 4943 1062 5014; x_wconf 85' lang='lat' dir='ltr'><strong>(1b.,</strong></span> <span class='ocrx_word' id='word_1_669' title='bbox 1090 4942 1691 5014; x_wconf 66' lang='lat' dir='ltr'><strong>47.)EtTheoderieus</strong></span> <span class='ocrx_word' id='word_1_670' title='bbox 1712 4958 1805 4999; x_wconf 89' lang='lat' dir='ltr'><strong>oc-</strong></span> 
     </span>
    </p>
   </div>
   <div class='ocr_carea' id='block_1_98' title="bbox 160 5031 1801 5103">
    <p class='ocr_par' dir='ltr' id='par_1_98' title="bbox 160 5031 1801 5103">
     <span class='ocr_line' id='line_1_98' title="bbox 160 5031 1801 5103; baseline -0.002 -14"><span class='ocrx_word' id='word_1_671' title='bbox 160 5034 384 5090; x_wconf 90' lang='lat' dir='ltr'><strong>cubuit.</strong></span> <span class='ocrx_word' id='word_1_672' title='bbox 412 5034 621 5091; x_wconf 89' lang='lat' dir='ltr'><strong>Eurico</strong></span> <span class='ocrx_word' id='word_1_673' title='bbox 645 5035 824 5090; x_wconf 88' lang='lat' dir='ltr'><strong>fratre</strong></span> <span class='ocrx_word' id='word_1_674' title='bbox 847 5033 897 5089; x_wconf 90' lang='lat' dir='ltr'><strong>ei</strong></span> <span class='ocrx_word' id='word_1_675' title='bbox 914 5033 1291 5103; x_wconf 89' lang='lat' dir='ltr'><strong>succedente,</strong></span> <span class='ocrx_word' id='word_1_676' title='bbox 1317 5031 1412 5102; x_wconf 91' lang='lat' dir='ltr'><strong>qui</strong></span> <span class='ocrx_word' id='word_1_677' title='bbox 1434 5032 1728 5089; x_wconf 86' lang='lat' dir='ltr'><strong>Arelatum</strong></span> <span class='ocrx_word' id='word_1_678' title='bbox 1744 5038 1801 5087; x_wconf 90' lang='lat' dir='ltr'><strong>et</strong></span> 
     </span>
    </p>
   </div>
   <div class='ocr_carea' id='block_1_99' title="bbox 163 5119 1801 5195">
    <p class='ocr_par' dir='ltr' id='par_1_99' title="bbox 163 5119 1801 5195">
     <span class='ocr_line' id='line_1_99' title="bbox 163 5119 1801 5195; baseline -0.001 -18"><span class='ocrx_word' id='word_1_679' title='bbox 163 5122 472 5179; x_wconf 75' lang='lat' dir='ltr'><strong>Massiliam</strong></span> <span class='ocrx_word' id='word_1_680' title='bbox 499 5123 749 5195; x_wconf 74' lang='lat' dir='ltr'><strong>propriae</strong></span> <span class='ocrx_word' id='word_1_681' title='bbox 780 5120 1040 5178; x_wconf 88' lang='lat' dir='ltr'><strong>subdidit</strong></span> <span class='ocrx_word' id='word_1_682' title='bbox 1074 5120 1310 5177; x_wconf 87' lang='lat' dir='ltr'><strong>dicioni.</strong></span> <span class='ocrx_word' id='word_1_683' title='bbox 1339 5119 1475 5189; x_wconf 67' lang='lat'><strong>(10.,</strong></span> <span class='ocrx_word' id='word_1_684' title='bbox 1512 5122 1624 5193; x_wconf 77' lang='grc'>48.)</span> <span class='ocrx_word' id='word_1_685' title='bbox 1649 5120 1801 5175; x_wconf 88' lang='lat' dir='ltr'><strong>Vixit</strong></span> 
     </span>
    </p>
   </div>
   <div class='ocr_carea' id='block_1_100' title="bbox 163 5208 1806 5283">
    <p class='ocr_par' dir='ltr' id='par_1_100' title="bbox 163 5208 1806 5283">
     <span class='ocr_line' id='line_1_100' title="bbox 163 5208 1806 5283; baseline -0.002 -15"><span class='ocrx_word' id='word_1_686' title='bbox 163 5215 356 5268; x_wconf 90' lang='lat' dir='ltr'><strong>autem</strong></span> <span class='ocrx_word' id='word_1_687' title='bbox 390 5226 575 5283; x_wconf 91' lang='lat' dir='ltr'><strong>usque</strong></span> <span class='ocrx_word' id='word_1_688' title='bbox 606 5211 678 5268; x_wconf 91' lang='lat' dir='ltr'><strong>ad</strong></span> <span class='ocrx_word' id='word_1_689' title='bbox 711 5215 940 5281; x_wconf 88' lang='lat' dir='ltr'><strong>tempus</strong></span> <span class='ocrx_word' id='word_1_690' title='bbox 960 5208 1326 5266; x_wconf 88' lang='lat' dir='ltr'><strong>Theodemiri</strong></span> <span class='ocrx_word' id='word_1_691' title='bbox 1350 5208 1506 5278; x_wconf 89' lang='lat' dir='ltr'><strong>regis</strong></span> <span class='ocrx_word' id='word_1_692' title='bbox 1530 5209 1806 5278; x_wconf 89' lang='lat' dir='ltr'><strong>Ostrogo-</strong></span> 
     </span>
    </p>
   </div>
   <div class='ocr_carea' id='block_1_101' title="bbox 160 5297 1806 5367">
    <p class='ocr_par' dir='ltr' id='par_1_101' title="bbox 160 5297 1806 5367">
     <span class='ocr_line' id='line_1_101' title="bbox 160 5297 1806 5367; baseline -0.001 -13"><span class='ocrx_word' id='word_1_693' title='bbox 160 5299 391 5356; x_wconf 89' lang='lat' dir='ltr'><strong>tharum</strong></span> <span class='ocrx_word' id='word_1_694' title='bbox 425 5299 629 5356; x_wconf 89' lang='lat' dir='ltr'><strong>Gothis</strong></span> <span class='ocrx_word' id='word_1_695' title='bbox 659 5298 825 5355; x_wconf 75' lang='lat' dir='ltr'><strong>meis</strong></span> <span class='ocrx_word' id='word_1_696' title='bbox 841 5297 1374 5367; x_wconf 90' lang='lat' dir='ltr'><strong>omninosubjectis</strong></span> <span class='ocrx_word' id='word_1_697' title='bbox 1400 5300 1461 5352; x_wconf 93' lang='lat' dir='ltr'><strong>et</strong></span> <span class='ocrx_word' id='word_1_698' title='bbox 1490 5297 1806 5353; x_wconf 69' lang='lat' dir='ltr'><strong>Attilzeim-</strong></span> 
     </span>
    </p>
   </div>
   <div class='ocr_carea' id='block_1_102' title="bbox 161 5383 1805 5457">
    <p class='ocr_par' dir='ltr' id='par_1_102' title="bbox 161 5383 1805 5457">
     <span class='ocr_line' id='line_1_102' title="bbox 161 5383 1805 5457; baseline 0 -16"><span class='ocrx_word' id='word_1_699' title='bbox 161 5384 327 5457; x_wconf 91' lang='lat' dir='ltr'><strong>perio</strong></span> <span class='ocrx_word' id='word_1_700' title='bbox 358 5386 717 5457; x_wconf 89' lang='lat' dir='ltr'><strong>parentibus.</strong></span> <span class='ocrx_word' id='word_1_701' title='bbox 752 5383 1057 5441; x_wconf 89' lang='lat' dir='ltr'><strong>Necaliter</strong></span> <span class='ocrx_word' id='word_1_702' title='bbox 1071 5383 1263 5454; x_wconf 91' lang='lat' dir='ltr'><strong>aliqua</strong></span> <span class='ocrx_word' id='word_1_703' title='bbox 1293 5396 1440 5451; x_wconf 90' lang='lat' dir='ltr'><strong>gens</strong></span> <span class='ocrx_word' id='word_1_704' title='bbox 1458 5383 1712 5439; x_wconf 90' lang='lat' dir='ltr'><strong>Scithica</strong></span> <span class='ocrx_word' id='word_1_705' title='bbox 1732 5385 1805 5441; x_wconf 91' lang='lat' dir='ltr'><strong>ab</strong></span> 
     </span>
    </p>
   </div>
   <div class='ocr_carea' id='block_1_103' title="bbox 1920 4669 3563 4743">
    <p class='ocr_par' dir='ltr' id='par_1_103' title="bbox 1920 4669 3563 4743">
     <span class='ocr_line' id='line_1_103' title="bbox 1920 4669 3563 4743; baseline 0.001 -15"><span class='ocrx_word' id='word_1_706' title='bbox 1920 4673 2054 4728; x_wconf 89' lang='lat' dir='ltr'><strong>hinc</strong></span> <span class='ocrx_word' id='word_1_707' title='bbox 2077 4672 2227 4743; x_wconf 90' lang='lat' dir='ltr'><strong>apud</strong></span> <span class='ocrx_word' id='word_1_708' title='bbox 2247 4670 2543 4727; x_wconf 91' lang='lat' dir='ltr'><strong>Arelatum</strong></span> <span class='ocrx_word' id='word_1_709' title='bbox 2561 4674 2849 4739; x_wconf 85' lang='lat' dir='ltr'><strong>angustus</strong></span> <span class='ocrx_word' id='word_1_710' title='bbox 2868 4669 3225 4742; x_wconf 88' lang='lat' dir='ltr'><strong>appellatus.</strong></span> <span class='ocrx_word' id='word_1_711' title='bbox 3254 4670 3360 4737; x_wconf 89' lang='lat' dir='ltr'><strong>Qui</strong></span> <span class='ocrx_word' id='word_1_712' title='bbox 3382 4673 3563 4729; x_wconf 91' lang='lat' dir='ltr'><strong>tertio</strong></span> 
     </span>
    </p>
   </div>
   <div class='ocr_carea' id='block_1_104' title="bbox 1918 4757 3563 4833">
    <p class='ocr_par' dir='ltr' id='par_1_104' title="bbox 1918 4757 3563 4833">
     <span class='ocr_line' id='line_1_104' title="bbox 1918 4757 3563 4833; baseline 0 -16"><span class='ocrx_word' id='word_1_713' title='bbox 1918 4759 2334 4833; x_wconf 89' lang='lat' dir='ltr'><strong>annoimpcrio</strong></span> <span class='ocrx_word' id='word_1_714' title='bbox 2366 4764 2424 4814; x_wconf 92' lang='lat' dir='ltr'><strong>et</strong></span> <span class='ocrx_word' id='word_1_715' title='bbox 2466 4758 2585 4814; x_wconf 88' lang='lat' dir='ltr'><strong>vita</strong></span> <span class='ocrx_word' id='word_1_716' title='bbox 2629 4757 2840 4829; x_wconf 88' lang='lat' dir='ltr'><strong>caruit,</strong></span> <span class='ocrx_word' id='word_1_717' title='bbox 2879 4763 2935 4814; x_wconf 91' lang='lat' dir='ltr'><strong>et</strong></span> <span class='ocrx_word' id='word_1_718' title='bbox 2972 4757 3297 4816; x_wconf 83' lang='lat' dir='ltr'><strong>Marcianus</strong></span> <span class='ocrx_word' id='word_1_719' title='bbox 3338 4775 3563 4817; x_wconf 88' lang='lat' dir='ltr'><strong>monar-</strong></span> 
     </span>
    </p>
   </div>
   <div class='ocr_carea' id='block_1_105' title="bbox 1915 4846 3561 4919">
    <p class='ocr_par' dir='ltr' id='par_1_105' title="bbox 1915 4846 3561 4919">
     <span class='ocr_line' id='line_1_105' title="bbox 1915 4846 3561 4919; baseline -0.001 -13"><span class='ocrx_word' id='word_1_720' title='bbox 1915 4849 2101 4906; x_wconf 90' lang='lat' dir='ltr'><strong>ehiam</strong></span> <span class='ocrx_word' id='word_1_721' title='bbox 2118 4847 2527 4919; x_wconf 75' lang='lat' dir='ltr'><strong>eptinuit.Quo</strong></span> <span class='ocrx_word' id='word_1_722' title='bbox 2544 4850 2773 4903; x_wconf 91' lang='lat' dir='ltr'><strong>mortuo</strong></span> <span class='ocrx_word' id='word_1_723' title='bbox 2786 4862 2936 4902; x_wconf 90' lang='lat' dir='ltr'><strong>anno</strong></span> <span class='ocrx_word' id='word_1_724' title='bbox 2952 4847 3024 4903; x_wconf 90' lang='lat' dir='ltr'><strong>ab</strong></span> <span class='ocrx_word' id='word_1_725' title='bbox 3045 4846 3443 4904; x_wconf 89' lang='lat' dir='ltr'><strong>incarnatione</strong></span> <span class='ocrx_word' id='word_1_726' title='bbox 3456 4851 3561 4905; x_wconf 90' lang='lat' dir='ltr'><strong>Do-</strong></span> 
     </span>
    </p>
   </div>
   <div class='ocr_carea' id='block_1_106' title="bbox 1918 4934 3560 5008">
    <p class='ocr_par' dir='ltr' id='par_1_106' title="bbox 1918 4934 3560 5008">
     <span class='ocr_line' id='line_1_106' title="bbox 1918 4934 3560 5008; baseline -0.001 -13"><span class='ocrx_word' id='word_1_727' title='bbox 1918 4938 2054 4995; x_wconf 91' lang='lat' dir='ltr'><strong>mini</strong></span> <span class='ocrx_word' id='word_1_728' title='bbox 2074 4936 2549 5007; x_wconf 63' lang='lat' dir='ltr'><strong>457,Majorianus</strong></span> <span class='ocrx_word' id='word_1_729' title='bbox 2563 4935 2617 4991; x_wconf 90' lang='lat' dir='ltr'><strong>in</strong></span> <span class='ocrx_word' id='word_1_730' title='bbox 2633 4934 2795 4991; x_wconf 89' lang='lat' dir='ltr'><strong>[talia</strong></span> <span class='ocrx_word' id='word_1_731' title='bbox 2811 4936 3432 5008; x_wconf 88' lang='lat' dir='ltr'><strong>etConstantinopolim</strong></span> <span class='ocrx_word' id='word_1_732' title='bbox 3450 4938 3560 4994; x_wconf 86' lang='lat' dir='ltr'><strong>Leo</strong></span> 
     </span>
    </p>
   </div>
   <div class='ocr_carea' id='block_1_107' title="bbox 1916 5024 3559 5098">
    <p class='ocr_par' dir='ltr' id='par_1_107' title="bbox 1916 5024 3559 5098">
     <span class='ocr_line' id='line_1_107' title="bbox 1916 5024 3559 5098; baseline -0.001 -13"><span class='ocrx_word' id='word_1_733' title='bbox 1916 5027 2150 5098; x_wconf 89' lang='lat' dir='ltr'><strong>augusti</strong></span> <span class='ocrx_word' id='word_1_734' title='bbox 2174 5024 2566 5098; x_wconf 88' lang='lat' dir='ltr'><strong>appellantur.</strong></span> <span class='ocrx_word' id='word_1_735' title='bbox 2594 5027 2757 5081; x_wconf 90' lang='lat' dir='ltr'><strong>Anno</strong></span> <span class='ocrx_word' id='word_1_736' title='bbox 2776 5024 3036 5095; x_wconf 65' lang='lat' dir='ltr'><strong>igitur‘“</strong></span> <span class='ocrx_word' id='word_1_737' title='bbox 3059 5028 3131 5082; x_wconf 89' lang='lat' dir='ltr'><strong>ab</strong></span> <span class='ocrx_word' id='word_1_738' title='bbox 3159 5025 3559 5083; x_wconf 89' lang='lat' dir='ltr'><strong>incarnatione</strong></span> 
     </span>
    </p>
   </div>
   <div class='ocr_carea' id='block_1_108' title="bbox 1914 5113 3563 5188">
    <p class='ocr_par' dir='ltr' id='par_1_108' title="bbox 1914 5113 3563 5188">
     <span class='ocr_line' id='line_1_108' title="bbox 1914 5113 3563 5188; baseline -0.001 -15"><span class='ocrx_word' id='word_1_739' title='bbox 1914 5117 2604 5186; x_wconf 65' lang='lat' dir='ltr'><strong>Domini435,antequam</strong></span> <span class='ocrx_word' id='word_1_740' title='bbox 2621 5113 2828 5172; x_wconf 88' lang='lat' dir='ltr'><strong>Avitus</strong></span> <span class='ocrx_word' id='word_1_741' title='bbox 2851 5115 3168 5188; x_wconf 88' lang='lat' dir='ltr'><strong>imperator</strong></span> <span class='ocrx_word' id='word_1_742' title='bbox 3202 5115 3390 5186; x_wconf 78' lang='lat' dir='ltr'><strong>fieret,</strong></span> <span class='ocrx_word' id='word_1_743' title='bbox 3420 5118 3563 5187; x_wconf 74' lang='lat' dir='ltr'><strong>Gay~</strong></span> 
     </span>
    </p>
   </div>
   <div class='ocr_carea' id='block_1_109' title="bbox 1917 5202 3556 5264">
    <p class='ocr_par' dir='ltr' id='par_1_109' title="bbox 1917 5202 3556 5264">
     <span class='ocr_line' id='line_1_109' title="bbox 1917 5202 3556 5264; baseline -0.002 0"><span class='ocrx_word' id='word_1_744' title='bbox 1917 5206 2142 5264; x_wconf 90' lang='lat' dir='ltr'><strong>sericus</strong></span> <span class='ocrx_word' id='word_1_745' title='bbox 2163 5203 2569 5261; x_wconf 87' lang='lat' dir='ltr'><strong>Wandalorum</strong></span> <span class='ocrx_word' id='word_1_746' title='bbox 2587 5219 2691 5259; x_wconf 90' lang='lat' dir='ltr'><strong>rex</strong></span> <span class='ocrx_word' id='word_1_747' title='bbox 2713 5202 3108 5261; x_wconf 90' lang='lat' dir='ltr'><strong>sollicitatusa</strong></span> <span class='ocrx_word' id='word_1_748' title='bbox 3124 5203 3329 5260; x_wconf 92' lang='lat' dir='ltr'><strong>relicta</strong></span> <span class='ocrx_word' id='word_1_749' title='bbox 3347 5204 3556 5261; x_wconf 86' lang='lat' dir='ltr'><strong>Valen-</strong></span> 
     </span>
    </p>
   </div>
   <div class='ocr_carea' id='block_1_110' title="bbox 1917 5291 3561 5365">
    <p class='ocr_par' dir='ltr' id='par_1_110' title="bbox 1917 5291 3561 5365">
     <span class='ocr_line' id='line_1_110' title="bbox 1917 5291 3561 5365; baseline -0.001 -14"><span class='ocrx_word' id='word_1_750' title='bbox 1917 5294 2143 5365; x_wconf 90' lang='lat' dir='ltr'><strong>tiniani,</strong></span> <span class='ocrx_word' id='word_1_751' title='bbox 2160 5295 2393 5350; x_wconf 84' lang='lat' dir='ltr'><strong>Romam</strong></span> <span class='ocrx_word' id='word_1_752' title='bbox 2411 5291 2757 5363; x_wconf 89' lang='lat' dir='ltr'><strong>ingreditur,</strong></span> <span class='ocrx_word' id='word_1_753' title='bbox 2776 5292 3115 5363; x_wconf 88' lang='lat' dir='ltr'><strong>ditatusque</strong></span> <span class='ocrx_word' id='word_1_754' title='bbox 3129 5291 3341 5363; x_wconf 90' lang='lat' dir='ltr'><strong>opibus</strong></span> <span class='ocrx_word' id='word_1_755' title='bbox 3362 5293 3561 5350; x_wconf 83' lang='lat' dir='ltr'><strong>Roma-</strong></span> 
     </span>
    </p>
   </div>
   <div class='ocr_carea' id='block_1_111' title="bbox 1918 5379 3558 5451">
    <p class='ocr_par' dir='ltr' id='par_1_111' title="bbox 1918 5379 3558 5451">
     <span class='ocr_line' id='line_1_111' title="bbox 1918 5379 3558 5451; baseline -0.001 -11"><span class='ocrx_word' id='word_1_756' title='bbox 1918 5398 2123 5441; x_wconf 91' lang='lat' dir='ltr'><strong>norum</strong></span> <span class='ocrx_word' id='word_1_757' title='bbox 2146 5381 2415 5439; x_wconf 85' lang='lat' dir='ltr'><strong>Aﬂ‘ricam</strong></span> <span class='ocrx_word' id='word_1_758' title='bbox 2438 5381 2612 5451; x_wconf 88' lang='lat' dir='ltr'><strong>redit,</strong></span> <span class='ocrx_word' id='word_1_759' title='bbox 2648 5379 3037 5437; x_wconf 90' lang='lat' dir='ltr'><strong>Valentiniani</strong></span> <span class='ocrx_word' id='word_1_760' title='bbox 3061 5395 3305 5438; x_wconf 84' lang='lat' dir='ltr'><strong>uxorem</strong></span> <span class='ocrx_word' id='word_1_761' title='bbox 3328 5385 3387 5438; x_wconf 90' lang='lat' dir='ltr'><strong>et</strong></span> <span class='ocrx_word' id='word_1_762' title='bbox 3412 5381 3558 5439; x_wconf 84' lang='lat' dir='ltr'><strong>duas</strong></span> 
     </span>
    </p>
   </div>
   <div class='ocr_carea' id='block_1_112' title="bbox 1530 5523 2205 5584">
    <p class='ocr_par' dir='ltr' id='par_1_112' title="bbox 1530 5523 2205 5584">
     <span class='ocr_line' id='line_1_112' title="bbox 1530 5523 2205 5584; baseline 0.003 -6"><span class='ocrx_word' id='word_1_763' title='bbox 1530 5524 1764 5581; x_wconf 73' lang='grc' dir='ltr'><strong>νΑΡιῐᾹΞ</strong></span> <span class='ocrx_word' id='word_1_764' title='bbox 1804 5523 2205 5584; x_wconf 83' lang='lat' dir='ltr'><strong>LECTIONES.</strong></span> 
     </span>
    </p>
   </div>
   <div class='ocr_carea' id='block_1_113' title="bbox 232 5655 2656 5747">
    <p class='ocr_par' dir='ltr' id='par_1_113' title="bbox 232 5655 2656 5747">
     <span class='ocr_line' id='line_1_113' title="bbox 232 5655 2656 5747; baseline -0.001 -34"><span class='ocrx_word' id='word_1_765' title='bbox 232 5656 301 5691; x_wconf 69' lang='grc' dir='ltr'><strong>ιε’</strong></span> <span class='ocrx_word' id='word_1_766' title='bbox 332 5657 540 5715; x_wconf 88' lang='lat' dir='ltr'><strong>Gothis</strong></span> <span class='ocrx_word' id='word_1_767' title='bbox 569 5664 747 5716; x_wconf 88' lang='lat' dir='ltr'><strong>—est</strong></span> <span class='ocrx_word' id='word_1_768' title='bbox 776 5658 1045 5716; x_wconf 88' lang='lat' dir='ltr'><strong>redditus</strong></span> <span class='ocrx_word' id='word_1_769' title='bbox 1076 5659 1142 5718; x_wconf 74' lang='lat' dir='ltr'><strong>in</strong></span> <span class='ocrx_word' id='word_1_770' title='bbox 1170 5672 1361 5731; x_wconf 70' lang='lat' dir='ltr'><strong>marg.</strong></span> <span class='ocrx_word' id='word_1_771' title='bbox 1425 5656 1491 5691; x_wconf 79' lang='grc'>¹⁶³</span> <span class='ocrx_word' id='word_1_772' title='bbox 1512 5659 1661 5718; x_wconf 78' lang='lat' dir='ltr'><strong>Post</strong></span> <span class='ocrx_word' id='word_1_773' title='bbox 1685 5659 1807 5719; x_wconf 74' lang='grc' dir='ltr'><strong>Ιιιεσ</strong></span> <span class='ocrx_word' id='word_1_774' title='bbox 1837 5659 2118 5733; x_wconf 70' lang='lat' dir='ltr'><strong>tria/ere</strong></span> <span class='ocrx_word' id='word_1_775' title='bbox 2144 5655 2433 5715; x_wconf 73' lang='lat' dir='ltr'><strong>vocabula</strong></span> <span class='ocrx_word' id='word_1_776' title='bbox 2463 5667 2656 5747; x_wconf 66' lang='grc' dir='ltr'><strong>θναεᾳ.</strong></span> 
     </span>
    </p>
   </div>
  </div>
