3922 6446
238 391 322 462 89
1501 408 2006 484 CHRONICON.
2037 447 2114 464 —
2139 411 2296 484 LIB.
2328 413 2378 480 Ι.
3563 409 3646 478 90

240 531 516 608 sepultus
551 537 645 596 est
679 533 734 597 in
768 535 1014 602 ecclesia
1049 543 1204 604 beati
1235 546 1391 606 Petri
1424 550 1458 606 6
1486 547 1628 606 Non.
1666 548 1881 621 Marcii,
1915 549 1973 612 Α
2002 547 2183 608 exivit
2207 550 2545 610 Odoacroet
2559 545 2806 608 Herulis.
2824 545 2982 618 Quos
3003 545 3299 622 dispersos
3319 546 3640 624 inveniens,

238 627 302 681 et
333 626 586 682 cessavit
620 627 1000 704 episcopatus
1033 634 1160 693 dies
1191 640 1242 693 6.

315 712 612 789 [Faenza]
657 719 802 776 Post
848 727 1078 793 captam
1129 725 1309 796 igitur
1354 729 1593 785 Romam
1644 742 1883 798 regnum

241 801 559 862 Gothorum
596 806 800 864 bifaria
833 810 1121 870 divisione
1153 815 1431 886 partitum
1463 821 1576 877 est.
1607 821 1668 873 et
1697 817 1794 887 qui
1827 817 1884 872 in

238 889 406 947 Italia
443 902 870 967 remanserunt,
898 899 1102 956 ditioni
1135 916 1198 958 se
1231 903 1456 976 imperii
1479 905 1882 973 tradiderunt;

241 977 730 1050 reliquiTolosam
753 986 1078 1055 Aquitanim
1092 989 1388 1048 civitatem
1410 993 1519 1048 sibi
1547 996 1882 1050 statuerunt

237 1067 457 1124 sedem.
493 1069 806 1140 Elegerunt
839 1075 1146 1134 Adaulfum
1197 1094 1412 1151 regem,
1447 1081 1543 1152 qui
1592 1086 1652 1138 et
1702 1082 1885 1138 Placi-

240 1154 394 1212 diam
426 1157 592 1214 duxit
625 1174 884 1232 uxorem,
922 1168 983 1220 ut
1016 1165 1236 1224 dictum
1283 1173 1391 1225 est.
1429 1169 1610 1242 [lsm.]
1643 1171 1767 1236 Quo
1797 1186 1882 1228 se-

240 1243 425 1316 ptimo
455 1260 606 1302 anno
636 1251 852 1319 occiso,
889 1252 1068 1310 Vallia
1122 1258 1423 1326 successit,
1454 1263 1510 1313 et
1546 1259 1596 1316 ei
1629 1259 1885 1316 Theodo-

237 1331 420 1402 ricus,
481 1337 537 1390 et
598 1335 958 1396 Theoderico
1014 1341 1444 1416 Thorsimodus,
1503 1346 1882 1402 Thorsimodo

235 1434 472 1492 quoque
499 1423 910 1496 Theodoricus,
937 1433 993 1484 et
1020 1430 1072 1485 ci
1106 1432 1350 1489 Euricus
1383 1435 1564 1491 frater
1592 1435 1735 1504 ejus.
1774 1435 1881 1502 Qui

235 1509 548 1580 Hispanias
571 1512 902 1585 Galliasque
925 1522 984 1572 et
1008 1521 1189 1574 totam
1218 1522 1608 1590 Burgundiam
1623 1523 1812 1580 sibisu
1825 1525 1884 1578 b-

236 1597 382 1654 dens
401 1603 497 1656 24°
517 1615 667 1658 anno
690 1604 851 1672 regni
879 1605 968 1661 sui
1005 1607 1240 1664 Arelate
1276 1611 1438 1667 obiit.
1467 1612 1567 1668 Cui
1593 1613 1880 1668 successit

236 1685 721 1746 Alaricuscontra
739 1706 906 1762 quem
924 1694 1251 1754 Clodoveus
1269 1700 1565 1769 pugnavit.
1587 1702 1880 1772 [Faenza]

237 1776 407 1833 Gothi
438 1792 599 1849 ergo,
636 1780 732 1850 qui
782 1785 998 1840 terram
1040 1785 1222 1843 Italiae
1273 1789 1682 1860 possederunt,
1715 1797 1774 1847 et
1819 1806 1882 1847 se

1999 655 2130 697 cum
2155 642 2358 714 paucis
2379 656 2482 698 ec-s
2502 645 2760 712 superat,
2787 644 3299 711 persequutusque
3319 639 3644 700 Odoacrum

2001 729 2257 786 vinctum
2280 745 2410 787 cum
2438 745 2620 786 uxore
2653 731 2709 784 et
2733 727 2934 784 liberis
2955 728 3270 800 interfecit,
3293 732 3645 801 gentemque

1997 820 2054 872 et
2091 833 2331 888 regnum
2365 818 2711 875 Herulorum
2744 816 2979 873 delevit.

2071 905 2252 976 [ἰδία]
2280 908 2593 976 Postquam
2614 919 2752 960 vero
2770 903 3032 960 Wandali
3053 903 3122 960 ad
3151 904 3420 961 Aﬂ‘ricam
3449 907 3645 962 trans-

1997 991 2211 1063 ierunt,
2247 991 2519 1049 Galieiaih
2573 993 2740 1049 Suevi
2775 992 2967 1048 sortiti
3000 997 3136 1048 sunt
3169 1011 3182 1047 :
3218 998 3277 1049 et
3311 1007 3411 1048 rex
3443 1007 3646 1050 eorum

1996 1082 2310 1138 Erenricus
2340 1081 2606 1152 regnavit
2637 1095 2686 1136 a.
2725 1085 2810 1150 32,
2845 1090 2900 1136 et
2937 1086 3069 1152 post
3103 1095 3234 1138 eum
3267 1080 3463 1137 Recila
3497 1095 3550 1137 a.
3587 1086 3639 1151 8,

1993 1169 2086 1226 cui
2119 1171 2406 1228 Recianus
2438 1170 2590 1226 filius
2621 1171 2930 1238 successit,
2965 1174 3022 1225 et
3075 1169 3405 1227 catholicus
3455 1170 3649 1227 factus

1995 1259 2262 1328 regnavit
2293 1274 2342 1314 a.
2377 1263 2428 1314 8.
2457 1258 2580 1324 Quo
2613 1258 2924 1314 interfecto
2956 1258 3191 1324 Maldra,
3221 1259 3556 1316 Frumarius
3585 1263 3647 1315 et

1994 1347 2423 1404 Rcccimundus
2471 1362 2640 1417 rcges
2689 1347 3153 1404 constituuntur.
3207 1347 3403 1404 Multis
3447 1347 3644 1419 itaque

1995 1436 2312 1492 Suevorum
2356 1435 2595 1505 regibus
2621 1436 2672 1490 in
2702 1436 2944 1494 Arriana
2973 1435 3214 1507 perﬁdia
3253 1435 3643 1507 permanenti-

1997 1525 2125 1594 bus,
2139 1525 2366 1580 tandem
2385 1539 2623 1593 regnum
2637 1525 3055 1580 Thcodomirus
3070 1525 3422 1596 accepit,qui
3439 1525 3638 1580 statim

1997 1613 2216 1669 Suevos
2241 1613 2544 1668 catholicae
2576 1613 2707 1668 fidei
2741 1613 3018 1668 reddidit.
3053 1613 3154 1668 Cui
3208 1614 3363 1669 Maro
3411 1627 3645 1670 succes-

2004 1700 2080 1756 sit
2114 1707 2172 1757 et
2203 1701 2535 1770 regnavita.
2568 1704 2647 1757 14.
2678 1701 2818 1758 lluic
2842 1701 3127 1758 Eliorieus
3145 1701 3644 1772 successit,quem

1999 1789 2230 1845 Audcca
2277 1795 2506 1860 sumpta
2544 1789 2828 1845 tirannide
2864 1806 3043 1858 regno
3077 1790 3326 1860 privavit
3355 1794 3416 1846 et
3448 1803 3640 1844 mona-

239 1864 699 1965 ditioniimperii
727 1871 932 1965 Leonis
960 1875 1348 1965 tradiderunt,
1377 1894 1506 1934 eum
1532 1880 1602 1934 ab
1619 1879 1882 1936 Odoacro
1913 1903 1969 1965 Β
1995 1878 2167 1934 chum
2204 1879 2360 1935 fecit.
2395 1881 2606 1934 Contra
2655 1893 2822 1948 quem
2876 1879 3246 1947 Leovigildus
3296 1879 3644 1935 Gotthorum

237 1967 377 2024 rege
409 1955 756 2013 Herulorum
788 1962 844 2014 et
880 1960 1086 2018 vicinis
1115 1965 1392 2032 gentibus
1422 1966 1660 2023 assidue
1692 1972 1884 2024 vasta-

237 2047 466 2113 rentur,
485 2058 590 2114 per
603 2044 830 2115 legatos
853 2050 1097 2106 Leonem
1123 2051 1194 2106 im
1205 2059 1536 2124 peratorem
1557 2056 1884 2127 postulave-

235 2136 395 2202 runt,
419 2136 480 2188 ut
504 2132 921 2192 Theodericum
945 2137 1031 2193 cis
1056 2139 1392 2198 institueret
1427 2144 1754 2214 patricium,
1783 2145 1880 2216 qui

237 2219 594 2278 adversariis
625 2237 827 2280 eorum
863 2226 1182 2283 resisteret.
1221 2229 1382 2296 Quod
1414 2231 1730 2304 imperator
1777 2237 1884 2290 Leo

233 2305 560 2365 clementer
591 2325 870 2381 annuens,
906 2329 1034 2370 cum
1065 2317 1314 2374 consilio
1355 2326 1599 2378 senatus
1647 2323 1883 2379 Romam

233 2395 655 2455 Theodericum
676 2399 912 2472 direxit,
931 2404 1027 2474 qui
1053 2420 1081 2460 a
1108 2407 1380 2463 Romanis
1403 2416 1463 2464 et
1485 2411 1688 2466 Gothis
1709 2413 1886 2482 patri-

230 2482 426 2541 ciatus
459 2485 678 2544 honore
699 2488 955 2557 gloriose
979 2501 1290 2565 susceptus
1311 2500 1423 2552 est.
1454 2498 1551 2552 llic
1575 2513 1646 2552 ex
1668 2514 1882 2566 genere

232 2571 609 2630 Macedonum
643 2577 772 2632 fuit.
798 2577 1029 2636 Idacius
1059 2581 1210 2636 enim
1245 2584 1528 2654 patricius
1547 2591 1606 2641 et
1628 2588 1882 2656 Engenia

234 2674 384 2716 uxor
413 2661 542 2731 ejus
574 2678 705 2720 cum
736 2672 935 2722 essent
957 2669 1176 2740 absque
1200 2669 1418 2741 liberis,
1443 2678 1500 2728 et
1526 2674 1804 2730 haberent
1827 2675 1880 2731 in

229 2747 559 2806 ministerio
589 2753 942 2812 creditarios
962 2771 1192 2828 pueros,
1217 2760 1578 2818 Theodorum
1601 2769 1662 2818 ct
1684 2763 1880 2819 Liliam

231 2837 600 2906 Macedones,
624 2843 775 2898 unde
799 2845 1024 2914 parvuli
1052 2846 1276 2903 fuerant
1303 2850 1554 2920 advecti,
1581 2851 1883 2922 copulave-

233 2931 379 2983 runt
409 2941 513 2984 eos
543 2929 809 2986 invicem.
849 2933 1099 3004 Eugenia
1139 2934 1318 3004 jussit
1359 2938 1567 3008 puellae
1602 2944 1660 2996 ut
1696 2939 1750 2996 in
1785 2955 1882 2997 no-

230 3017 1189 3094 ctequajungerenturquicdquid
1207 3025 1446 3082 vidisset
1473 3027 1526 3082 in
1552 3029 1754 3085 sounio
1770 3030 1879 3086 sibi

127 3170 146 3181 ο
233 3105 508 3162 referret.
535 3107 688 3163 Vidit
712 3123 854 3179 ergo
887 3111 1076 3182 puella
1111 3115 1400 3186 sonnium,
1423 3117 1574 3186 quod
1607 3119 1782 3174 arbor
1810 3119 1880 3175 de

233 3208 306 3250 ea
336 3193 584 3252 exiliens
614 3201 732 3254 tam
755 3200 1028 3257 excelsus
1051 3207 1206 3259 esset
1230 3208 1288 3260 ut
1317 3207 1501 3262 nubes
1522 3212 1875 3279 penetraret.

235 3282 407 3348 Quod
435 3298 565 3340 cum
599 3285 726 3342 viro
756 3296 1076 3360 narrasset,
1111 3291 1254 3348 dicit
1287 3293 1355 3348 ad
1386 3265 1556 3350 eam':
1595 3296 1743 3352 Cum
1771 3297 1882 3354 δίε·
1913 3265 1964 3328 C

237 3370 386 3429 teris
417 3371 484 3429 in
508 3376 818 3446 conspectu
859 3377 1110 3435 dentium
1139 3379 1270 3450 tunc,
1305 3382 1464 3439 dices
1494 3382 1550 3439 ei
1576 3383 1798 3441 eid-isse
1830 3385 1884 3440 te

235 3459 528 3518 hacnocte
537 3477 752 3534 equum
763 3465 1721 3542 eteguamnimiepulcri/udinis,
1737 3487 1883 3543 quos

231 3549 596 3621 sequebatur
623 3566 810 3624 equus
827 3557 1145 3628 parvulus,
1177 3559 1549 3617 ambulantes
1590 3562 1655 3617 in
1690 3563 1882 3618 medio

233 3637 607 3696 dominorum
638 3641 890 3699 tuorum.
924 3645 1177 3715 Eugenia
1211 3647 1317 3703 hoc
1349 3648 1591 3705 audiens
1623 3648 1748 3706 viro
1779 3666 1882 3706 suo

234 3727 496 3798 nunciat,
519 3733 579 3784 et
602 3734 880 3801 putantes
901 3733 1147 3791 liberum
1173 3736 1450 3803 futurum,
1472 3737 1670 3793 statim
1692 3745 1883 3795 utros-

235 3830 351 3887 que
383 3815 598 3876 liberos
624 3833 756 3876 esse
781 3819 1107 3894 jusserunt,
1134 3828 1190 3879 et
1227 3827 1404 3882 rebus
1439 3825 1704 3898 plurimis
1737 3827 1884 3884 dita-

234 3911 466 3961 verunt.
490 3907 722 3980 Peperit
755 3924 897 3980 ergo
929 3910 1069 3967 Lilia
1104 3912 1282 3969 filium
1315 3915 1542 3971 nomine
1574 3916 1886 3972 Theoderi-

235 4006 389 4064 cum,
412 4009 581 4066 quem
607 3997 835 4054 ldaeius
867 4002 923 4054 et
958 4001 1232 4072 Eugenia,
1256 4003 1389 4073 quia
1421 4009 1580 4060 esset
1614 4005 1880 4076 decorus,

237 4082 498 4154 prudens
527 4087 586 4139 et
621 4085 788 4140 fortis
819 4090 877 4142 et
902 4085 1128 4158 longus,
1158 4090 1267 4146 sibi
1294 4091 1720 4164 adoptaverant
1745 4094 1800 4148 in
1826 4093 1886 4148 fi-

237 4170 398 4228 lium.
421 4173 558 4227 Post
592 4187 837 4242 quorum
871 4181 1115 4254 mortem
1148 4184 1445 4250 praecepto
1479 4181 1684 4237 Leonis
1707 4181 1885 4252 impe-

235 4258 456 4316 ratoris
489 4259 740 4316 militare
783 4260 1006 4333 jussus,
1043 4265 1350 4322 duodecim
1402 4267 1568 4323 annis
1621 4269 1883 4326 militiam

234 4361 451 4419 gerens
473 4352 652 4404 tantae
678 4348 1040 4408 fortitudinis
1067 4356 1129 4407 et
1151 4351 1362 4422 ingenii
1395 4355 1591 4426 praelia
1612 4357 1880 4426 gessit,ut

235 4439 310 4494 ab
341 4437 613 4494 omnibus
645 4437 1010 4508 diligeretur.
1031 4441 1335 4498 Postremo
1361 4450 1668 4501 senatores
1684 4446 1884 4516 palatii

243 4529 413 4581 tanto
436 4525 668 4582 iuv.diae
701 4525 906 4583 dolore
929 4543 1058 4584 eum
1083 4531 1424 4600 persequuti
1450 4538 1603 4598 sunt,
1623 4541 1684 4589 ut
1704 4532 1883 4604 inqui-

1998 1982 2100 2022 rex
2133 1967 2409 2038 pugnavit
2429 1972 2485 2022 et
2510 1969 2744 2036 captum
2770 1967 3022 2022 totondit
3047 1973 3106 2022 et
3131 1967 3538 2039 presbyterum
3568 1967 3646 2022 fe-

1997 2055 2098 2124 cit,
2123 2061 2179 2111 et
2215 2056 2298 2111 sic
2334 2071 2572 2125 regnum
2597 2058 2917 2112 Suevorum
2941 2055 2996 2110 in
3023 2055 3238 2112 Gothos
3263 2055 3643 2125 transfertur,

1999 2145 2152 2216 quod
2187 2150 2478 2200 manserat
2536 2160 2586 2200 a.
2623 2151 2744 2200 177.
2799 2147 3059 2215 Regnum
3113 2161 3250 2202 vero
3299 2146 3646 2202 Gotthorum

1999 2238 2200 2305 postea
2224 2233 2455 2290 duravit
2481 2249 2530 2289 a.
2560 2235 2680 2290 380.
2707 2234 3058 2304 Leovigildo,
3085 2234 3206 2304 regi
3233 2234 3522 2306 Hispaniae
3546 2233 3646 2304 qui

1998 2321 2228 2378 Alarico
2259 2324 2571 2392 successit,
2600 2324 2958 2378 Richaredus
2992 2339 3095 2378 rex
3118 2324 3430 2392 successit,
3462 2324 3645 2378 fratre

1997 2409 2123 2478 ejus
2157 2411 2573 2481 llerminigildo
2603 2413 2882 2482 martyrio
2913 2428 2942 2467 a
2985 2418 3152 2484 patre
3199 2415 3498 2467 coronato.
3535 2410 3638 2466 llic

1997 2499 2359 2556 Richaredus
2393 2508 2621 2555 secrete
2656 2501 3006 2571 baptizatus,
3041 2515 3238 2557 omnes
3277 2501 3498 2556 Gothos
3546 2501 3648 2555 To-

1999 2586 2178 2643 letum
2211 2588 2498 2644 adunatos
2527 2589 2596 2643 ad
2633 2588 2799 2644 fidem
2832 2588 3177 2645 catholicam
3212 2588 3466 2657 reduxit,
3493 2601 3646 2643 anno

1997 2676 2069 2730 ab
2102 2676 2502 2732 incarnatione
2534 2676 2756 2731 Domini
2791 2680 2911 2732 596.

2071 2763 2258 2835 [Ano.J
2290 2767 2565 2835 Tempore
2617 2763 2683 2797 16"
2731 2764 2936 2820 Leonis
2997 2765 3224 2821 Ylarius
3282 2763 3644 2820 Arelatensis

1997 2856 2057 2908 et
2078 2853 2428 2909 Claudianus
2451 2853 2792 2909 Viennensis
2809 2853 2951 2908 clari
2973 2853 3279 2908 habentur.
3301 2851 3640 2922 Pyminiola,

1996 2956 2163 2996 soror
2202 2941 2386 2997 sancti
2441 2941 2611 2997 Ylarii
2663 2941 3046 3010 Arelatensis,
3103 2956 3246 2997 uxor
3297 2941 3404 2998 fuit
3456 2939 3640 2997 sancti

1999 3029 2135 3100 Lupi
2167 3029 2648 3098 Trecassiuensis,
2683 3027 2850 3098 cujus
2881 3029 3208 3100 discipulus
3258 3028 3366 3085 fuit
3400 3032 3642 3084 sanctus

1996 3118 2382 3174 Pulehronius
2453 3117 2854 3174 Virdunensis.
2917 3118 3148 3189 Septem
3207 3122 3400 3174 autem
3466 3116 3639 3172 simul

1999 3208 2170 3263 fuere
2192 3207 2374 3263 annis.

2067 3294 2274 3364 (Gesta
2283 3311 2350 3365 1).
2387 3295 2488 3362 Β.)
2519 3295 2799 3365 Tempore
2827 3293 3004 3364 igitur
3029 3293 3275 3350 Odoacri
3299 3293 3456 3363 regis
3486 3292 3642 3350 sedit

1996 3384 2188 3439 Romae
2221 3383 2379 3438 Felix
2410 3383 2642 3438 natione
2676 3384 2988 3452 Romanus,
3009 3389 3174 3455 patre
3200 3381 3388 3439 Felice
3418 3381 3641 3454 presbi-

1998 3478 2146 3542 tero,
2183 3487 2231 3526 a.
2267 3476 2319 3540 8,
2357 3487 2428 3526 ιη.
2471 3475 2552 3541 ll,
2601 3472 2656 3526 d.
2709 3478 2793 3527 18.
2844 3471 2971 3526 Fuit
3021 3485 3206 3541 usque
3255 3471 3327 3526 ad
3376 3475 3637 3542 tempora

1994 3560 2355 3616 Theoderici.
2391 3561 2506 3615 Sub
2539 3561 2648 3616 hoc
2682 3559 2893 3616 iterum
2926 3560 3084 3614 venit
3119 3559 3326 3615 relatio
3346 3559 3416 3614 de
3441 3559 3642 3616 Grecia

1997 3650 2231 3705 Petrum
2283 3648 2737 3704 Alexandrinum
2789 3653 3127 3704 revocatum
3162 3649 3234 3703 ab
3268 3647 3472 3704 Acatio
3504 3650 3646 3704 Con-

1996 3736 2540 3808 stantinopolitano,
2566 3743 2622 3791 et
2651 3738 2804 3792 facto
2836 3735 3084 3791 concilio
3117 3734 3277 3791 Felix
3309 3749 3454 3806 papa
3487 3735 3644 3792 dam-

1998 3825 2193 3898 pnavit
2227 3825 2490 3881 Acatium
2523 3841 2654 3881 cum
2687 3826 2879 3880 Petro.
2909 3825 3018 3880 Leo
3043 3840 3183 3894 ergo
3207 3825 3524 3895 imperator
3545 3839 3642 3880 ex-

1995 3915 2146 3971 actis
2177 3915 2232 3970 in
2267 3914 2510 3985 imperio
2550 3919 2607 3970 l7
2636 3915 2804 3970 annis
2834 3913 2981 3970 obiit
3013 3929 3162 3970 anno
3216 3914 3288 3969 ab
3334 3913 3444 3968 inc.
3478 3915 3637 3969 Dom.

1995 4006 2118 4059 474.
2155 4004 2450 4058 Successit
2479 4002 2630 4058 alter
2664 4003 2774 4059 Leo
2805 4008 2863 4058 ct
2895 4002 3098 4058 eodem
3131 4017 3280 4058 anno
3332 4001 3642 4058 defunctus

1995 4098 2108 4148 est.
2138 4092 2316 4164 [lsm.J
2349 4093 2501 4147 Tunc
2531 4093 2719 4147 Zenon
2745 4090 3062 4162 imperator
3083 4091 3354 4160 efﬁcitur,
3378 4089 3532 4160 quod
3557 4095 3639 4144 tc-

1996 4182 2122 4237 nuit
2159 4196 2208 4236 a.
2247 4185 2329 4234 16.
2365 4182 2481 4235 Sub
2515 4194 2628 4249 quo
2655 4194 2869 4250 corpus
2900 4179 3177 4235 Barnabas
3228 4177 3482 4250 apostoli
3515 4192 3644 4248 rep-

1997 4269 2242 4342 peritur.
2279 4269 2364 4323 Ab
2394 4269 2504 4323 hoc
2537 4267 2746 4323 relatio
2777 4266 2932 4324 venit
2985 4272 3046 4322 ut
3095 4267 3366 4339 penitens
3417 4267 3638 4324 rediret

1998 4356 2254 4413 Acatius.
2295 4356 2501 4423 (Gesta
2521 4371 2584 4427 ρ.
2613 4357 2714 4422 R.)
2747 4355 2900 4410 Tune
2933 4369 3077 4426 papa
3109 4354 3270 4410 Felix
3302 4355 3458 4410 misit
3493 4355 3639 4411 duos

1997 4445 2308 4516 episcopos
2359 4444 2648 4499 Me‘scnum
2695 4447 2752 4497 et
2803 4442 3068 4513 Vitalem,
3105 4447 3169 4498 ut
3216 4441 3263 4498 si
3310 4441 3637 4499 invenirent

1999 4547 2124 4590 com
2133 4533 2338 4605 plicem
2362 4531 2519 4587 Petri
2545 4530 2809 4588 Acatium
2829 4530 2955 4586 dam
2966 4536 3212 4602 pnarcut
3231 4544 3354 4586 eos.
3382 4529 3488 4596 Qui
3511 4544 3640 4586 cor-

241 4614 731 4686 rerent-qualiter
753 4615 924 4686 jussu
959 4618 1332 4690 imperatoris
1365 4621 1651 4678 interiret.
1686 4623 1888 4679 Tholo-
1915 4621 1970 4683 D
2000 4621 2157 4692 rupti
2205 4619 2446 4692 pecunia
2480 4634 2593 4676 non
2629 4621 2888 4675 fecerunt
2915 4618 3080 4688 juxta
3116 4624 3472 4690 praeceptum
3503 4631 3639 4690 apo-

243 4719 410 4760 meus
429 4709 624 4761 autem
657 4705 890 4776 quidam
925 4707 995 4762 de
1029 4709 1404 4765 senatoribus
1437 4725 1564 4766 cum
1598 4726 1666 4768 eo
1695 4712 1889 4768 amici-

245 4791 385 4848 tiam
418 4792 564 4864 iniit,
601 4808 771 4864 quam
807 4807 988 4866 usque
1019 4811 1074 4851 in
1105 4796 1256 4852 diem
1303 4797 1498 4855 obitus
1541 4800 1882 4856 custodivit.

247 4881 568 4952 Susceptus
597 4896 738 4953 ergo
769 4897 800 4939 a
833 4884 1105 4941 Romanis
1135 4889 1194 4940 et
1225 4885 1426 4942 Gothis
1455 4902 1586 4943 cum
1625 4888 1887 4944 Odoacro

242 4968 342 5039 qui
373 4969 609 5025 Romam
639 4971 972 5042 optinuerat
1004 4976 1062 5028 et
1089 4973 1319 5030 Herulis
1345 4973 1510 5045 plura
1537 4976 1736 5046 praelia
1761 4993 1888 5046 ges-

247 5058 345 5114 sit.
382 5058 676 5131 [FnanacJ
711 5059 810 5116 Die
844 5060 1024 5132 igitur
1047 5063 1294 5132 quadam
1320 5062 1463 5119 inito
1488 5064 1689 5134 praelio
1711 5067 1888 5122 Theo-

246 5145 486 5204 dericus
514 5163 645 5204 cum
680 5149 902 5220 Gothis,
938 5150 1169 5220 fugiens
1213 5153 1541 5208 Ravennam
1581 5152 1887 5224 ingressus

246 5239 363 5291 est.
395 5235 502 5291 Ubi
535 5235 733 5294 Liliam
766 5243 1011 5294 matrem
1043 5253 1206 5296 suam
1239 5239 1554 5310 inveniens,
1580 5244 1652 5296 ab
1673 5258 1739 5298 ea
1764 5258 1890 5300 cor-

246 5326 456 5396 reptus
487 5339 617 5382 cum
648 5324 1005 5398 inproperio,
1033 5328 1184 5399 quod
1211 5343 1322 5385 non
1346 5333 1508 5385 esset
1537 5331 1630 5387 ubi
1661 5331 1886 5400 fugeret

247 5412 359 5470 nisi
391 5416 456 5469 ut
489 5412 700 5470 iterum
733 5414 1144 5484 ingrederetur
1193 5421 1419 5473 uterum
1456 5417 1528 5474 de
1576 5433 1692 5489 quo
1720 5425 1890 5477 natus

248 5505 432 5572 esset,
455 5501 694 5558 nimium
716 5503 1013 5575 confusus,
1038 5519 1168 5562 cum
1192 5505 1397 5578 paucis
1420 5505 1632 5564 iterum
1660 5507 1889 5564 obviam

2001 4708 2228 4766 stolicee
2259 4707 2432 4764 sedis.
2460 4707 2671 4762 Eodem
2709 4710 2968 4776 tempore
3000 4705 3150 4760 facta
3173 4706 3393 4775 synodo
3414 4703 3640 4759 invenit

1993 4797 2298 4868 judicium,
2333 4796 2533 4852 ambos
2562 4798 2872 4866 episcopos
2917 4799 3233 4864 corruptos
3281 4791 3545 4863 pecunia,
3579 4796 3639 4847 et

1999 4887 2170 4958 ejecti
2227 4893 2362 4942 sunt
2413 4900 2443 4940 a
2495 4883 2918 4941 communione.
2971 4883 3074 4938 llic
3130 4880 3399 4953 sepultus
3443 4885 3532 4937 est
3583 4881 3639 4936 in

2003 4974 2238 5031 basilica
2274 4974 2428 5030 beati
2462 4973 2644 5043 Pauli,
2667 4977 2723 5028 et
2749 4970 3000 5028 cessavit
3031 4971 3407 5042 episcopatus
3439 4969 3563 5026 dies
3586 4974 3635 5025 ii.

2000 5065 2138 5120 Post
2163 5078 2294 5119 eum
2321 5063 2584 5120 Gelasius
2607 5061 2838 5117 natione
2860 5061 3016 5130 Afer,
3033 5065 3199 5131 patre
3223 5058 3468 5128 Valerio,
3487 5057 3641 5114 sedit

2003 5169 2054 5210 a.
2089 5157 2139 5210 4.
2177 5168 2248 5208 m.
2283 5157 2334 5209 8.
2371 5153 2426 5208 d.
2452 5157 2502 5207 9.
2529 5151 2630 5208 Hic
2663 5150 2770 5207 fuit
2801 5156 3024 5205 amator
3053 5147 3196 5204 cleri
3227 5153 3287 5202 et
3317 5161 3639 5218 pauperum

2000 5247 2059 5298 et
2093 5242 2362 5298 liberavit
2396 5257 2425 5297 a
2459 5239 2720 5312 periculo
2749 5243 2808 5294 et
2844 5239 2989 5294 fame
3021 5238 3246 5294 urbem.
3276 5235 3459 5306 Hujus
3497 5240 3642 5292 tem-

2002 5330 2244 5402 poribus
2287 5329 2566 5386 Manichei
2614 5328 2670 5384 in
2704 5329 2846 5385 urbe
2881 5325 3098 5382 inventi
3128 5324 3308 5380 exilio
3340 5325 3639 5396 deportati

2001 5424 2157 5490 sunt,
2191 5421 2249 5474 et
2282 5417 2518 5475 codices
2563 5430 2762 5472 eorum
2811 5413 3077 5470 inccndio
3126 5411 3502 5470 concremati.
3541 5411 3642 5467 llic

2003 5504 2300 5564 revocavit
2347 5506 2640 5561 Mescnum
2683 5503 2754 5559 ad
2785 5500 3248 5559 communionem
3276 5501 3388 5557 sub
3417 5497 3644 5556 satisfa-

1617 5633 1852 5690 VARIE
1893 5631 2293 5692 LECTIONES.

327 5697 396 5733 “°
424 5699 702 5771 Tempore
721 5729 794 5744 --
811 5700 980 5758 annis
1006 5700 1076 5759 in
1096 5713 1289 5774 my.
