3922 6398
363 359 437 421 91
1346 365 1716 436 HUGONIS
1757 364 2114 435 ABBATIS
2156 340 2838 436 FLAVINIACENSIS
3620 446 3627 452 ,
3695 348 3778 427 ξιξ

363 492 579 568 ctione,
610 498 669 555 et
703 502 988 572 purgatus
1019 505 1294 573 receptus
1324 506 1435 560 est.
1465 504 1571 562 Hie
1597 504 1927 577 dampnavit
1952 503 2007 560 in
2039 502 2095 564 A
2127 501 2306 576 plum,
2338 504 2736 578 dampnationi
2770 518 2889 560 suae
2922 502 3034 576 ipsi
3064 517 3196 559 esse
3214 501 3461 559 ’obnoxii
3489 519 3502 569 ;
3529 516 3634 560 nec
3661 515 3783 558 ma-

366 592 714 658 perpetuum
748 591 1011 646 Acatium
1043 595 1100 647 et
1135 593 1390 663 Petrum,
1427 593 1535 650 nisi
1569 594 2006 666 resipiscerent.

368 673 527 731 Obiit
562 681 619 732 11
656 676 777 733 Kal.
810 679 945 734 Dee.
980 680 1136 736 Fecit
1170 685 1463 739 tractatus
1491 687 1550 738 et
1584 682 1845 751 hymnos.

439 764 658 836 [ΒεοΑ.]
690 767 824 822 Post
856 768 1138 824 Zenonem
1163 770 1468 841 imperavit
1494 773 1837 830 Anastasius
1860 788 2009 830 anno

373 852 445 907 ab
477 853 875 911 incarnatione
902 857 1122 912 Domini
1156 858 1276 927 490,
1310 859 1476 914 annis
1506 863 1594 929 27,
1620 861 1738 931 qui,
1764 863 1896 932 quia
1919 878 1997 919 ca.

371 940 619 998 tbolicos
644 943 991 1014 insequutus
1014 950 1101 1000 est
1124 938 1522 1003 favensheresi
1542 949 1883 1020 Euthicetis,
1907 951 2012 1008 ful-

368 1029 519 1086 mine
550 1030 798 1088 interiit.
827 1033 1006 1103 [lsm.]
1039 1036 1471 1092 Trasamundus
1503 1035 1572 1068 17°
1601 1038 2008 1096 Wandalorum

365 1132 468 1174 rex
505 1120 829 1177 catholicas
858 1122 1140 1180 ecclesias
1184 1123 1395 1180 clausit
1444 1130 1504 1180 et
1553 1128 1659 1182 220
1704 1128 2010 1200 episcopos

368 1208 692 1265 Sardiniam
728 1210 905 1266 misit.
931 1212 1213 1281 Regnavit
1244 1228 1293 1268 a.
1330 1218 1417 1282 27,
1455 1230 1525 1269 m.
1562 1219 1611 1271 4.
1649 1216 1749 1273 Cui
1784 1232 2012 1275 succes-

369 1296 446 1351 sit
479 1296 674 1353 lldiris
714 1300 983 1355 Honorici
1019 1300 1190 1357 filius.

440 1385 649 1451 (Gesta
663 1403 723 1459 ρ.
755 1390 853 1455 R.)
887 1389 1230 1446 Anastasius
1254 1406 1420 1463 papa,
1446 1394 1680 1450 natione
1701 1396 2007 1467 Romanus,

367 1474 525 1530 sedit
576 1475 771 1532 Romm
824 1491 874 1531 a.
911 1483 961 1546 1,
998 1492 1069 1533 m.
1106 1483 1190 1548 11,
1226 1478 1281 1533 d.
1317 1484 1402 1535 24.
1438 1482 1523 1537 Al)
1556 1482 1729 1552 hujus
1761 1500 2013 1541 commu-

367 1563 540 1619 nione
566 1566 989 1621 subtraxerunt
1022 1582 1081 1621 se
1116 1567 1391 1638 multi,eo
1426 1571 1575 1640 quod
1612 1572 1733 1627 sine
1767 1573 2012 1630 consilio

367 1650 637 1709 ecclesiae
661 1652 968 1710 catholicm
996 1656 1485 1713 communicasset
1512 1660 1741 1716 cuidam
1766 1662 2012 1719 diacono

363 1739 897 1813 Thessalonicensi,
921 1743 1146 1798 nomine
1178 1745 1396 1816 Fotino,
1424 1747 1519 1815 qui
1551 1750 2014 1806 communicabat

368 1826 588 1883 Acatio.
626 1831 692 1883 Et
726 1845 854 1885 cum
886 1830 1065 1885 vellet
1097 1846 1126 1886 a
1160 1831 1567 1891 decessoribus
1587 1837 1709 1894 suis
1739 1838 2015 1909 dampna-
2040 1855 2099 1917 Β

370 1918 488 1970 tum
522 1918 751 1973 occulte
785 1933 1063 1975 revocare
1097 1922 1383 1992 Acatium,
1407 1939 1514 1979 non
1544 1926 1753 1997 potuit,
1775 1928 1905 1997 quia
1934 1928 2018 1983 di-

369 2003 503 2058 vino
528 2004 749 2073 judicio
790 2021 1116 2078 percussus
1164 2009 1407 2066 interiit.
1445 2013 1735 2071 Successit
1768 2016 2016 2085 Symma-

368 2093 515 2149 chus
544 2097 610 2149 53
638 2109 668 2150 a
703 2097 897 2163 Petro,
934 2097 1169 2153 natione
1204 2100 1441 2171 Sardus,
1479 2107 1642 2172 patre
1676 2105 2014 2175 Fortunato,

312 2226 317 2231 .
371 2180 523 2253 sedit
556 2196 606 2237 a.
650 2187 734 2254 15,
772 2200 843 2239 m.
875 2191 928 2256 7,
964 2186 1017 2242 d.
1055 2192 1139 2243 27.
1178 2189 1303 2243 Fuit
1338 2192 1600 2261 tempore
1635 2194 1925 2249 Anastasii
1960 2198 2017 2249 ct

375 2270 732 2329 Theoderici.
753 2274 1070 2331 Constituit
1090 2282 1150 2331 ut
1166 2276 1257 2332 die
1280 2278 1577 2335 Dominico
1599 2285 1653 2334 et
1682 2288 2019 2338 sanctorum

372 2357 662 2415 nataliciis
692 2367 937 2418 canatur
960 2361 1170 2421 Gloria
1191 2366 1257 2421 in
1274 2368 1541 2424 excelsis.
1561 2368 1663 2425 llic
1694 2369 1846 2425 inter
1880 2371 2021 2425 mul-

374 2450 428 2499 ta
461 2446 840 2505 ecclesiarum
873 2466 1048 2522 Opera
1085 2454 1355 2510 omnibus
1388 2456 1686 2527 episc0pis
1720 2473 1822 2529 per
1856 2459 2022 2514 Afi‘ri-

369 2548 493 2589 cam
528 2540 585 2591 et
617 2538 938 2594 Sardiniam
971 2539 1146 2596 exilio
1197 2542 1463 2613 religatis
1519 2545 1672 2601 omni
1721 2561 1870 2603 anno
1925 2563 2021 2603 ne-

371 2625 627 2680 cessaria
663 2626 1053 2684 ministrabat.
1826 2684 1833 2693 .

444 2713 607 2769 Anno
638 2715 710 2769 ab
735 2714 843 2772 inc.
872 2718 1029 2774 Dom.
1053 2717 1178 2790 509,
1205 2720 1352 2775 obiit
1376 2725 1616 2778 sanctus
1641 2722 2014 2794 Benedictus,

376 2803 435 2854 et
470 2801 524 2855 in
559 2802 747 2859 Monte
781 2805 1019 2862 Cassino
1056 2823 1157 2879 per
1214 2814 1279 2864 15
1329 2825 1509 2865 annos
1554 2810 1758 2882 jacuit,
1795 2816 1853 2868 et
1886 2817 2019 2884 post

373 2903 588 2961 corpus
640 2891 767 2961 ejus
813 2893 869 2949 in
918 2894 1155 2951 Galliam
1217 2898 1561 2955 translatum
1594 2904 1683 2956 est
1715 2916 1863 2956 anno
1894 2906 2016 2957 660.

372 2977 652 3050 Tempore
685 2983 976 3039 Anastasii
1008 2984 1216 3041 claruit
1251 2988 1554 3044 Antonius.

445 3065 652 3131 (Gesta
670 3085 735 3141 1p.
776 3073 876 3137 12.)
910 3072 1009 3130 Hic
1041 3079 1101 3129 et
1142 3075 1489 3132 Laurentius
1538 3079 1648 3133 sub
1698 3079 2019 3136 intentione

376 3155 633 3211 ordinati
682 3163 817 3215 sunt
863 3177 972 3217 uno
1001 3163 1113 3233 die,
1150 3169 1205 3218 et
1238 3165 1617 3223 conﬁrmatus
1647 3173 1740 3223 cst
1771 3169 2021 3239 Symma-

378 3243 542 3315 chus,
570 3251 630 3301 et
658 3247 948 3304 ordinavit
973 3252 1079 3307 sub
1101 3252 1316 3309 intuitu
1341 3254 1750 3313 misericordia:
1772 3257 2018 3314 Lauren-

373 3331 517 3389 tium
552 3336 885 3409 episcopum
921 3339 973 3393 in
1010 3341 1291 3397 Nucerina
1323 3342 1581 3399 civitate.
1604 3346 1739 3401 Post
1772 3361 1953 3404 annos
1986 3350 2018 3404 4

371 3422 498 3477 zelo
534 3424 695 3481 ducti
728 3427 961 3496 quidam
996 3429 1067 3483 de
1100 3429 1260 3487 clero
1290 3436 1350 3487 et
1380 3438 1582 3489 senatu
1618 3434 2017 3494 incriminave-

373 3516 506 3566 runt
542 3514 963 3587 Symmachum,
997 3521 1054 3573 et
1090 3519 1239 3575 facta
1274 3524 1406 3576 sunt
1453 3522 1596 3578 mala
1635 3523 1829 3594 pejora
1865 3526 2017 3596 prio-

371 3599 555 3656 ribus.
610 3601 850 3667 Quidam
902 3620 1042 3662 vero
1093 3608 1162 3664 de
1215 3615 1423 3666 senatu
1470 3611 1636 3681 quasi
1688 3614 2014 3671 consultius

372 3693 635 3760 agentes,
671 3691 959 3750 miserunt
1003 3694 1074 3749 ad
1114 3696 1527 3754 Theodericum
1585 3715 1798 3770 regem,
1835 3707 1896 3757 ut
1928 3704 2014 3760 eis

371 3774 699 3834 destinaret
722 3780 818 3850 qui
838 3783 1215 3839 ordinaretur
1229 3785 2013 3859 apostolicusdepositisillis

372 3865 663 3936 utrisque.
697 3867 802 3933 Qui
855 3873 1060 3925 contra
1102 3887 1303 3929 sacros
1332 3888 1580 3931 canones
1612 3877 1763 3932 misit
1797 3880 1884 3934 eis
1915 3882 2015 3936 Pe-

370 3957 544 4023 trum,
573 3956 781 4014 Altinze
811 3958 1069 4016 civitatis
1100 3962 1456 4034 episcOpum.
1486 3965 1856 4034 Symmachus
1877 3983 2013 4025 vero

371 4056 737 4112 congregans
760 4045 1143 4104 universalem
1169 4051 2010 4128 synodum125epi300porum,

372 4130 533 4200 prius
566 4134 833 4203 purgavit
868 4149 928 4191 se
962 4136 1031 4192 de
1063 4138 1304 4194 crimine
1329 4141 1481 4210 quod
1506 4141 1574 4197 de
1598 4156 1667 4198 eo
1693 4143 2008 4216 ferebatur,

371 4217 579 4275 deinde
616 4228 729 4277 tam
768 4222 889 4294 ipse
941 4240 1107 4296 quam
1159 4241 1359 4284 omnes
1410 4228 1871 4301 dampnaverunt
1911 4236 2013 4289 Pe-

373 4310 524 4362 trum
558 4324 587 4364 a
610 4325 744 4379 rege
769 4312 1007 4369 missum
1034 4320 1092 4371 ut
1121 4315 1441 4373 invasorem
1467 4319 1622 4375 sedis
1647 4322 2007 4392 apostolicae,

370 4399 429 4449 et
455 4396 823 4456 Laurentium
848 4401 1117 4458 similiter
1139 4404 1235 4475 qui
1260 4405 1556 4463 seditiosis
1580 4409 1909 4466 assentiens
1930 4410 2012 4466 vi-

371 4483 622 4543 debatur
651 4503 713 4544 se
746 4488 816 4544 ad
864 4497 1139 4562 papatum
1174 4492 1460 4561 ingerere.
1489 4497 1615 4566 Ipse
1644 4511 1786 4552 vero
1820 4498 1874 4553 in
1907 4500 2011 4555 Do.

372 4572 526 4630 mino
558 4578 925 4637 confortatus
956 4595 1141 4651 usque
1174 4581 1244 4637 ad
1277 4582 1426 4637 diem
1478 4583 1843 4643 dormitionis
1889 4601 2009 4644 sua;

371 4664 689 4729 permansit
718 4667 1092 4736 apostolicus.
1115 4667 1363 4724 Audiant
1390 4670 1485 4739 qui
1514 4671 1765 4727 favorem
1788 4674 2008 4730 terreni

370 4748 652 4821 principis
674 4753 883 4811 divinze
907 4755 1591 4829 voluntatianteponunt,
1607 4759 2010 4830 etintelligant

374 4836 541 4894 istius
564 4840 992 4911 dampnationis
1014 4844 1360 4901 sententiam
1385 4861 1569 4918 usque
1593 4849 1661 4904 ad
1687 4862 1749 4904 se
1773 4850 2011 4906 dirivari

372 4928 429 4978 et
465 4928 819 4999 pertingere,
854 4945 982 5001 quae
1014 4947 1042 4987 a
1076 4932 1249 4987 beato
1282 4935 1580 5004 Symmaco
1614 4951 1758 5008 papa
1790 4942 1847 4993 et
1880 4938 2012 4995 aliis

376 5015 475 5067 123
493 5015 785 5088 episcopis
806 5017 860 5071 in
884 5019 1120 5076 Petrum
1144 5024 1199 5076 et
1236 5023 1606 5080 Laurentium
1638 5023 1854 5093 legitur
1882 5039 2014 5095 pro-

374 5101 643 5159 cessisse.
679 5106 918 5162 Discant
953 5107 1046 5163 hic
1078 5107 1269 5165 saltim
1302 5109 1369 5144 "1
1401 5110 1455 5166 hi
1492 5111 1588 5181 qui
1628 5112 2012 5183 apostolicam

376 5186 574 5243 sedem
592 5191 932 5251 invaserunt
952 5200 1013 5251 et
1034 5198 1302 5255 Romana:
1323 5198 1589 5255 ecclesiae
1614 5199 2013 5270 pratjudicium

379 5273 661 5351 fecerunt,
696 5282 792 5352 qui
828 5285 1078 5341 favorem
1112 5286 1331 5342 terreni
1364 5287 1646 5359 principis
1675 5288 1884 5345 divina:
1917 5303 2015 5346 au-

375 5363 637 5421 ctoritati
669 5372 1050 5443 anteponunt,
1076 5374 1396 5431 secundum
1415 5377 1532 5430 tam
1555 5374 1795 5432 evidens
1823 5390 2015 5433 exem-

2049 3212 2099 3276 C

2125 591 2228 649 lint
2256 609 2385 650 cum
2406 593 2597 665 impiis
2623 594 2676 648 in
2702 592 2948 648 circuitu
2969 591 3285 660 ambulare,
3306 588 3773 661 autvertigincih

2122 681 2335 751 capitis
2384 681 2473 737 sui
2508 696 2636 752 quae
2669 680 2725 736 in
2762 678 3071 751 propatulo
3104 682 3190 734 est
3224 677 3557 747 defendere,
3592 692 3772 748 quam

2120 784 2380 825 errorem
2435 785 2603 827 suum
2652 768 2997 840 simpliciter
3045 766 3313 823 confiteri
3347 771 3403 822 et
3437 765 3770 822 doctrinam

2123 859 2438 930 suscipere.

2190 948 2381 1003 Zenon
2414 944 2481 978 ¹⁷²
2511 949 2571 999 et
2599 941 2942 999 Anastasius
2966 941 3350 1014 imperatores
3375 939 3778 999 Euthiehiani-

2124 1039 2251 1105 stte,
2278 1035 2331 1089 hi
2357 1033 2631 1104 leguntur
2665 1031 2827 1102 prius
2861 1030 2970 1085 sibi
3005 1035 3268 1086 sanctam
3290 1029 3645 1086 catholicam
3677 1043 3775 1085 ec-

2123 1122 2360 1179 clesiam
2394 1119 2845 1188 subdidisse,ita
2882 1120 2941 1174 ut
2975 1117 3299 1174 catholicos
3326 1118 3638 1190 episcopos
3657 1117 3777 1172 exi-

2124 1211 2201 1268 lio
2215 1206 2940 1281 religarentetapostolica
2963 1206 3279 1262 traditione
3304 1206 3633 1277 postposita
3660 1204 3773 1261 sibi

2124 1305 2553 1358 eonsentaneos
2586 1297 2639 1353 in
2673 1312 2873 1352 eorum
2909 1295 3150 1352 sedibus
3183 1296 3594 1365 subrogarent.
3633 1295 3775 1350 Nam

2126 1396 2260 1446 ante
2284 1389 2486 1445 horum
2514 1393 2745 1458 tempus
2766 1384 3043 1455 leguntur
3067 1384 3299 1454 quidem
3325 1383 3569 1439 heretici
3599 1382 3777 1455 impe-

2128 1484 2357 1534 ratores
2384 1475 2704 1533 catholicos
2735 1474 3047 1545 episcopos
3073 1471 3271 1528 multis
3295 1471 3481 1527 modis
3502 1485 3773 1539 vexasse,

2127 1566 2400 1623 electioni
2432 1579 2569 1621 vero
2602 1567 2699 1620 aut
2734 1562 3087 1634 promotioni
3122 1559 3440 1629 cujuslibet
3474 1559 3776 1632 pontificis

2130 1669 2412 1726 nusquam
2445 1652 2721 1720 leguntur
2747 1666 2806 1706 se
2841 1650 3169 1705 miscuisse.
3197 1647 3490 1718 Siquidem
3521 1648 3632 1703 sub
3663 1647 3778 1703 cis-

2130 1744 2258 1800 dem
2293 1740 2773 1798 Euthiehianistis
2796 1737 3247 1809 imperatoribus
3276 1740 3335 1791 et
3368 1735 3777 1792 Constantino-

2134 1831 2249 1902 poli
2283 1835 2342 1885 et
2375 1828 2615 1897 reliquis
2649 1827 2890 1882 urbibus
2922 1825 3137 1894 legitur
3168 1821 3611 1880 innumerabilis
3636 1821 3774 1877 iide-

2134 1920 2270 1976 lium
2294 1916 2607 1975 multitudo
2638 1915 2779 1971 cleri
2812 1919 2870 1969 et
2906 1912 3102 1986 populi
3128 1911 3660 1984 pseudoepiscopos
3679 1925 3775 1966 eo-

2087 2008 2091 2012 ’
2130 2025 2258 2065 rum
2293 2007 2629 2064 nullatenus
2660 2004 2960 2075 suscipere
2992 2001 3268 2070 voluisse,
3303 2001 3435 2072 quia
3465 2000 3770 2057 constabat

2131 2114 2233 2155 eos
2254 2099 2475 2167 absque
2508 2095 2597 2151 sui
2628 2093 2919 2150 electione
2948 2092 3000 2146 in
3036 2091 3133 2147 Dei
3166 2093 3562 2161 contemptum
3592 2092 3655 2145 et
3684 2089 3775 2145 sui

2136 2186 2359 2242 erroris
2392 2188 2764 2254 augmentum
2797 2196 2825 2236 a
2862 2180 3123 2253 praefatis
3154 2179 3516 2251 principibus
3546 2192 3773 2250 promo-

2137 2281 2225 2332 tos
2263 2274 2459 2330 fuissc.
2499 2275 2567 2328 Ut
2602 2271 2752 2326 enim
2804 2269 2986 2325 tradit
3018 2268 3383 2336 Anastasius,
3417 2270 3635 2323 sanetae
3665 2266 3773 2323 Ro-

2134 2378 2314 2419 manae
2355 2362 2619 2418 ecclesiae
2671 2358 3175 2427 bibliothecarius,
3210 2357 3266 2412 in
3298 2356 3568 2413 chronica
3597 2355 3774 2410 Theo-

2134 2453 2340 2526 phanis
2361 2455 2416 2505 et
2443 2449 2674 2517 Georgii
2706 2448 2805 2518 Dei
2834 2447 3147 2516 cultorum,
3166 2460 3335 2516 quam
3352 2445 3473 2517 ipse
3499 2444 3568 2499 de
3591 2444 3772 2499 Greco

2135 2543 2189 2597 in
2223 2540 2485 2597 Latinum
2521 2536 2822 2593 transtulit
2858 2556 2870 2589 :
2903 2534 3154 2607 [Aiuer
3186 2556 3213 2584 α
3236 2534 3522 2590 Vicesimo
3546 2531 3772 2604 imperii

2134 2629 2425 2685 Anastasii
2469 2642 2635 2697 anno,
2660 2627 2920 2683 Jobanne
2951 2624 3205 2681 Niocctae
3239 2622 3628 2679 Alexandrino
3654 2620 3772 2692 epi-

2134 2733 2344 2790 sc0pos
2364 2716 2626 2772 heretico
2659 2717 2907 2783 mortuo,
2935 2712 3245 2768 Dioscorus
3269 2710 3466 2781 junior
3496 2708 3772 2783 praelatus

2132 2811 2222 2863 est
2255 2807 2569 2878 episcopus
2600 2801 2987 2858 Alexandriae.
3015 2800 3273 2866 Quicum
3307 2813 3511 2856 manus
3544 2796 3772 2869 imposi-

2134 2897 2348 2953 tionem
2382 2894 2728 2965 accepisset,
2762 2893 3130 2947 recesserunt
3165 2887 3572 2945 multitudines
3602 2885 3772 2943 rusti-

2132 2999 2331 3041 corum
2360 2983 2642 3049 dicentes,
2662 2980 2792 3051 quia
2821 2979 2925 3035 nisi
2960 2979 3110 3035 sicut
3144 2976 3332 3033 sancti
3363 2989 3618 3034 canones
3639 2988 3769 3032 con-

2130 3074 2321 3129 tinent
2343 3072 2442 3126 ﬁat
2465 3070 2797 3141 episc0pus,
2818 3082 2928 3123 non
2952 3066 3288 3138 recipietur.
3305 3062 3764 3136 Principesenim

2132 3161 2635 3218 intronizaverunt
2680 3172 2831 3212 eum.
2866 3157 3198 3226 Dyoscorus
3244 3157 3436 3210 autem
3487 3152 3646 3209 venit
3694 3150 3761 3206 ad

2130 3252 2399 3306 Sanctum
2435 3249 2702 3315 Marcum,
2734 3249 2789 3301 et
2842 3243 3155 3299 Venientes
3202 3241 3400 3299 clerici
3455 3241 3764 3297 induerunt

2129 3355 2258 3396 eum
2284 3336 2538 3394 secundo
2568 3338 2626 3390 et
2655 3334 2864 3389 iterum
2896 3347 3026 3389 eum
3061 3333 3572 3387 consecraverunt.
3598 3330 3664 3384 Et
3687 3328 3759 3383 ita

2126 3428 2368 3484 veniens
2401 3425 2470 3480 ad
2505 3425 2775 3479 Sanctum
2816 3420 3132 3476 Johannem
3162 3418 3407 3490 perfecit
3439 3416 3756 3473 collectam.

2129 3520 2265 3574 Cum
2292 3521 2482 3571 autem
2506 3515 2664 3567 esset
2691 3510 2810 3565 illic
2832 3508 3193 3565 Theodosius
3218 3507 3370 3563 filius
3390 3504 3763 3577 Calliopiiau-

2125 3604 2378 3678 gustalis
2403 3606 2463 3657 et
2494 3600 2774 3657 Achatius
2817 3598 3091 3667 magister
3124 3596 3389 3665 militum,
3424 3595 3613 3649 turbae
3644 3597 3760 3648 tur-

2129 3696 2277 3751 bata:
2300 3695 2582 3762 ceperunt
2607 3688 2840 3757 injuriis
2861 3688 3089 3743 atiicere
3115 3685 3293 3741 filium
3325 3681 3670 3753 augustalis,
3695 3695 3760 3736 eo

2127 3784 2279 3856 quod
2304 3780 2567 3837 laudaret
2593 3778 3001 3848 imperatorem
3029 3773 3494 3842 Anastasium,et
3512 3769 3762 3827 insilien-

2126 3877 2218 3929 tes
2246 3870 2476 3942 quidam
2497 3883 2524 3924 a
2551 3866 2689 3924 sede
2714 3865 3065 3937 depulerunt
3088 3878 3218 3919 eum
3237 3866 3296 3918 et
3322 3860 3756 3917 interfecerunt.

2127 3964 2199 4019 At
2219 3975 2356 4016 vero
2386 3956 2669 4014 Achacius
2694 3955 2969 4024 magister
3010 3952 3257 4009 militum
3292 3953 3579 4022 quotquot
3601 3960 3761 4019 cape-

2126 4066 2189 4108 re
2221 4048 2411 4122 potuit
2435 4044 2747 4102 interfecit.
2776 4044 2938 4111 Quod
2973 4042 3218 4099 audiens
3241 4040 3559 4110 imperator
3580 4037 3761 4123 iratus

2125 4146 2234 4196 est.
2272 4139 2454 4193 Porro
2486 4135 2798 4190 Dioscorus
2831 4130 3117 4201 mitigavit
3150 4144 3301 4185 eum.
3339 4129 3593 4196 Cumque
3627 4127 3761 4182 Con-

2126 4225 2567 4298 stantinopolim
2598 4223 2858 4278 venisset
2888 4221 3037 4292 apud
3074 4220 3485 4291 imperatorem
3510 4231 3615 4289 pro
3641 4214 3761 4271 Ale-

2123 4315 2423 4373 xandrinis
2446 4314 2901 4379 intercessurus,
2918 4311 2991 4365 ab
3013 4307 3358 4365 orthodoxis
3379 4304 3610 4379 publice
3632 4318 3758 4361 con-

2122 4406 2291 4462 viciis
2340 4404 2747 4476 appetebatur.
2785 4400 2963 4466 Quam
3012 4400 3086 4455 ob
3137 4413 3255 4454 rem
3288 4403 3347 4453 et
3374 4396 3499 4468 ipse
3528 4409 3657 4451 cum
3689 4392 3757 4447 ob

2125 4493 2499 4551 homicidium
2532 4489 2989 4559 intercessisset,
3017 4502 3148 4544 cum
3173 4484 3544 4542 festinatione
3575 4495 3759 4539 reces-

2127 4584 2223 4639 sit.
2254 4604 2281 4633 »
2320 4583 2462 4639 Ecce
2492 4579 2706 4651 quibus
2737 4576 2937 4650 primis
2969 4575 3313 4632 auctoribus
3344 4570 3526 4630 seculi
3553 4568 3759 4643 princi-

2127 4686 2227 4743 pes
2258 4685 2396 4728 suos
2426 4668 2732 4740 pontifices
2760 4666 3029 4721 nituntur
3078 4664 3176 4719 Dei
3226 4660 3496 4719 ecclesiae
3542 4671 3759 4731 promo—

2126 4774 2280 4816 vere.
2308 4760 2632 4828 Sequentes
2650 4759 2842 4812 autem
2867 4754 3068 4810 horum
3096 4752 3485 4808 hereticorum
3500 4743 3757 4818 exempla

2127 4848 2359 4918 quidam
2390 4847 2702 4901 Grecorum
2738 4843 3124 4914 imperatores
3171 4839 3332 4910 regni
3382 4837 3469 4895 sui
3522 4836 3758 4930 urbibus

2127 4949 2266 4990 suos
2295 4933 2609 5005 episcopos
2635 4930 3018 5001 imponentes,
3046 4930 3313 4983 Romanae
3335 4937 3474 4981 vero
3496 4920 3626 4978 urbi
3659 4920 3758 4974 hoc

2130 5023 2537 5094 pepercerunt.
2572 5020 2878 5075 Decretum
2920 5018 3071 5074 enim
3119 5013 3428 5072 electionis
3458 5025 3488 5066 a
3518 5008 3679 5065 clero
3706 5008 3755 5061 et

2125 5114 2330 5167 senatu
2358 5111 2692 5178 susceptum
2727 5105 2836 5163 sibi
2872 5105 3023 5162 mitti
3046 5105 3402 5171 statuerunt,
3428 5098 3756 5172 priusquam

2126 5200 2361 5257 futurus
2382 5196 2645 5268 pontifex
2667 5199 3067 5252 consecretur.
3092 5193 3255 5261 Quod
3278 5206 3409 5248 cum
3432 5188 3664 5259 legatur
3683 5196 3758 5241 se-

2129 5289 2260 5360 pius
2289 5287 2578 5343 direetum
2610 5284 2806 5353 fuisse,
2843 5298 3122 5355 nusquam
3173 5287 3364 5338 tamen
3415 5276 3632 5347 legitur
3662 5284 3753 5329 eos

2129 5378 2520 5433 Romanorum
2551 5371 2899 5430 electionem
2937 5375 3198 5430 mutasse
3246 5371 3346 5426 aut
3396 5364 3752 5438 reprobasse.

1729 5513 1965 5571 VARUE
2008 5515 2405 5575 LECTIONES.

447 5645 516 5679 ίτο
543 5651 773 5705 Trasam
804 5681 871 5691 —
901 5651 1059 5708 illius
1088 5653 1154 5711 in
1179 5667 1371 5726 marg.
1411 5652 1474 5687 ω
1503 5653 1696 5713 saltim
1725 5687 1793 5698 —
1825 5662 2191 5731 anteponunt
2217 5658 2286 5716 in
2308 5669 2502 5730 mam.
2535 5652 2604 5691 ³⁷³
2629 5652 2967 5726 Sequatur
2993 5652 3062 5711 in
3088 5663 3279 5722 marg.
