3922 6402
360 381 437 446 95
1308 388 1681 457 HUGONIS
1723 384 2080 454 ABBATIS
2122 384 2800 452 FLAVINIACENSIS
3703 387 3794 444 96

363 531 549 594 usque
571 522 641 583 ad
665 520 840 597 Alpes
867 526 1157 586 Penninas
1215 532 1272 586 et
1325 529 1565 588 Yseram
1619 529 1874 587 ﬂuvium.
1934 530 1998 586 £4

2119 539 2230 611 qui
2238 541 2420 609 faoen
2430 542 2485 599 te
2495 543 2641 599 Dom
2651 543 2747 597 ina
2768 541 2959 600 tribus
2978 542 3115 613 jam
3140 540 3389 598 emensis
3415 536 3791 611 temporibus

364 625 513 671 anno
544 614 704 686 regni
738 615 826 672 sui
861 616 1162 674 basilicam
1187 620 1597 677 sanctiluliani
1644 621 1999 677 Brivatzeco-

362 697 851 761 lumnismiritlcis
876 710 1138 763 ornatam
1161 709 1479 766 exstruxit.
1499 710 1780 766 Civitates
1802 723 2002 765 omnes

364 801 509 857 quas
523 792 762 859 regebat
779 792 924 849 miro
939 809 1115 864 Opere
1133 801 1466 854 restaurare
1480 803 1536 854 et
1555 798 1779 855 munire
1806 796 2004 854 soller-

363 876 587 933 tissime
613 880 767 936 fecit.
804 881 1089 938 Palatium
1107 884 1640 955 Splendidissimum
1660 887 1847 959 Papiae
1874 902 2002 956 quae

362 964 617 1022 Ticinum
633 971 1100 1041 cognominatur,
1128 974 1414 1030 Ravennae
1439 990 1668 1045 quoque
1681 979 1741 1031 et
1762 975 2003 1032 Veronae

368 1052 655 1112 fabricare
681 1055 1076 1129 jussit.Cujus
1107 1060 1280 1116 tiliam
1316 1062 1723 1132 Sigismundus
1748 1065 2005 1133 Burgun-

370 1140 603 1198 dionum
639 1159 743 1200 rex
759 1145 957 1202 habuit
997 1151 1410 1205 uxorem.Post
1441 1149 1508 1183 "7
1542 1166 1707 1221 quem
1740 1152 2001 1223 suscepit

363 1243 600 1298 regnum
636 1233 1006 1292 Athalaricus
1032 1237 1185 1293 filius
1213 1237 1341 1295 ﬁlim
1356 1240 1483 1311 ejus
1512 1244 1569 1296 et.
1602 1240 2002 1296 eilhcodatus

366 1317 597 1391 [Ione].
625 1320 747 1386 Quo
780 1322 1028 1395 dejecto,
1058 1326 1280 1396 Vitiges
1314 1342 1411 1384 rex
1454 1332 1709 1397 creatur,
1755 1335 1813 1384 et
1866 1328 2002 1384 hica

359 1406 692 1465 Justiniano
717 1426 819 1482 per
834 1413 1148 1471 Belsarium
1170 1418 1365 1474 victus
1388 1419 1759 1491 Opprimitur,
1777 1422 1837 1474 et
1863 1421 2005 1475 Con-

367 1496 827 1569 stantinopulum
850 1502 1064 1560 ductus
1080 1506 1365 1575 patricius
1381 1514 1635 1563 creatur.
1655 1507 1743 1563 Sic
1761 1521 2001 1576 regnum

365 1582 706 1641 Gotthornm
726 1594 854 1658 post
884 1605 932 1646 a.
952 1596 1091 1648 2300
1113 1594 1502 1651 Romanorum
1523 1596 1708 1651 cessit
1736 1595 1998 1667 imperio.

435 1673 671 1730 Amator
701 1675 1087 1751 178cpiscopus
1112 1680 1770 1755 Silveriopapze(Mms1,
1826 1700 1881 1739 IX
1915 1686 1998 1755 7):

362 1761 408 1815 Α
431 1761 807 1834 quibusdam,
826 1768 1013 1825 Pater
1033 1770 1440 1842 dilectissime,
1478 1774 1820 1831 audivimus
1856 1788 2004 1830 cosa

2122 629 2179 686 ei
2179 630 2496 701 prasideo,
2515 631 2768 702 tempore
2785 646 2905 687 meo
2933 630 3150 686 niteris
3180 627 3561 685 incadadere.
3594 625 3792 684 Habe

2124 731 2266 791 ergo
2280 720 2520 778 cumbis
2541 722 2651 791 qui
2673 721 2861 777 tecum
2891 720 3067 776 erunt
3089 718 3294 789 plenae
3323 715 3787 789 dampnationis

2112 807 2367 865 sententi
2372 808 2918 879 am,sublatumque
2932 807 3042 866 tibi
3053 822 3260 864 nomen
3272 807 3549 864 etmunus
3561 806 3789 863 minis-

2115 896 2256 952 terii
2266 897 2663 955 sacerdotalis
2677 910 2948 968 agnosce,
2973 896 3248 969 Spiritus
3261 894 3708 966 sanctijudicio
3721 894 3791 950 et

2114 984 2443 1054 apostolica
2455 985 2862 1042 (inatlzematis
2883 985 3243 1042 auctoritate
3256 984 3633 1055 dampnatus.
3661 984 3787 1041 Sic

2117 1074 2279 1129 enim
2308 1074 2473 1131 decet
2485 1075 2674 1146 ﬁdem
2702 1073 3043 1132 sanctorum
3091 1074 3347 1130 Patrum
3386 1072 3457 1129 in
3497 1073 3779 1140 ecclesia,

2112 1176 2353 1219 servare
2389 1164 2706 1233 catholica,
2756 1164 2827 1219 ut
2870 1162 3031 1233 quod
3076 1161 3297 1219 [tabuit
3350 1161 3613 1231 amittat,
3661 1162 3783 1232 qui

2114 1250 2368 1322 inproba
2396 1252 2729 1308 temeritate
2757 1251 2916 1321 quod
2944 1265 3058 1307 non
3086 1251 3318 1321 accepit
3344 1250 3771 1321 assumpserit.

2189 1339 2289 1403 (H.
2313 1339 2897 1407 Misc./Justinianus
2929 1344 2959 1393 3
2993 1338 3218 1409 imperii
3243 1353 3394 1395 anno
3428 1338 3771 1411 promulga-

2114 1428 2221 1498 vit,
2254 1443 2323 1484 ne
2356 1428 2677 1484 militarent
2709 1428 2819 1484 nisi
2842 1427 3116 1483 catholici
3151 1426 3279 1497 soli,
3316 1427 3460 1484 dans
3487 1427 3779 1485 hereticis

2117 1516 2384 1572 inducias
2407 1517 2519 1571 nisi
2536 1532 2664 1572 sese
2681 1517 2995 1572 movissent
3012 1515 3085 1571 ad
3108 1516 3576 1572 conversionem.
3598 1518 3775 1574 Hunc

2115 1605 2257 1661 adiit
2285 1605 2569 1677 Agapitus
2604 1620 2745 1676 papa
2778 1620 2885 1676 pro
2918 1604 3265 1675 quibusdam
3293 1608 3628 1675 rogaturus,
3663 1606 3774 1663 sed

2116 1695 2380 1751 sentiens
2422 1710 2550 1751 eum
2568 1695 2932 1751 Euthicetam
2955 1695 3191 1764 factum,
3219 1708 3351 1750 cum
3380 1708 3512 1750 eum
3553 1710 3772 1766 argue-

2118 1787 2227 1854 ret,
2255 1786 2312 1839 et
2348 1784 2445 1841 ille
2460 1799 2666 1852 graves
2681 1784 2732 1840 ei
2751 1785 2933 1840 minas
2953 1783 3292 1852 intentaret,
3316 1782 3396 1837 ait
3421 1797 3568 1854 papa
3597 1785 3772 1855 :Ego

357 1849 1372 1929 sedesanctiPetriinjustepulsum
1399 1861 1455 1916 et
1493 1863 1681 1918 exilio
1723 1862 1998 1933 dampna-

2119 1874 2197 1930 ad
2215 1849 2647 1931 'Justinianum
2669 1872 3264 1930 Christianissimum
3302 1873 3504 1928 venire
3533 1872 3777 1931 deside—

361 1934 503 1991 tum.
527 1939 692 2002 Quod
702 1943 884 2000 nimis
890 1946 1368 2018 graceferentes,
1391 1950 1668 2008 misimus
1696 1950 1860 2007 vobis
1910 1967 2006 2009 ar-

357 2025 525 2095 genti
544 2027 734 2086 libras
747 2036 814 2086 50
828 2032 910 2088 ad
946 2034 1206 2091 vestram
1243 2038 1690 2109 uestrorumque
1714 2041 2007 2097 sustenta-

363 2112 605 2202 tionem.
625 2116 907 2175 Silverius
922 2136 1069 2193 papa
1086 2125 1223 2178 Arna
1237 2125 1347 2179 tori
1362 2126 1643 2199 episcopo
1660 2147 1673 2184 :
1692 2131 2009 2202 Omniapa-

363 2201 541 2259 tritici
557 2205 710 2261 milii
723 2207 949 2280 infesta
964 2224 1064 2266 era
1073 2211 1114 2279 t,
1136 2213 1295 2281 quod
1306 2227 1419 2269 non
1428 2216 1815 2273 restituebam
1836 2201 2009 2275 Ante-

365 2291 551 2346 miunt
565 2293 787 2350 dudum
786 2298 1214 2367 patriarcham
1259 2301 2003 2378 Constantinopolitanum,

356 2391 529 2447 quem
549 2382 635 2451 Ag
642 2384 743 2452 api
749 2384 843 2441 tus
849 2387 1242 2454 predecessor
1254 2404 1419 2446 meus
1440 2393 1676 2449 meritis
1689 2394 1815 2451 suis
1828 2395 2007 2452 dona-

361 2466 466 2522 rit.
495 2470 749 2539 Urgente
760 2473 941 2529 etiam
943 2476 1219 2545 jussione
1231 2478 1511 2534 exierunt
1522 2481 1689 2551 falsi
1703 2482 1892 2551 testes,
1918 2484 2006 2540 di-

358 2556 550 2641 centes
562 2558 875 2615 adcersum
896 2576 986 2617 me
997 2563 1256 2619 crimina
1274 2580 1525 2634 quorum
1546 2582 1709 2639 nunq
1718 2584 1861 2626 nam
1869 2586 2008 2641 par-

366 2640 677 2715 ticepsfui.
693 2648 820 2706 Sed
829 2648 964 2704 dum
978 2652 1155 2707 multi
1168 2652 1233 2708 in
1248 2652 1361 2709 illa
1390 2657 1770 2713 accusatione
1778 2640 2006 2729 persis-

365 2731 569 2803 terent,
580 2734 790 2792 timuit
810 2739 1185 2797 Wilisiarius
1204 2742 1507 2811 patritius
1519 2746 1732 2816 noster,
1770 2749 2001 2807 etman-

367 2820 539 2877 darit
590 2838 682 2880 me
720 2826 802 2881 ad
838 2840 901 2883 se
958 2830 1158 2884 venire
1201 2832 1460 2902 paci/tce
1502 2847 1611 2904 pro
1648 2836 2007 2905 quibusdam

355 2911 773 2971 ecclesiasticis
786 2915 1279 2987 dispositionibus
1293 2921 1356 2975 in
1366 2922 1672 2991 palacium
1676 2927 1781 2995 pri
1788 2927 1922 2997 ncip
1930 2928 2001 2997 is,

360 2997 509 3053 etad
512 3015 596 3069 pr
603 3001 785 3058 imum
799 3004 1178 3061 etsecundunz
1191 3008 1381 3063 celum
1393 3009 1648 3066 retinuit
1657 3026 1878 3069 omnem
1896 3016 2006 3071 cle-

354 3096 489 3140 rum
501 3087 848 3160 etpopulum
860 3094 969 3162 qui
985 3108 1213 3151 mecum
1232 3096 1587 3166 ceniebat,et
1613 3101 1849 3156 nullum
1875 3118 2006 3173 per-

352 3173 523 3230 misit
542 3176 797 3235 introire
825 3181 1059 3239 nisime
1085 3184 1275 3239 solum
1305 3185 1363 3239 et
1404 3187 1690 3257 Vigilium
1718 3192 2001 3248 nostrum.

349 3260 583 3319 Mecero
601 3267 657 3321 vi
668 3267 1024 3327 retentumet
1041 3271 1178 3327 ante
1192 3274 1541 3343 praedictam
1554 3278 1890 3347 patriciam
1913 3281 2007 3337 de-

355 3349 596 3407 ductum
634 3356 933 3413 miserunt
973 3361 1257 3429 quomodo
1311 3364 1609 3421 sustentor
1661 3367 1998 3439 inexilium,

336 3452 502 3508 pane
515 3441 932 3503 tribulationis
945 3448 1089 3519 etaq
1096 3463 1184 3505 ure
1196 3452 1511 3522 angustiae.
1525 3454 2006 3528 Comitespropte-

352 3542 461 3586 rea
484 3530 630 3589 duos
652 3534 862 3592 dimisi
882 3538 1222 3594 necdimitto
1243 3540 1498 3610 oﬁcium
1517 3558 1728 3611 meum,
1751 3546 1857 3601 sed
1874 3560 2005 3602 cum

356 3620 647 3691 episCOpis
677 3636 824 3691 quos
845 3637 1205 3697 congregare
1211 3629 1405 3698 potui,
1436 3644 1529 3687 eos
1552 3633 1658 3701 qui
1682 3634 1837 3690 talia
1859 3648 2004 3706 erga

350 3721 441 3762 me
453 3722 586 3779 eger
594 3711 825 3767 untana
835 3712 1239 3785 thematizaoi,
1256 3717 1320 3771 et
1335 3731 1457 3774 una
1469 3732 1601 3775 cum
1617 3721 1749 3777 illis
1777 3726 2003 3794 aposto-

354 3794 611 3853 licarum
638 3800 919 3868 synodali
948 3803 1306 3860 auctoritate
1342 3807 1557 3877 statui,
1599 3810 1835 3866 nullum
1876 3827 2002 3869 um-

351 3899 537 3954 quam
561 3886 990 3957 decipiendum,
1016 3891 1177 3947 sicut
1194 3892 1999 3971 deceptussum,etsialiquis

353 3973 628 4045 deinceps
658 3976 849 4031 ullum
880 3979 1280 4051 episcoporum
1311 3984 1401 4039 ita
1423 3984 1729 4057 deciperet,
1756 3991 2002 4048 auat/ie-

350 4062 911 4135 maranat/za/leret
928 4068 992 4123 in
1012 4071 1319 4139 conspectu
1340 4072 1451 4128 Dei
1465 4074 1524 4129 et
1539 4076 1879 4133 sanctorum
1898 4093 2001 4135 an-

347 4149 634 4220 gelorum.
670 4152 950 4211 Silverius
982 4156 1191 4225 Vigilio
1220 4177 1233 4211 :
1264 4160 1419 4224 Quia
1442 4164 1648 4220 contra
1657 4164 1811 4232 jura
1833 4181 2001 4223 cano-

352 4241 491 4296 nica
503 4239 1188 4318 temporibusBonefacii
1198 4262 1317 4319 pap
1342 4264 1367 4304 τι
1387 4250 1449 4320 ip
1459 4265 1512 4306 ro
1529 4254 1759 4310 sinente
1784 4270 2002 4314 succes-

351 4342 452 4384 sor
474 4331 605 4400 ejus
631 4332 942 4403 designari
968 4335 1302 4407 conaberis,
1332 4340 1458 4397 nisi
1497 4340 1607 4397 tibi
1637 4346 2000 4415 amplissimi

351 4423 594 4475 senatus
624 4419 1203 4495 obciassetjustitia,
1240 4426 1379 4484 tunc
1396 4432 1785 4498 providentia
1798 4434 1999 4504 pasto-

346 4521 418 4563 ra
428 4507 473 4564 li
492 4508 595 4564 tua
610 4509 715 4565 deb
723 4513 1284 4570 ueranteaecranda
1285 4517 1322 4586 j
1325 4531 1424 4572 am
1443 4519 1604 4575 vicia
1617 4520 1988 4580 detruncari.

349 4596 475 4652 Sed
487 4597 625 4653 dum
635 4614 897 4670 parcum
935 4603 1154 4661 vulnus
1174 4604 1242 4660 in
1263 4604 1318 4660 te
1345 4608 1667 4676 neglectum
1695 4611 1800 4682 est,
1832 4613 1995 4671 insa-

349 4687 579 4746 nabilis
610 4690 878 4747 adcrevit
905 4692 1261 4763 apostamia,
1294 4709 1426 4765 qua
1451 4698 1576 4754 nisi
1587 4700 1763 4771 ferro
1802 4703 1995 4761 altius

352 4774 720 4848 abscidatur,
731 4780 863 4849 fom
871 4782 1137 4837 entorum
1148 4796 1265 4839 non
1272 4785 1504 4854 poterit
1519 4789 1742 4847 sentire
1752 4793 1969 4851 medici
1981 4825 1994 4834 -

352 4878 509 4921 nam.
544 4866 769 4936 Quippe
787 4870 1144 4938 nequissimi
1162 4873 1420 4942 spiritus
1439 4876 1701 4935 audacia
1722 4880 1995 4940 ambitio-

352 4954 450 5009 nis
457 4954 798 5025 frenesiam
818 4959 1151 5028 concipiens
1170 4960 1235 5016 in
1254 4961 1428 5020 illius
1449 4966 1760 5035 apostolici
1778 4971 1995 5030 medici

355 5042 452 5098 cui
465 5043 703 5100 animas
716 5042 953 5113 ligandi
963 5059 1025 5101 so
1033 5047 1346 5118 tuendique
1353 5052 1611 5121 potestas
1623 5069 1894 5115 concessa
1907 5059 1999 5117 est

353 5131 588 5186 versari
598 5132 1032 5203 contumeliam,
1052 5148 1302 5209 nocumq
1311 5153 1381 5195 ue
1394 5142 1586 5199 scelus
1602 5146 1826 5201 erroris
1846 5148 1992 5204 nite-

354 5217 669 5305 risrursus
680 5220 978 5291 inducere,
1005 5224 1063 5279 et
1087 5226 1156 5283 in
1180 5240 1400 5304 morem
1423 5230 1707 5301 ngonis
1736 5235 1909 5305 cujus
1938 5238 1993 5296 te

356 5304 717 5377 discipulum
745 5312 1025 5384 ostendis,
1050 5314 1197 5372 data
1212 5320 1474 5387 pecunia
1501 5334 1709 5393 meque
1732 5304 1987 5398 repulso,

2115 1962 2274 2030 raoi,
2308 1960 3189 2019 sedDiocletianuminveni.At
3226 1959 3323 2016 ille
3384 1960 3587 2016 videns
3630 1962 3771 2032 ejus

2120 2051 2512 2106 constantiam
2540 2050 2949 2105 inconcussam
2965 2046 3503 2117 etinadulatam,ad
3520 2048 3775 2106 catholi-

2118 2154 2244 2195 cam
2264 2139 2432 2195 ﬁdem
2448 2154 2576 2195 cum
2594 2138 3123 2207 multisregrcssus
3136 2138 3248 2193 est.
3274 2137 3603 2195 Anthimum
3620 2152 3773 2208 quo—

2117 2242 2229 2298 que
2262 2228 2437 2297 regite
2461 2227 2626 2283 urbis
2641 2228 2977 2298 episcopum
2995 2226 3253 2296 praefatae
3277 2225 3770 2282 hereseosdet‘en-

2120 2331 2309 2372 sorem
2344 2315 2576 2388 publice
2610 2314 3009 2371 communione
3029 2314 3297 2386 privavit,
3320 2306 3385 2371 et
3416 2329 3529 2371 non
3571 2314 3763 2373 multo

2119 2409 2253 2476 post
2289 2405 2342 2459 in
2379 2405 2739 2461 eademurbe
2755 2404 3173 2460 defunctusest
3217 2403 3771 2472 ;cuisuccessitSil-

2116 2494 2337 2549 verius.
2359 2493 2947 2564 Belisariusposthec
2976 2492 3381 2561 Carthaginem
3425 2492 3603 2564 cepit,
3627 2507 3764 2549 cum

2116 2586 2183 2637 95
2208 2596 2391 2636 annos
2409 2581 2665 2637 Wandali
2685 2595 2808 2637 eam
2831 2581 3177 2648 tenuissent,
3195 2585 3250 2636 et
3268 2592 3438 2636 omne
3459 2578 3769 2636 Wandalo-

2120 2685 2243 2725 rum
2265 2684 2504 2739 regnum
2521 2670 2840 2742 etstirpem
2856 2669 3093 2726 delevit.
3111 2667 3313 2741 (Gesta
3330 2684 3393 2739 p.
3422 2668 3631 2740 Rom).
3651 2668 3761 2724 Sil-

2116 2758 2315 2814 verius
2348 2758 2546 2829 itaque
2560 2774 2690 2815 cum
2710 2763 3022 2828 rogaretur
3042 2760 3102 2814 ut
3121 2757 3453 2814 Anthimum
3487 2757 3760 2815 restitue-

2118 2852 2227 2903 ret:
2251 2847 2463 2903 noluit.
2499 2848 2584 2902 Ob
2616 2847 2722 2903 hoc
2746 2862 2775 2902 a
2818 2847 3101 2903 Belisario
3151 2846 3386 2902 nolente
3425 2850 3632 2918 captus
3685 2862 3758 2903 ex

2118 2935 3022 3006 prmceptoTheodormaugustae
3056 2936 3111 2990 in
3142 2934 3346 2991 Pontia
3370 2934 3560 2991 insula
3617 2950 3760 2992 exu-

2118 3025 2245 3081 lans
2276 3024 2443 3080 obiit.

2188 3114 2426 3170 Nomina
2486 3114 2823 3183 pontiﬁcum
2876 3113 3343 3183 Lugdunensium
3395 3114 3465 3169 ab
3526 3114 3752 3171 inicio:

2036 3226 2085 3289 ρ
2117 3204 2402 3261 Photinus
2428 3206 2665 3273 martyr.
2702 3205 3003 3274 Hyreneus
3020 3207 3256 3272 martyr.
3288 3203 3615 3261 Zacharias.
3654 3205 3759 3259 He-

2118 3294 2583 3351 liusFaustinus.
2611 3295 2814 3350 Verus.
2865 3292 3073 3349 Julius.
3137 3293 3464 3351 Tolomeus.
3519 3292 3752 3350 Vocius.

2116 3383 2413 3439 Maximus.
2437 3382 2795 3439 Tretradius.
2823 3382 3320 3449 Verissimus;hic
3343 3383 3606 3459 interfuit
3624 3382 3752 3438 Sar-

2116 3472 2329 3528 cicensi
2365 3471 2586 3543 synodo
2619 3475 2667 3527 4.
2696 3473 3182 3527 SanctusJustus.
3209 3473 3458 3529 Sanctus
3484 3470 3743 3543 Alpinus,

2114 3560 2411 3616 Martinus.
2450 3560 2696 3616 Sanctus
2756 3560 3097 3616 Antiochus.
3150 3560 3434 3632 Elpidius.
3485 3561 3744 3617 Senator.

2116 3649 2361 3704 Sanctus
2386 3648 2722 3704 Eucherius.
2748 3648 3035 3705 Salonius.
3059 3650 3601 3706 SanctusVeranus.
3620 3650 3751 3705 San-

2115 3741 2249 3793 ctus
2278 3736 2807 3793 Paciens.Sanctus
2839 3736 3172 3807 Lupicinus,
3201 3742 3461 3810 tempore
3504 3737 3749 3793 Wanda-

2114 3824 2242 3881 licze
2275 3826 2768 3895 persequutionis.
2801 3826 3114 3883 Rustitius.
3161 3828 3506 3898 Stephanus.
3544 3826 3748 3883 Viven-

2114 3914 2253 3970 tius.
2280 3915 2528 3969 Sanctus
2554 3915 2763 3985 Lupus,
2789 3918 3054 3986 tempore
3079 3915 3427 3985 Sigismundi
3458 3917 3516 3972 et
3550 3913 3746 3972 Clodo—

2112 4002 2222 4069 vei,
2251 4002 2588 4072 Lyconcius.
2616 4005 2864 4060 Sanctus
2896 4004 3202 4074 Sacerdos,
3232 4009 3493 4074 tempore
3524 4003 3744 4062 Childe-

2114 4091 2287 4147 berti.
2313 4092 2561 4147 Sanctus
2583 4091 2862 4162 Nicetius,
2898 4098 3162 4163 tempore
3219 4092 3741 4164 Childebertiejus-

2113 4179 2260 4234 dem.
2298 4181 2545 4236 Sanctus
2566 4179 2841 4244 Priscus;
2878 4180 2970 4236 hic
3000 4186 3203 4237 auctor
3253 4180 3604 4251 synodorum
3650 4187 3733 4237 2L

2110 4273 2180 4324 22
2210 4269 2267 4322 et
2298 4270 2366 4323 24
2387 4267 2603 4323 extitit.
2640 4268 2890 4324 Sanctus
2913 4269 3186 4325 Etherius
3213 4286 3227 4336 ;
3275 4269 3408 4326 huic
3449 4270 3736 4327 scribebat

2113 4357 2319 4412 beatus
2348 4371 2490 4428 papa
2517 4355 2850 4426 Gregorius.
2884 4356 3264 4415 Secundinus.
3303 4357 3737 4428 Arigius.Tetri-

2110 4460 2234 4501 cus.
2268 4444 2644 4501 Gandericus.
2683 4444 3005 4503 Viventius.
3039 4446 3286 4503 Sanctus
3336 4446 3737 4504 Aonemundus

2111 4533 2333 4589 martir.
2372 4533 2621 4590 Sanctus
2656 4533 2954 4591 Genesius.
2992 4536 3237 4592 Sanctus
3282 4535 3733 4601 Lamdebertus;

2112 4621 2283 4691 hujus
2310 4627 2572 4694 tempore
2586 4622 2728 4678 obiit
2746 4626 2986 4680 sanctus
3009 4623 3271 4681 Bonitius
3288 4628 3348 4680 et
3378 4623 3632 4695 Lugduni
3648 4627 3734 4680 est

2112 4711 2398 4781 sepultus,
2426 4711 2522 4782 qui
2556 4710 2851 4782 Clippiaco
2884 4711 2937 4766 in
2976 4711 3191 4782 palatio
3239 4711 3420 4780 regali
3479 4717 3731 4768 sanctum

2109 4800 2461 4855 Ansbertum
2494 4801 2978 4869 Rotomagcnsem
2995 4801 3360 4857 consecravit
3396 4801 3728 4857 antistitem.

2109 4887 2657 4944 SanctusGudinus.
2695 4887 3045 4944 Fulcoaldus
3069 4887 3154 4944 1⁷³.
3193 4889 3296 4946 Hic
3345 4892 3433 4945 est
3486 4887 3711 4945 Fulcoal

2109 4976 2218 5032 dus
2241 4975 2555 5047 episcopus
2571 4976 2667 5047 qui
2684 4992 2902 5049 corpus
2921 4978 3107 5034 sancti
3128 4977 3312 5034 Boniti
3330 4976 3735 5034 18°.Arvernen-

2108 5065 2269 5121 sibus
2290 5064 2568 5120 reddidit.
2605 5065 3019 5123 Madalbertus.
3064 5066 3202 5122 Ado.
3249 5065 3560 5138 Eldoynus.
3621 5066 3732 5122 Lei-

2106 5152 2324 5208 dradus
2338 5155 2599 5222 tempore
2614 5152 2804 5210 Karoli
2825 5154 3008 5224 Magni
3028 5172 3042 5221 ;
3061 5155 3152 5211 hic
3167 5153 3733 5226 restauravitLugdu-

2106 5255 2339 5297 nensem
2359 5240 2680 5298 aecclesiam
2706 5247 2833 5315 post
2851 5243 3317 5300 destructionem
3332 5242 3730 5301 Wandalorum

2108 5329 2449 5400 Agobardus
2480 5329 2746 5387 doctrina
2771 5329 2968 5388 clarus
2990 5334 3254 5403 tempore
3294 5331 3569 5389 Ludovici
3619 5332 3723 5388 Pii.

1710 5463 1946 5525 VARIA'I
1984 5468 2382 5527 LECTIONES.

424 5575 491 5611 ¹⁷⁷
522 5580 745 5637 Post—
779 5580 1022 5653 imperio
1049 5585 1267 5644 inmar

424 5648 585 5716 folio
609 5652 832 5710 assuto.
906 5651 974 5687 1⁷⁸
1002 5654 1140 5712 t‘ulc.
1175 5603 1304 5716 dog

360 5629 595 5721 una;
608 5629 1446 5716 usuit'”I-Ie'tu'ia."ui2m.
1479 5629 1919 5729 ῖεεξέἕέῑὶἵὶσὲἇῗ

1385 5586 1454 5679 ξῖε
1479 5591 1810 5679 gguine
1839 5602 2042 5679 omnia
2064 5616 2257 5677 usque
2284 5603 2367 5665 ad
2378 5604 2571 5676 ﬁnem
2593 5603 2859 5677 catalogi
2872 5584 3234 5678 pontiﬁcum
3253 5605 3733 5679 Lugdunensium
