  <div class='ocr_page' id='page_1' title='image "/cluster/home/n/w/nwhite01/storage/ocr_20150623/153-154/uc1.31175019678096/640.png"; bbox 0 0 3922 6402; ppageno 0'>
   <div class='ocr_carea' id='block_1_1' title="bbox 142 388 1795 459">
    <p class='ocr_par' dir='ltr' id='par_1_1' title="bbox 142 388 1794 459">
     <span class='ocr_line' id='line_1_1' title="bbox 142 388 1794 459; baseline 0.001 -3"><span class='ocrx_word' id='word_1_1' title='bbox 142 388 229 458; x_wconf 71' lang='lat' dir='ltr'><strong>a7</strong></span> <span class='ocrx_word' id='word_1_2' title='bbox 1427 392 1794 459; x_wconf 83' lang='lat' dir='ltr'><strong>CHRONIC</strong></span> 
     </span>
    </p>
   </div>
   <div class='ocr_carea' id='block_1_2' title="bbox 1966 388 3572 459">
    <p class='ocr_par' dir='ltr' id='par_1_2' title="bbox 1966 390 3572 458">
     <span class='ocr_line' id='line_1_2' title="bbox 1966 390 3572 458; baseline -0.001 -4"><span class='ocrx_word' id='word_1_3' title='bbox 1966 425 2045 439; x_wconf 92' lang='lat'><strong>--</strong></span> <span class='ocrx_word' id='word_1_4' title='bbox 2072 390 2229 458; x_wconf 89' lang='lat' dir='ltr'><strong>LIB.</strong></span> <span class='ocrx_word' id='word_1_5' title='bbox 2263 394 2310 456; x_wconf 95' lang='grc' dir='ltr'><strong>Ι.</strong></span> <span class='ocrx_word' id='word_1_6' title='bbox 3495 396 3572 456; x_wconf 70' lang='lat'>98</span> 
     </span>
    </p>
   </div>
   <div class='ocr_carea' id='block_1_3' title="bbox 143 524 3569 606">
    <p class='ocr_par' dir='ltr' id='par_1_3' title="bbox 143 524 3569 606">
     <span class='ocr_line' id='line_1_3' title="bbox 143 524 3569 606; baseline -0 -19"><span class='ocrx_word' id='word_1_7' title='bbox 143 532 376 604; x_wconf 83' lang='lat' dir='ltr'><strong>Amolo,</strong></span> <span class='ocrx_word' id='word_1_8' title='bbox 403 532 1113 606; x_wconf 89' lang='lat' dir='ltr'><strong>cujustempore,utidem</strong></span> <span class='ocrx_word' id='word_1_9' title='bbox 1132 531 1258 605; x_wconf 91' lang='lat' dir='ltr'><strong>ipse</strong></span> <span class='ocrx_word' id='word_1_10' title='bbox 1280 536 1553 602; x_wconf 76' lang='lat' dir='ltr'><strong>testatur,</strong></span> <span class='ocrx_word' id='word_1_11' title='bbox 1579 536 1635 587; x_wconf 91' lang='lat' dir='ltr'><strong>et</strong></span> <span class='ocrx_word' id='word_1_12' title='bbox 1654 528 1804 600; x_wconf 87' lang='lat' dir='ltr'><strong>Egil-</strong></span> <span class='ocrx_word' id='word_1_13' title='bbox 1831 527 1889 591; x_wconf 88' lang='lat' dir='ltr'><strong>A</strong></span> <span class='ocrx_word' id='word_1_14' title='bbox 1917 539 2095 583; x_wconf 90' lang='lat' dir='ltr'><strong>mare.</strong></span> <span class='ocrx_word' id='word_1_15' title='bbox 2131 526 2295 594; x_wconf 86' lang='lat' dir='ltr'><strong>Quod</strong></span> <span class='ocrx_word' id='word_1_16' title='bbox 2326 545 2574 588; x_wconf 82' lang='lat' dir='ltr'><strong>cernens</strong></span> <span class='ocrx_word' id='word_1_17' title='bbox 2611 528 2853 599; x_wconf 82' lang='lat' dir='ltr'><strong>Tiberis,</strong></span> <span class='ocrx_word' id='word_1_18' title='bbox 2888 524 3244 601; x_wconf 91' lang='lat' dir='ltr'><strong>expoliatum</strong></span> <span class='ocrx_word' id='word_1_19' title='bbox 3286 543 3413 588; x_wconf 87' lang='lat' dir='ltr'><strong>eam</strong></span> <span class='ocrx_word' id='word_1_20' title='bbox 3439 530 3569 586; x_wconf 89' lang='lat' dir='ltr'><strong>the-</strong></span> 
     </span>
    </p>
   </div>
   <div class='ocr_carea' id='block_1_4' title="bbox 144 621 1805 693">
    <p class='ocr_par' dir='ltr' id='par_1_4' title="bbox 144 621 1805 693">
     <span class='ocr_line' id='line_1_4' title="bbox 144 621 1805 693; baseline -0.001 -18"><span class='ocrx_word' id='word_1_21' title='bbox 144 635 352 677; x_wconf 89' lang='lat' dir='ltr'><strong>marus</strong></span> <span class='ocrx_word' id='word_1_22' title='bbox 380 623 749 692; x_wconf 81' lang='lat' dir='ltr'><strong>Viennensis,</strong></span> <span class='ocrx_word' id='word_1_23' title='bbox 780 622 1185 679; x_wconf 89' lang='lat' dir='ltr'><strong>Bartolomeus</strong></span> <span class='ocrx_word' id='word_1_24' title='bbox 1211 636 1445 693; x_wconf 80' lang='lat' dir='ltr'><strong>quoque</strong></span> <span class='ocrx_word' id='word_1_25' title='bbox 1476 621 1805 677; x_wconf 89' lang='lat' dir='ltr'><strong>Narbonen-</strong></span> 
     </span>
    </p>
   </div>
   <div class='ocr_carea' id='block_1_5' title="bbox 148 705 1808 781">
    <p class='ocr_par' dir='ltr' id='par_1_5' title="bbox 148 705 1808 781">
     <span class='ocr_line' id='line_1_5' title="bbox 148 705 1808 781; baseline -0.001 -18"><span class='ocrx_word' id='word_1_26' title='bbox 148 708 263 779; x_wconf 88' lang='lat' dir='ltr'><strong>sis,</strong></span> <span class='ocrx_word' id='word_1_27' title='bbox 287 709 616 780; x_wconf 80' lang='lat' dir='ltr'><strong>Stephanus</strong></span> <span class='ocrx_word' id='word_1_28' title='bbox 651 710 1024 781; x_wconf 88' lang='lat' dir='ltr'><strong>Belgicensis,</strong></span> <span class='ocrx_word' id='word_1_29' title='bbox 1057 710 1263 766; x_wconf 86' lang='lat' dir='ltr'><strong>Alteus</strong></span> <span class='ocrx_word' id='word_1_30' title='bbox 1295 708 1603 777; x_wconf 85' lang='lat' dir='ltr'><strong>Eduensis,</strong></span> <span class='ocrx_word' id='word_1_31' title='bbox 1637 705 1808 763; x_wconf 91' lang='lat' dir='ltr'><strong>Odol-</strong></span> 
     </span>
    </p>
   </div>
   <div class='ocr_carea' id='block_1_6' title="bbox 138 796 1809 871">
    <p class='ocr_par' dir='ltr' id='par_1_6' title="bbox 138 796 1809 871">
     <span class='ocr_line' id='line_1_6' title="bbox 138 796 1809 871; baseline 0.001 -21"><span class='ocrx_word' id='word_1_32' title='bbox 138 810 395 854; x_wconf 89' lang='lat' dir='ltr'><strong>manuus</strong></span> <span class='ocrx_word' id='word_1_33' title='bbox 425 800 833 869; x_wconf 85' lang='lat' dir='ltr'><strong>Mattiscensis,</strong></span> <span class='ocrx_word' id='word_1_34' title='bbox 857 800 911 855; x_wconf 93' lang='lat' dir='ltr'><strong>in</strong></span> <span class='ocrx_word' id='word_1_35' title='bbox 944 798 1190 871; x_wconf 91' lang='lat' dir='ltr'><strong>epistola</strong></span> <span class='ocrx_word' id='word_1_36' title='bbox 1226 799 1400 854; x_wconf 85' lang='lat' dir='ltr'><strong>missa</strong></span> <span class='ocrx_word' id='word_1_37' title='bbox 1427 796 1677 853; x_wconf 81' lang='lat' dir='ltr'><strong>Rodull‘o</strong></span> <span class='ocrx_word' id='word_1_38' title='bbox 1706 797 1809 866; x_wconf 85' lang='lat' dir='ltr'><strong>By-</strong></span> 
     </span>
    </p>
   </div>
   <div class='ocr_carea' id='block_1_7' title="bbox 140 886 1808 961">
    <p class='ocr_par' dir='ltr' id='par_1_7' title="bbox 140 886 1808 961">
     <span class='ocr_line' id='line_1_7' title="bbox 140 886 1808 961; baseline -0.001 -20"><span class='ocrx_word' id='word_1_39' title='bbox 140 890 349 943; x_wconf 85' lang='lat' dir='ltr'><strong>turum</strong></span> <span class='ocrx_word' id='word_1_40' title='bbox 379 889 824 961; x_wconf 79' lang='lat' dir='ltr'><strong>archiepiscopo</strong></span> <span class='ocrx_word' id='word_1_41' title='bbox 852 894 911 946; x_wconf 90' lang='lat' dir='ltr'><strong>et</strong></span> <span class='ocrx_word' id='word_1_42' title='bbox 945 889 1214 945; x_wconf 86' lang='lat' dir='ltr'><strong>omnibus</strong></span> <span class='ocrx_word' id='word_1_43' title='bbox 1246 887 1545 959; x_wconf 87' lang='lat' dir='ltr'><strong>episcopis</strong></span> <span class='ocrx_word' id='word_1_44' title='bbox 1569 886 1808 956; x_wconf 84' lang='lat' dir='ltr'><strong>Aquita-</strong></span> 
     </span>
    </p>
   </div>
   <div class='ocr_carea' id='block_1_8' title="bbox 153 972 1807 1048">
    <p class='ocr_par' dir='ltr' id='par_1_8' title="bbox 153 972 1807 1048">
     <span class='ocr_line' id='line_1_8' title="bbox 153 972 1807 1048; baseline -0.002 -21"><span class='ocrx_word' id='word_1_45' title='bbox 153 972 273 1029; x_wconf 66' lang='lat' dir='ltr'><strong>nia:</strong></span> <span class='ocrx_word' id='word_1_46' title='bbox 291 976 818 1048; x_wconf 69' lang='lat' dir='ltr'><strong>Novempopulanae</strong></span> <span class='ocrx_word' id='word_1_47' title='bbox 840 981 897 1033; x_wconf 88' lang='lat' dir='ltr'><strong>et</strong></span> <span class='ocrx_word' id='word_1_48' title='bbox 922 977 1316 1033; x_wconf 86' lang='lat' dir='ltr'><strong>Narbonensis</strong></span> <span class='ocrx_word' id='word_1_49' title='bbox 1340 976 1559 1047; x_wconf 61' lang='lat' dir='ltr'><strong>primae,</strong></span> <span class='ocrx_word' id='word_1_50' title='bbox 1578 988 1684 1044; x_wconf 92' lang='lat' dir='ltr'><strong>per</strong></span> <span class='ocrx_word' id='word_1_51' title='bbox 1706 972 1807 1027; x_wconf 84' lang='lat'><strong>300</strong></span> 
     </span>
    </p>
   </div>
   <div class='ocr_carea' id='block_1_9' title="bbox 135 1060 1809 1137">
    <p class='ocr_par' dir='ltr' id='par_1_9' title="bbox 135 1060 1809 1137">
     <span class='ocr_line' id='line_1_9' title="bbox 135 1060 1809 1137; baseline -0.001 -21"><span class='ocrx_word' id='word_1_52' title='bbox 135 1062 267 1118; x_wconf 82' lang='lat' dir='ltr'><strong>fere</strong></span> <span class='ocrx_word' id='word_1_53' title='bbox 308 1078 492 1122; x_wconf 91' lang='lat' dir='ltr'><strong>annos</strong></span> <span class='ocrx_word' id='word_1_54' title='bbox 518 1065 916 1136; x_wconf 84' lang='lat' dir='ltr'><strong>Lugdunensis</strong></span> <span class='ocrx_word' id='word_1_55' title='bbox 938 1066 1187 1122; x_wconf 84' lang='lat' dir='ltr'><strong>ecclesia</strong></span> <span class='ocrx_word' id='word_1_56' title='bbox 1216 1065 1524 1137; x_wconf 78' lang='lat' dir='ltr'><strong>primatum</strong></span> <span class='ocrx_word' id='word_1_57' title='bbox 1557 1060 1809 1119; x_wconf 76' lang='lat' dir='ltr'><strong>aeclesia-</strong></span> 
     </span>
    </p>
   </div>
   <div class='ocr_carea' id='block_1_10' title="bbox 140 1148 1808 1226">
    <p class='ocr_par' dir='ltr' id='par_1_10' title="bbox 140 1148 1808 1226">
     <span class='ocr_line' id='line_1_10' title="bbox 140 1148 1808 1226; baseline 0 -22"><span class='ocrx_word' id='word_1_58' title='bbox 140 1165 277 1206; x_wconf 90' lang='lat' dir='ltr'><strong>rum</strong></span> <span class='ocrx_word' id='word_1_59' title='bbox 301 1151 359 1207; x_wconf 92' lang='lat' dir='ltr'><strong>in</strong></span> <span class='ocrx_word' id='word_1_60' title='bbox 384 1153 565 1209; x_wconf 86' lang='lat' dir='ltr'><strong>Gallia</strong></span> <span class='ocrx_word' id='word_1_61' title='bbox 588 1156 660 1210; x_wconf 92' lang='lat' dir='ltr'><strong>ab</strong></span> <span class='ocrx_word' id='word_1_62' title='bbox 684 1154 830 1226; x_wconf 91' lang='lat' dir='ltr'><strong>ipsis</strong></span> <span class='ocrx_word' id='word_1_63' title='bbox 852 1154 1220 1225; x_wconf 87' lang='lat' dir='ltr'><strong>temporibus</strong></span> <span class='ocrx_word' id='word_1_64' title='bbox 1238 1152 1634 1225; x_wconf 88' lang='lat' dir='ltr'><strong>apostolorum</strong></span> <span class='ocrx_word' id='word_1_65' title='bbox 1661 1148 1808 1220; x_wconf 79' lang='lat' dir='ltr'><strong>opti-</strong></span> 
     </span>
    </p>
   </div>
   <div class='ocr_carea' id='block_1_11' title="bbox 147 1239 1807 1314">
    <p class='ocr_par' dir='ltr' id='par_1_11' title="bbox 147 1239 1807 1314">
     <span class='ocr_line' id='line_1_11' title="bbox 147 1239 1807 1314; baseline -0.001 -21"><span class='ocrx_word' id='word_1_66' title='bbox 147 1253 298 1296; x_wconf 89' lang='lat' dir='ltr'><strong>nens</strong></span> <span class='ocrx_word' id='word_1_67' title='bbox 324 1239 411 1311; x_wconf 68' lang='grc' dir='ltr'><strong>ίθι,</strong></span> <span class='ocrx_word' id='word_1_68' title='bbox 436 1242 597 1298; x_wconf 70' lang='lat' dir='ltr'><strong>vices</strong></span> <span class='ocrx_word' id='word_1_69' title='bbox 627 1243 1015 1299; x_wconf 86' lang='lat' dir='ltr'><strong>Romanorum</strong></span> <span class='ocrx_word' id='word_1_70' title='bbox 1042 1241 1379 1314; x_wconf 84' lang='lat' dir='ltr'><strong>pontiﬁcum</strong></span> <span class='ocrx_word' id='word_1_71' title='bbox 1406 1257 1510 1313; x_wconf 85' lang='lat' dir='ltr'><strong>pro</strong></span> <span class='ocrx_word' id='word_1_72' title='bbox 1538 1254 1657 1296; x_wconf 76' lang='lat' dir='ltr'><strong>suae</strong></span> <span class='ocrx_word' id='word_1_73' title='bbox 1681 1250 1807 1294; x_wconf 86' lang='lat' dir='ltr'><strong>san-</strong></span> 
     </span>
    </p>
   </div>
   <div class='ocr_carea' id='block_1_12' title="bbox 142 1326 1803 1402">
    <p class='ocr_par' dir='ltr' id='par_1_12' title="bbox 142 1326 1803 1402">
     <span class='ocr_line' id='line_1_12' title="bbox 142 1326 1803 1402; baseline 0.001 -19"><span class='ocrx_word' id='word_1_74' title='bbox 142 1327 383 1385; x_wconf 88' lang='lat' dir='ltr'><strong>ctitatis</strong></span> <span class='ocrx_word' id='word_1_75' title='bbox 439 1331 646 1387; x_wconf 91' lang='lat' dir='ltr'><strong>merito</strong></span> <span class='ocrx_word' id='word_1_76' title='bbox 678 1331 956 1402; x_wconf 88' lang='lat' dir='ltr'><strong>optinuit.</strong></span> <span class='ocrx_word' id='word_1_77' title='bbox 989 1331 1287 1399; x_wconf 82' lang='lat' dir='ltr'><strong>Remigius</strong></span> <span class='ocrx_word' id='word_1_78' title='bbox 1318 1336 1579 1400; x_wconf 88' lang='lat' dir='ltr'><strong>tempore</strong></span> <span class='ocrx_word' id='word_1_79' title='bbox 1613 1326 1803 1384; x_wconf 83' lang='lat' dir='ltr'><strong>Karoli</strong></span> 
     </span>
    </p>
   </div>
   <div class='ocr_carea' id='block_1_13' title="bbox 143 1415 1803 1489">
    <p class='ocr_par' dir='ltr' id='par_1_13' title="bbox 143 1415 1803 1489">
     <span class='ocr_line' id='line_1_13' title="bbox 143 1415 1803 1489; baseline -0.001 -18"><span class='ocrx_word' id='word_1_80' title='bbox 143 1416 331 1472; x_wconf 89' lang='lat' dir='ltr'><strong>Calvi.</strong></span> <span class='ocrx_word' id='word_1_81' title='bbox 367 1417 618 1475; x_wconf 90' lang='lat' dir='ltr'><strong>Sanctus</strong></span> <span class='ocrx_word' id='word_1_82' title='bbox 651 1420 998 1476; x_wconf 82' lang='lat' dir='ltr'><strong>Aurelianus</strong></span> <span class='ocrx_word' id='word_1_83' title='bbox 1028 1419 1258 1489; x_wconf 82' lang='lat' dir='ltr'><strong>legatus</strong></span> <span class='ocrx_word' id='word_1_84' title='bbox 1288 1421 1557 1475; x_wconf 74' lang='lat' dir='ltr'><strong>Romanae</strong></span> <span class='ocrx_word' id='word_1_85' title='bbox 1604 1415 1803 1479; x_wconf 88' lang='lat' dir='ltr'><strong>sedis;</strong></span> 
     </span>
    </p>
   </div>
   <div class='ocr_carea' id='block_1_14' title="bbox 139 1505 1806 1579">
    <p class='ocr_par' dir='ltr' id='par_1_14' title="bbox 139 1505 1806 1579">
     <span class='ocr_line' id='line_1_14' title="bbox 139 1505 1806 1579; baseline -0.003 -17"><span class='ocrx_word' id='word_1_86' title='bbox 139 1512 286 1576; x_wconf 84' lang='lat' dir='ltr'><strong>post</strong></span> <span class='ocrx_word' id='word_1_87' title='bbox 318 1522 507 1578; x_wconf 85' lang='lat' dir='ltr'><strong>quem,</strong></span> <span class='ocrx_word' id='word_1_88' title='bbox 534 1509 640 1564; x_wconf 86' lang='lat' dir='ltr'><strong>fuit</strong></span> <span class='ocrx_word' id='word_1_89' title='bbox 669 1509 941 1578; x_wconf 87' lang='lat' dir='ltr'><strong>Agrinius</strong></span> <span class='ocrx_word' id='word_1_90' title='bbox 975 1509 1398 1577; x_wconf 86' lang='lat' dir='ltr'><strong>Linguonensis</strong></span> <span class='ocrx_word' id='word_1_91' title='bbox 1428 1507 1526 1579; x_wconf 91' lang='lat' dir='ltr'><strong>qui</strong></span> <span class='ocrx_word' id='word_1_92' title='bbox 1562 1521 1674 1561; x_wconf 91' lang='lat' dir='ltr'><strong>non</strong></span> <span class='ocrx_word' id='word_1_93' title='bbox 1711 1505 1806 1559; x_wconf 91' lang='lat' dir='ltr'><strong>ha-</strong></span> 
     </span>
    </p>
   </div>
   <div class='ocr_carea' id='block_1_15' title="bbox 146 1593 1800 1653">
    <p class='ocr_par' dir='ltr' id='par_1_15' title="bbox 146 1593 1800 1653">
     <span class='ocr_line' id='line_1_15' title="bbox 146 1593 1800 1653; baseline -0.001 -4"><span class='ocrx_word' id='word_1_94' title='bbox 146 1595 330 1651; x_wconf 90' lang='lat' dir='ltr'><strong>betur</strong></span> <span class='ocrx_word' id='word_1_95' title='bbox 360 1596 413 1651; x_wconf 91' lang='lat' dir='ltr'><strong>in</strong></span> <span class='ocrx_word' id='word_1_96' title='bbox 450 1611 705 1653; x_wconf 89' lang='lat' dir='ltr'><strong>numero.</strong></span> <span class='ocrx_word' id='word_1_97' title='bbox 758 1596 1017 1653; x_wconf 86' lang='lat' dir='ltr'><strong>Aluvala.</strong></span> <span class='ocrx_word' id='word_1_98' title='bbox 1072 1597 1419 1653; x_wconf 90' lang='lat' dir='ltr'><strong>Bernardus.</strong></span> <span class='ocrx_word' id='word_1_99' title='bbox 1474 1593 1800 1651; x_wconf 86' lang='lat' dir='ltr'><strong>Austerius.</strong></span> 
     </span>
    </p>
   </div>
   <div class='ocr_carea' id='block_1_16' title="bbox 144 1682 1803 1753">
    <p class='ocr_par' dir='ltr' id='par_1_16' title="bbox 144 1682 1803 1753">
     <span class='ocr_line' id='line_1_16' title="bbox 144 1682 1803 1753; baseline -0.001 -16"><span class='ocrx_word' id='word_1_100' title='bbox 144 1683 472 1753; x_wconf 76' lang='lat' dir='ltr'><strong>Remigius.</strong></span> <span class='ocrx_word' id='word_1_101' title='bbox 495 1686 899 1742; x_wconf 84' lang='lat' dir='ltr'><strong>Anschericus.</strong></span> <span class='ocrx_word' id='word_1_102' title='bbox 918 1684 1101 1742; x_wconf 89' lang='lat' dir='ltr'><strong>Wido.</strong></span> <span class='ocrx_word' id='word_1_103' title='bbox 1131 1684 1497 1742; x_wconf 89' lang='lat' dir='ltr'><strong>Amblardus.</strong></span> <span class='ocrx_word' id='word_1_104' title='bbox 1523 1682 1803 1739; x_wconf 90' lang='lat' dir='ltr'><strong>Borchar-</strong></span> 
     </span>
    </p>
   </div>
   <div class='ocr_carea' id='block_1_17' title="bbox 143 1770 1796 1844">
    <p class='ocr_par' dir='ltr' id='par_1_17' title="bbox 143 1770 1796 1844">
     <span class='ocr_line' id='line_1_17' title="bbox 143 1770 1796 1844; baseline -0.001 -18"><span class='ocrx_word' id='word_1_105' title='bbox 143 1770 264 1827; x_wconf 87' lang='lat' dir='ltr'><strong>dus</strong></span> <span class='ocrx_word' id='word_1_106' title='bbox 295 1786 493 1829; x_wconf 80' lang='lat' dir='ltr'><strong>senex.</strong></span> <span class='ocrx_word' id='word_1_107' title='bbox 521 1774 889 1831; x_wconf 88' lang='lat' dir='ltr'><strong>Borchardus</strong></span> <span class='ocrx_word' id='word_1_108' title='bbox 913 1774 1168 1844; x_wconf 89' lang='lat' dir='ltr'><strong>juvenis.</strong></span> <span class='ocrx_word' id='word_1_109' title='bbox 1192 1777 1438 1830; x_wconf 91' lang='lat' dir='ltr'><strong>Sanctus</strong></span> <span class='ocrx_word' id='word_1_110' title='bbox 1471 1771 1796 1829; x_wconf 89' lang='lat' dir='ltr'><strong>Odelricus.</strong></span> 
     </span>
    </p>
   </div>
   <div class='ocr_carea' id='block_1_18' title="bbox 150 1860 1476 1933">
    <p class='ocr_par' dir='ltr' id='par_1_18' title="bbox 150 1860 1476 1933">
     <span class='ocr_line' id='line_1_18' title="bbox 150 1860 1476 1933; baseline 0.003 -19"><span class='ocrx_word' id='word_1_111' title='bbox 150 1860 528 1919; x_wconf 85' lang='lat' dir='ltr'><strong>Halinardus.</strong></span> <span class='ocrx_word' id='word_1_112' title='bbox 565 1864 810 1921; x_wconf 89' lang='lat' dir='ltr'><strong>Sanctus</strong></span> <span class='ocrx_word' id='word_1_113' title='bbox 842 1864 1158 1920; x_wconf 91' lang='lat' dir='ltr'><strong>Gebuinus.</strong></span> <span class='ocrx_word' id='word_1_114' title='bbox 1197 1865 1359 1933; x_wconf 88' lang='lat' dir='ltr'><strong>Hugo</strong></span> <span class='ocrx_word' id='word_1_115' title='bbox 1389 1861 1476 1918; x_wconf 67' lang='grc'><strong>1⁸³.</strong></span> 
     </span>
    </p>
   </div>
   <div class='ocr_carea' id='block_1_19' title="bbox 221 1948 1795 2023">
    <p class='ocr_par' dir='ltr' id='par_1_19' title="bbox 221 1948 1795 2023">
     <span class='ocr_line' id='line_1_19' title="bbox 221 1948 1795 2023; baseline -0.001 -19"><span class='ocrx_word' id='word_1_116' title='bbox 221 1948 519 2022; x_wconf 56' lang='lat' dir='ltr'><strong>[Faenza]</strong></span> <span class='ocrx_word' id='word_1_117' title='bbox 553 1952 1063 2022; x_wconf 82' lang='lat' dir='ltr'><strong>Langobardorum</strong></span> <span class='ocrx_word' id='word_1_118' title='bbox 1089 1952 1268 2022; x_wconf 89' lang='lat' dir='ltr'><strong>igitur</strong></span> <span class='ocrx_word' id='word_1_119' title='bbox 1289 1966 1433 2021; x_wconf 89' lang='lat' dir='ltr'><strong>gens</strong></span> <span class='ocrx_word' id='word_1_120' title='bbox 1458 1950 1795 2023; x_wconf 84' lang='lat' dir='ltr'><strong>priusquam</strong></span> 
     </span>
    </p>
   </div>
   <div class='ocr_carea' id='block_1_20' title="bbox 135 2037 1798 2109">
    <p class='ocr_par' dir='ltr' id='par_1_20' title="bbox 135 2037 1798 2109">
     <span class='ocr_line' id='line_1_20' title="bbox 135 2037 1798 2109; baseline 0 -17"><span class='ocrx_word' id='word_1_121' title='bbox 135 2038 254 2093; x_wconf 90' lang='lat' dir='ltr'><strong>hoc</strong></span> <span class='ocrx_word' id='word_1_122' title='bbox 306 2038 535 2095; x_wconf 89' lang='lat' dir='ltr'><strong>nomine</strong></span> <span class='ocrx_word' id='word_1_123' title='bbox 576 2043 888 2096; x_wconf 90' lang='lat' dir='ltr'><strong>vocaretur</strong></span> <span class='ocrx_word' id='word_1_124' title='bbox 916 2055 1157 2109; x_wconf 89' lang='lat' dir='ltr'><strong>egressa</strong></span> <span class='ocrx_word' id='word_1_125' title='bbox 1191 2040 1263 2095; x_wconf 92' lang='lat' dir='ltr'><strong>de</strong></span> <span class='ocrx_word' id='word_1_126' title='bbox 1294 2037 1633 2095; x_wconf 88' lang='lat' dir='ltr'><strong>Scatanavia</strong></span> <span class='ocrx_word' id='word_1_127' title='bbox 1670 2051 1798 2107; x_wconf 63' lang='lat' dir='ltr'><strong>quae</strong></span> 
     </span>
    </p>
   </div>
   <div class='ocr_carea' id='block_1_21' title="bbox 138 2125 1795 2198">
    <p class='ocr_par' dir='ltr' id='par_1_21' title="bbox 138 2125 1795 2198">
     <span class='ocr_line' id='line_1_21' title="bbox 138 2125 1795 2198; baseline -0.001 -17"><span class='ocrx_word' id='word_1_128' title='bbox 138 2129 242 2182; x_wconf 85' lang='lat' dir='ltr'><strong>est</strong></span> <span class='ocrx_word' id='word_1_129' title='bbox 273 2125 427 2182; x_wconf 91' lang='lat' dir='ltr'><strong>ultra</strong></span> <span class='ocrx_word' id='word_1_130' title='bbox 460 2128 783 2185; x_wconf 88' lang='lat' dir='ltr'><strong>Danubium</strong></span> <span class='ocrx_word' id='word_1_131' title='bbox 827 2133 885 2185; x_wconf 91' lang='lat' dir='ltr'><strong>et</strong></span> <span class='ocrx_word' id='word_1_132' title='bbox 929 2144 1085 2185; x_wconf 91' lang='lat' dir='ltr'><strong>mare</strong></span> <span class='ocrx_word' id='word_1_133' title='bbox 1137 2142 1437 2198; x_wconf 90' lang='lat' dir='ltr'><strong>oceanum,</strong></span> <span class='ocrx_word' id='word_1_134' title='bbox 1475 2126 1795 2183; x_wconf 90' lang='lat' dir='ltr'><strong>Danubium</strong></span> 
     </span>
    </p>
   </div>
   <div class='ocr_carea' id='block_1_22' title="bbox 135 2216 1796 2287">
    <p class='ocr_par' dir='ltr' id='par_1_22' title="bbox 135 2216 1796 2287">
     <span class='ocr_line' id='line_1_22' title="bbox 135 2216 1796 2287; baseline 0.001 -18"><span class='ocrx_word' id='word_1_135' title='bbox 135 2217 546 2272; x_wconf 88' lang='lat' dir='ltr'><strong>transmeavit.</strong></span> <span class='ocrx_word' id='word_1_136' title='bbox 585 2218 724 2273; x_wconf 85' lang='lat' dir='ltr'><strong>Cum</strong></span> <span class='ocrx_word' id='word_1_137' title='bbox 749 2234 778 2273; x_wconf 91' lang='lat' dir='ltr'><strong>a</strong></span> <span class='ocrx_word' id='word_1_138' title='bbox 802 2219 985 2274; x_wconf 88' lang='lat' dir='ltr'><strong>Hunis</strong></span> <span class='ocrx_word' id='word_1_139' title='bbox 1016 2218 1360 2287; x_wconf 86' lang='lat' dir='ltr'><strong>interrogati</strong></span> <span class='ocrx_word' id='word_1_140' title='bbox 1387 2216 1649 2286; x_wconf 80' lang='lat' dir='ltr'><strong>fuissent,</strong></span> <span class='ocrx_word' id='word_1_141' title='bbox 1669 2230 1796 2285; x_wconf 70' lang='lat' dir='ltr'><strong>quae</strong></span> 
     </span>
    </p>
   </div>
   <div class='ocr_carea' id='block_1_23' title="bbox 127 2301 1798 2373">
    <p class='ocr_par' dir='ltr' id='par_1_23' title="bbox 127 2301 1798 2373">
     <span class='ocr_line' id='line_1_23' title="bbox 127 2301 1798 2373; baseline -0.002 -14"><span class='ocrx_word' id='word_1_142' title='bbox 127 2316 286 2373; x_wconf 88' lang='lat' dir='ltr'><strong>gens</strong></span> <span class='ocrx_word' id='word_1_143' title='bbox 310 2304 596 2361; x_wconf 88' lang='lat' dir='ltr'><strong>terminos</strong></span> <span class='ocrx_word' id='word_1_144' title='bbox 618 2320 819 2363; x_wconf 90' lang='lat' dir='ltr'><strong>eorum</strong></span> <span class='ocrx_word' id='word_1_145' title='bbox 844 2321 985 2362; x_wconf 89' lang='lat' dir='ltr'><strong>ausa</strong></span> <span class='ocrx_word' id='word_1_146' title='bbox 1013 2306 1217 2363; x_wconf 79' lang='lat' dir='ltr'><strong>fuisset</strong></span> <span class='ocrx_word' id='word_1_147' title='bbox 1239 2306 1477 2361; x_wconf 90' lang='lat' dir='ltr'><strong>vitiaret</strong></span> <span class='ocrx_word' id='word_1_148' title='bbox 1495 2304 1654 2359; x_wconf 90' lang='lat' dir='ltr'><strong>eteis</strong></span> <span class='ocrx_word' id='word_1_149' title='bbox 1680 2301 1798 2358; x_wconf 91' lang='lat' dir='ltr'><strong>bel-</strong></span> 
     </span>
    </p>
   </div>
   <div class='ocr_carea' id='block_1_24' title="bbox 129 2390 1796 2465">
    <p class='ocr_par' dir='ltr' id='par_1_24' title="bbox 129 2390 1796 2465">
     <span class='ocr_line' id='line_1_24' title="bbox 129 2390 1796 2465; baseline 0 -19"><span class='ocrx_word' id='word_1_150' title='bbox 129 2390 257 2448; x_wconf 90' lang='lat' dir='ltr'><strong>lum</strong></span> <span class='ocrx_word' id='word_1_151' title='bbox 292 2398 647 2449; x_wconf 87' lang='lat' dir='ltr'><strong>conarentur</strong></span> <span class='ocrx_word' id='word_1_152' title='bbox 678 2394 917 2465; x_wconf 90' lang='lat' dir='ltr'><strong>intrare,</strong></span> <span class='ocrx_word' id='word_1_153' title='bbox 958 2394 1041 2449; x_wconf 87' lang='lat' dir='ltr'><strong>illi</strong></span> <span class='ocrx_word' id='word_1_154' title='bbox 1072 2394 1348 2450; x_wconf 89' lang='lat' dir='ltr'><strong>mulieres</strong></span> <span class='ocrx_word' id='word_1_155' title='bbox 1381 2407 1796 2465; x_wconf 70' lang='lat' dir='ltr'><strong>praeceperune</strong></span> 
     </span>
    </p>
   </div>
   <div class='ocr_carea' id='block_1_25' title="bbox 125 2480 1792 2553">
    <p class='ocr_par' dir='ltr' id='par_1_25' title="bbox 125 2480 1792 2553">
     <span class='ocr_line' id='line_1_25' title="bbox 125 2480 1792 2553; baseline 0.001 -20"><span class='ocrx_word' id='word_1_156' title='bbox 125 2494 360 2535; x_wconf 86' lang='lat' dir='ltr'><strong>comam</strong></span> <span class='ocrx_word' id='word_1_157' title='bbox 391 2481 603 2553; x_wconf 75' lang='lat' dir='ltr'><strong>capitis</strong></span> <span class='ocrx_word' id='word_1_158' title='bbox 632 2482 703 2537; x_wconf 91' lang='lat' dir='ltr'><strong>ad</strong></span> <span class='ocrx_word' id='word_1_159' title='bbox 737 2482 1003 2539; x_wconf 83' lang='lat' dir='ltr'><strong>maxillas</strong></span> <span class='ocrx_word' id='word_1_160' title='bbox 1029 2488 1090 2539; x_wconf 91' lang='lat' dir='ltr'><strong>et</strong></span> <span class='ocrx_word' id='word_1_161' title='bbox 1118 2487 1375 2537; x_wconf 89' lang='lat' dir='ltr'><strong>mentum</strong></span> <span class='ocrx_word' id='word_1_162' title='bbox 1411 2480 1685 2551; x_wconf 85' lang='lat' dir='ltr'><strong>religare,</strong></span> <span class='ocrx_word' id='word_1_163' title='bbox 1731 2486 1792 2534; x_wconf 91' lang='lat' dir='ltr'><strong>ut</strong></span> 
     </span>
    </p>
   </div>
   <div class='ocr_carea' id='block_1_26' title="bbox 136 2568 1791 2641">
    <p class='ocr_par' dir='ltr' id='par_1_26' title="bbox 136 2568 1791 2641">
     <span class='ocr_line' id='line_1_26' title="bbox 136 2568 1791 2641; baseline 0.001 -19"><span class='ocrx_word' id='word_1_164' title='bbox 136 2568 411 2625; x_wconf 91' lang='lat' dir='ltr'><strong>habitum</strong></span> <span class='ocrx_word' id='word_1_165' title='bbox 427 2570 685 2627; x_wconf 87' lang='lat' dir='ltr'><strong>virorum</strong></span> <span class='ocrx_word' id='word_1_166' title='bbox 701 2571 1049 2641; x_wconf 89' lang='lat' dir='ltr'><strong>similarent,</strong></span> <span class='ocrx_word' id='word_1_167' title='bbox 1070 2577 1132 2627; x_wconf 91' lang='lat' dir='ltr'><strong>ut</strong></span> <span class='ocrx_word' id='word_1_168' title='bbox 1158 2572 1281 2641; x_wconf 89' lang='lat' dir='ltr'><strong>ipsa</strong></span> <span class='ocrx_word' id='word_1_169' title='bbox 1305 2586 1405 2626; x_wconf 83' lang='lat' dir='ltr'><strong>sua</strong></span> <span class='ocrx_word' id='word_1_170' title='bbox 1430 2568 1791 2626; x_wconf 87' lang='lat' dir='ltr'><strong>multitudint</strong></span> 
     </span>
    </p>
   </div>
   <div class='ocr_carea' id='block_1_27' title="bbox 137 2656 1796 2729">
    <p class='ocr_par' dir='ltr' id='par_1_27' title="bbox 137 2656 1796 2729">
     <span class='ocr_line' id='line_1_27' title="bbox 137 2656 1796 2729; baseline 0.001 -19"><span class='ocrx_word' id='word_1_171' title='bbox 137 2656 351 2715; x_wconf 85' lang='lat' dir='ltr'><strong>hostes</strong></span> <span class='ocrx_word' id='word_1_172' title='bbox 385 2663 774 2729; x_wconf 90' lang='lat' dir='ltr'><strong>terrerentur,</strong></span> <span class='ocrx_word' id='word_1_173' title='bbox 798 2674 868 2715; x_wconf 90' lang='lat' dir='ltr'><strong>eo</strong></span> <span class='ocrx_word' id='word_1_174' title='bbox 887 2660 1041 2729; x_wconf 90' lang='lat' dir='ltr'><strong>quod</strong></span> <span class='ocrx_word' id='word_1_175' title='bbox 1067 2658 1376 2715; x_wconf 89' lang='lat' dir='ltr'><strong>mulierum</strong></span> <span class='ocrx_word' id='word_1_176' title='bbox 1396 2673 1578 2713; x_wconf 68' lang='lat' dir='ltr'><strong>coma:</strong></span> <span class='ocrx_word' id='word_1_177' title='bbox 1611 2658 1681 2713; x_wconf 88' lang='lat' dir='ltr'><strong>ad</strong></span> <span class='ocrx_word' id='word_1_178' title='bbox 1716 2656 1796 2711; x_wconf 91' lang='lat' dir='ltr'><strong>in-</strong></span> 
     </span>
    </p>
   </div>
   <div class='ocr_carea' id='block_1_28' title="bbox 131 2743 1796 2817">
    <p class='ocr_par' dir='ltr' id='par_1_28' title="bbox 131 2743 1796 2817">
     <span class='ocr_line' id='line_1_28' title="bbox 131 2743 1796 2817; baseline 0 -18"><span class='ocrx_word' id='word_1_179' title='bbox 131 2750 267 2800; x_wconf 91' lang='lat' dir='ltr'><strong>star</strong></span> <span class='ocrx_word' id='word_1_180' title='bbox 303 2745 500 2802; x_wconf 68' lang='lat' dir='ltr'><strong>barbae</strong></span> <span class='ocrx_word' id='word_1_181' title='bbox 533 2745 701 2803; x_wconf 84' lang='lat' dir='ltr'><strong>valde</strong></span> <span class='ocrx_word' id='word_1_182' title='bbox 730 2746 916 2817; x_wconf 77' lang='lat' dir='ltr'><strong>longae</strong></span> <span class='ocrx_word' id='word_1_183' title='bbox 946 2762 1079 2803; x_wconf 89' lang='lat' dir='ltr'><strong>esse</strong></span> <span class='ocrx_word' id='word_1_184' title='bbox 1106 2746 1483 2811; x_wconf 89' lang='lat' dir='ltr'><strong>viderentur;</strong></span> <span class='ocrx_word' id='word_1_185' title='bbox 1513 2750 1571 2800; x_wconf 91' lang='lat' dir='ltr'><strong>et</strong></span> <span class='ocrx_word' id='word_1_186' title='bbox 1605 2743 1796 2801; x_wconf 86' lang='lat' dir='ltr'><strong>excla-</strong></span> 
     </span>
    </p>
   </div>
   <div class='ocr_carea' id='block_1_29' title="bbox 142 2833 1796 2907">
    <p class='ocr_par' dir='ltr' id='par_1_29' title="bbox 142 2833 1796 2907">
     <span class='ocr_line' id='line_1_29' title="bbox 142 2833 1796 2907; baseline 0 -20"><span class='ocrx_word' id='word_1_187' title='bbox 142 2839 458 2888; x_wconf 88' lang='lat' dir='ltr'><strong>maverunt</strong></span> <span class='ocrx_word' id='word_1_188' title='bbox 481 2849 681 2889; x_wconf 87' lang='lat' dir='ltr'><strong>omnes</strong></span> <span class='ocrx_word' id='word_1_189' title='bbox 699 2854 711 2889; x_wconf 90' lang='lat'><strong>:</strong></span> <span class='ocrx_word' id='word_1_190' title='bbox 729 2836 873 2893; x_wconf 70' lang='lat' dir='ltr'><strong>Haec</strong></span> <span class='ocrx_word' id='word_1_191' title='bbox 891 2836 983 2892; x_wconf 81' lang='lat' dir='ltr'><strong>est</strong></span> <span class='ocrx_word' id='word_1_192' title='bbox 988 2850 1138 2907; x_wconf 71' lang='lat' dir='ltr'><strong>gens</strong></span> <span class='ocrx_word' id='word_1_193' title='bbox 1160 2833 1699 2905; x_wconf 74' lang='lat' dir='ltr'><strong>Langobardorum.</strong></span> <span class='ocrx_word' id='word_1_194' title='bbox 1726 2834 1796 2888; x_wconf 87' lang='lat' dir='ltr'><strong>Et</strong></span> 
     </span>
    </p>
   </div>
   <div class='ocr_carea' id='block_1_30' title="bbox 146 2916 1798 2993">
    <p class='ocr_par' dir='ltr' id='par_1_30' title="bbox 146 2916 1798 2993">
     <span class='ocr_line' id='line_1_30' title="bbox 146 2916 1798 2993; baseline 0.001 -22"><span class='ocrx_word' id='word_1_195' title='bbox 146 2917 227 2972; x_wconf 91' lang='lat' dir='ltr'><strong>ita</strong></span> <span class='ocrx_word' id='word_1_196' title='bbox 267 2916 483 2975; x_wconf 88' lang='lat' dir='ltr'><strong>bellum</strong></span> <span class='ocrx_word' id='word_1_197' title='bbox 516 2918 738 2990; x_wconf 91' lang='lat' dir='ltr'><strong>ineunt,</strong></span> <span class='ocrx_word' id='word_1_198' title='bbox 769 2921 961 2976; x_wconf 85' lang='lat' dir='ltr'><strong>Hunos</strong></span> <span class='ocrx_word' id='word_1_199' title='bbox 990 2924 1291 2993; x_wconf 89' lang='lat' dir='ltr'><strong>superant,</strong></span> <span class='ocrx_word' id='word_1_200' title='bbox 1326 2924 1549 2991; x_wconf 88' lang='lat' dir='ltr'><strong>partem</strong></span> <span class='ocrx_word' id='word_1_201' title='bbox 1581 2920 1798 2974; x_wconf 88' lang='lat' dir='ltr'><strong>Panno-</strong></span> 
     </span>
    </p>
   </div>
   <div class='ocr_carea' id='block_1_31' title="bbox 137 3005 1797 3081">
    <p class='ocr_par' dir='ltr' id='par_1_31' title="bbox 137 3005 1797 3081">
     <span class='ocr_line' id='line_1_31' title="bbox 137 3005 1797 3081; baseline 0.002 -21"><span class='ocrx_word' id='word_1_202' title='bbox 137 3006 251 3061; x_wconf 68' lang='lat' dir='ltr'><strong>nizc</strong></span> <span class='ocrx_word' id='word_1_203' title='bbox 302 3005 604 3063; x_wconf 89' lang='lat' dir='ltr'><strong>invadunt.</strong></span> <span class='ocrx_word' id='word_1_204' title='bbox 642 3009 839 3065; x_wconf 90' lang='lat' dir='ltr'><strong>Narsis</strong></span> <span class='ocrx_word' id='word_1_205' title='bbox 867 3024 1008 3079; x_wconf 88' lang='lat' dir='ltr'><strong>ergo</strong></span> <span class='ocrx_word' id='word_1_206' title='bbox 1040 3010 1322 3081; x_wconf 88' lang='lat' dir='ltr'><strong>patricius</strong></span> <span class='ocrx_word' id='word_1_207' title='bbox 1351 3024 1479 3065; x_wconf 88' lang='lat' dir='ltr'><strong>cum</strong></span> <span class='ocrx_word' id='word_1_208' title='bbox 1511 3012 1668 3063; x_wconf 89' lang='lat' dir='ltr'><strong>esset</strong></span> <span class='ocrx_word' id='word_1_209' title='bbox 1699 3022 1797 3063; x_wconf 85' lang='lat' dir='ltr'><strong>eu-</strong></span> 
     </span>
    </p>
   </div>
   <div class='ocr_carea' id='block_1_32' title="bbox 140 3094 1798 3169">
    <p class='ocr_par' dir='ltr' id='par_1_32' title="bbox 140 3094 1798 3169">
     <span class='ocr_line' id='line_1_32' title="bbox 140 3094 1798 3169; baseline 0.002 -21"><span class='ocrx_word' id='word_1_210' title='bbox 140 3094 395 3165; x_wconf 91' lang='lat' dir='ltr'><strong>nuchus,</strong></span> <span class='ocrx_word' id='word_1_211' title='bbox 420 3100 480 3151; x_wconf 90' lang='lat' dir='ltr'><strong>et</strong></span> <span class='ocrx_word' id='word_1_212' title='bbox 503 3096 712 3167; x_wconf 89' lang='lat' dir='ltr'><strong>Sophia</strong></span> <span class='ocrx_word' id='word_1_213' title='bbox 735 3113 883 3154; x_wconf 85' lang='lat' dir='ltr'><strong>uxor</strong></span> <span class='ocrx_word' id='word_1_214' title='bbox 907 3098 1120 3155; x_wconf 87' lang='lat' dir='ltr'><strong>Iustini</strong></span> <span class='ocrx_word' id='word_1_215' title='bbox 1156 3097 1526 3169; x_wconf 87' lang='lat' dir='ltr'><strong>imperatoris</strong></span> <span class='ocrx_word' id='word_1_216' title='bbox 1556 3111 1798 3168; x_wconf 90' lang='lat' dir='ltr'><strong>appara-</strong></span> 
     </span>
    </p>
   </div>
   <div class='ocr_carea' id='block_1_33' title="bbox 136 3183 1798 3256">
    <p class='ocr_par' dir='ltr' id='par_1_33' title="bbox 136 3183 1798 3256">
     <span class='ocr_line' id='line_1_33' title="bbox 136 3183 1798 3256; baseline 0.001 -18"><span class='ocrx_word' id='word_1_217' title='bbox 136 3187 269 3239; x_wconf 88' lang='lat' dir='ltr'><strong>tum</strong></span> <span class='ocrx_word' id='word_1_218' title='bbox 305 3183 646 3241; x_wconf 90' lang='lat' dir='ltr'><strong>muliebrem</strong></span> <span class='ocrx_word' id='word_1_219' title='bbox 679 3201 752 3242; x_wconf 84' lang='lat' dir='ltr'><strong>ex</strong></span> <span class='ocrx_word' id='word_1_220' title='bbox 780 3201 923 3243; x_wconf 88' lang='lat' dir='ltr'><strong>auro</strong></span> <span class='ocrx_word' id='word_1_221' title='bbox 957 3188 1169 3243; x_wconf 81' lang='lat' dir='ltr'><strong>factum</strong></span> <span class='ocrx_word' id='word_1_222' title='bbox 1201 3187 1254 3242; x_wconf 92' lang='lat' dir='ltr'><strong>ei</strong></span> <span class='ocrx_word' id='word_1_223' title='bbox 1288 3187 1358 3241; x_wconf 88' lang='lat' dir='ltr'><strong>mi</strong></span> <span class='ocrx_word' id='word_1_224' title='bbox 1385 3191 1568 3256; x_wconf 81' lang='lat' dir='ltr'><strong>:isset,</strong></span> <span class='ocrx_word' id='word_1_225' title='bbox 1595 3190 1655 3241; x_wconf 90' lang='lat' dir='ltr'><strong>ut</strong></span> <span class='ocrx_word' id='word_1_226' title='bbox 1679 3184 1798 3240; x_wconf 78' lang='lat' dir='ltr'><strong>fila-</strong></span> 
     </span>
    </p>
   </div>
   <div class='ocr_carea' id='block_1_34' title="bbox 128 3272 1787 3347">
    <p class='ocr_par' dir='ltr' id='par_1_34' title="bbox 128 3272 1787 3347">
     <span class='ocr_line' id='line_1_34' title="bbox 128 3272 1787 3347; baseline 0.002 -21"><span class='ocrx_word' id='word_1_227' title='bbox 128 3276 220 3327; x_wconf 91' lang='lat' dir='ltr'><strong>ret</strong></span> <span class='ocrx_word' id='word_1_228' title='bbox 237 3276 297 3328; x_wconf 90' lang='lat' dir='ltr'><strong>et</strong></span> <span class='ocrx_word' id='word_1_229' title='bbox 318 3287 491 3343; x_wconf 92' lang='lat' dir='ltr'><strong>pensa</strong></span> <span class='ocrx_word' id='word_1_230' title='bbox 518 3272 873 3331; x_wconf 91' lang='lat' dir='ltr'><strong>lanariorum</strong></span> <span class='ocrx_word' id='word_1_231' title='bbox 897 3281 957 3331; x_wconf 90' lang='lat' dir='ltr'><strong>et</strong></span> <span class='ocrx_word' id='word_1_232' title='bbox 980 3292 1092 3332; x_wconf 90' lang='lat' dir='ltr'><strong>non</strong></span> <span class='ocrx_word' id='word_1_233' title='bbox 1117 3275 1389 3347; x_wconf 91' lang='lat' dir='ltr'><strong>populum</strong></span> <span class='ocrx_word' id='word_1_234' title='bbox 1414 3279 1666 3345; x_wconf 89' lang='lat' dir='ltr'><strong>regeret,</strong></span> <span class='ocrx_word' id='word_1_235' title='bbox 1688 3273 1787 3329; x_wconf 90' lang='lat' dir='ltr'><strong>ille</strong></span> 
     </span>
    </p>
   </div>
   <div class='ocr_carea' id='block_1_35' title="bbox 128 3361 1799 3437">
    <p class='ocr_par' dir='ltr' id='par_1_35' title="bbox 128 3361 1799 3437">
     <span class='ocr_line' id='line_1_35' title="bbox 128 3361 1799 3437; baseline 0.002 -22"><span class='ocrx_word' id='word_1_236' title='bbox 128 3361 327 3417; x_wconf 90' lang='lat' dir='ltr'><strong>iratus</strong></span> <span class='ocrx_word' id='word_1_237' title='bbox 353 3364 657 3433; x_wconf 88' lang='lat' dir='ltr'><strong>respondit</strong></span> <span class='ocrx_word' id='word_1_238' title='bbox 693 3382 705 3418; x_wconf 93' lang='lat'>:</span> <span class='ocrx_word' id='word_1_239' title='bbox 742 3365 954 3421; x_wconf 74' lang='lat' dir='ltr'><strong>Filabo</strong></span> <span class='ocrx_word' id='word_1_240' title='bbox 972 3367 1157 3437; x_wconf 71' lang='lat' dir='ltr'><strong>ﬁlum</strong></span> <span class='ocrx_word' id='word_1_241' title='bbox 1187 3365 1256 3421; x_wconf 77' lang='lat' dir='ltr'><strong>de</strong></span> <span class='ocrx_word' id='word_1_242' title='bbox 1283 3379 1397 3437; x_wconf 74' lang='lat' dir='ltr'><strong>quo</strong></span> <span class='ocrx_word' id='word_1_243' title='bbox 1424 3364 1706 3421; x_wconf 74' lang='lat' dir='ltr'><strong>Justinus</strong></span> <span class='ocrx_word' id='word_1_244' title='bbox 1739 3366 1799 3418; x_wconf 80' lang='lat' dir='ltr'><strong>et</strong></span> 
     </span>
    </p>
   </div>
   <div class='ocr_carea' id='block_1_36' title="bbox 133 3451 1793 3525">
    <p class='ocr_par' dir='ltr' id='par_1_36' title="bbox 133 3451 1793 3525">
     <span class='ocr_line' id='line_1_36' title="bbox 133 3451 1793 3525; baseline 0.001 -20"><span class='ocrx_word' id='word_1_245' title='bbox 133 3463 298 3506; x_wconf 70' lang='lat' dir='ltr'><strong>uxor</strong></span> <span class='ocrx_word' id='word_1_246' title='bbox 319 3452 449 3522; x_wconf 77' lang='lat' dir='ltr'><strong>ejus</strong></span> <span class='ocrx_word' id='word_1_247' title='bbox 460 3451 541 3508; x_wconf 83' lang='lat' dir='ltr'><strong>ad</strong></span> <span class='ocrx_word' id='word_1_248' title='bbox 551 3454 733 3524; x_wconf 73' lang='lat' dir='ltr'><strong>caput</strong></span> <span class='ocrx_word' id='word_1_249' title='bbox 746 3455 949 3510; x_wconf 79' lang='lat' dir='ltr'><strong>oeuz’re</strong></span> <span class='ocrx_word' id='word_1_250' title='bbox 969 3469 1086 3511; x_wconf 60' lang='grc' dir='ltr'><strong>ποθι</strong></span> <span class='ocrx_word' id='word_1_251' title='bbox 1100 3454 1381 3525; x_wconf 72' lang='lat' dir='ltr'><strong>poterunt</strong></span> <span class='ocrx_word' id='word_1_252' title='bbox 1400 3454 1592 3525; x_wconf 54' lang='lat' dir='ltr'><strong>[Pacta</strong></span> <span class='ocrx_word' id='word_1_253' title='bbox 1611 3453 1793 3523; x_wconf 65' lang='lat' dir='ltr'><strong>Duc]</strong></span> 
     </span>
    </p>
   </div>
   <div class='ocr_carea' id='block_1_37' title="bbox 134 3536 1797 3612">
    <p class='ocr_par' dir='ltr' id='par_1_37' title="bbox 134 3536 1797 3612">
     <span class='ocr_line' id='line_1_37' title="bbox 134 3536 1797 3612; baseline 0.002 -20"><span class='ocrx_word' id='word_1_254' title='bbox 134 3537 243 3594; x_wconf 82' lang='lat' dir='ltr'><strong>Hic</strong></span> <span class='ocrx_word' id='word_1_255' title='bbox 277 3536 348 3571; x_wconf 69' lang='grc'><strong>1⁸³</strong></span> <span class='ocrx_word' id='word_1_256' title='bbox 380 3539 624 3596; x_wconf 87' lang='lat' dir='ltr'><strong>Totilam</strong></span> <span class='ocrx_word' id='word_1_257' title='bbox 655 3541 969 3598; x_wconf 85' lang='lat' dir='ltr'><strong>Gothorum</strong></span> <span class='ocrx_word' id='word_1_258' title='bbox 1003 3557 1197 3612; x_wconf 87' lang='lat' dir='ltr'><strong>regem</strong></span> <span class='ocrx_word' id='word_1_259' title='bbox 1229 3541 1468 3611; x_wconf 89' lang='lat' dir='ltr'><strong>occidit,</strong></span> <span class='ocrx_word' id='word_1_260' title='bbox 1495 3542 1595 3598; x_wconf 93' lang='lat' dir='ltr'><strong>sed</strong></span> <span class='ocrx_word' id='word_1_261' title='bbox 1630 3556 1797 3597; x_wconf 90' lang='lat' dir='ltr'><strong>accu-</strong></span> 
     </span>
    </p>
   </div>
   <div class='ocr_carea' id='block_1_38' title="bbox 129 3627 1795 3700">
    <p class='ocr_par' dir='ltr' id='par_1_38' title="bbox 129 3627 1795 3700">
     <span class='ocr_line' id='line_1_38' title="bbox 129 3627 1795 3700; baseline 0.002 -20"><span class='ocrx_word' id='word_1_262' title='bbox 129 3629 299 3681; x_wconf 91' lang='lat' dir='ltr'><strong>satus</strong></span> <span class='ocrx_word' id='word_1_263' title='bbox 332 3641 436 3697; x_wconf 93' lang='lat' dir='ltr'><strong>per</strong></span> <span class='ocrx_word' id='word_1_264' title='bbox 465 3627 740 3684; x_wconf 84' lang='lat' dir='ltr'><strong>invidiam</strong></span> <span class='ocrx_word' id='word_1_265' title='bbox 786 3643 817 3684; x_wconf 91' lang='lat' dir='ltr'><strong>a</strong></span> <span class='ocrx_word' id='word_1_266' title='bbox 867 3631 1146 3687; x_wconf 79' lang='lat' dir='ltr'><strong>Romanis</strong></span> <span class='ocrx_word' id='word_1_267' title='bbox 1197 3630 1450 3687; x_wconf 66' lang='lat' dir='ltr'><strong>recessit</strong></span> <span class='ocrx_word' id='word_1_268' title='bbox 1500 3628 1795 3700; x_wconf 87' lang='lat' dir='ltr'><strong>Neapolim</strong></span> 
     </span>
    </p>
   </div>
   <div class='ocr_carea' id='block_1_39' title="bbox 128 3715 1798 3789">
    <p class='ocr_par' dir='ltr' id='par_1_39' title="bbox 128 3715 1798 3789">
     <span class='ocr_line' id='line_1_39' title="bbox 128 3715 1798 3789; baseline 0.004 -21"><span class='ocrx_word' id='word_1_269' title='bbox 128 3715 497 3786; x_wconf 63' lang='lat' dir='ltr'><strong>Campaniae.</strong></span> <span class='ocrx_word' id='word_1_270' title='bbox 527 3717 819 3789; x_wconf 59' lang='lat' dir='ltr'><strong>[Faenus]</strong></span> <span class='ocrx_word' id='word_1_271' title='bbox 850 3719 914 3773; x_wconf 86' lang='lat' dir='ltr'><strong>Et</strong></span> <span class='ocrx_word' id='word_1_272' title='bbox 950 3720 1358 3789; x_wconf 77' lang='lat' dir='ltr'><strong>Langobardos</strong></span> <span class='ocrx_word' id='word_1_273' title='bbox 1407 3734 1438 3775; x_wconf 89' lang='lat' dir='ltr'><strong>a</strong></span> <span class='ocrx_word' id='word_1_274' title='bbox 1489 3718 1798 3775; x_wconf 86' lang='lat' dir='ltr'><strong>Pannoniis</strong></span> 
     </span>
    </p>
   </div>
   <div class='ocr_carea' id='block_1_40' title="bbox 141 3801 1794 3877">
    <p class='ocr_par' dir='ltr' id='par_1_40' title="bbox 141 3801 1794 3877">
     <span class='ocr_line' id='line_1_40' title="bbox 141 3801 1794 3877; baseline 0.003 -21"><span class='ocrx_word' id='word_1_275' title='bbox 141 3801 400 3859; x_wconf 85' lang='lat' dir='ltr'><strong>invitans</strong></span> <span class='ocrx_word' id='word_1_276' title='bbox 432 3803 486 3859; x_wconf 92' lang='lat' dir='ltr'><strong>in</strong></span> <span class='ocrx_word' id='word_1_277' title='bbox 517 3804 738 3863; x_wconf 87' lang='lat' dir='ltr'><strong>Italiam</strong></span> <span class='ocrx_word' id='word_1_278' title='bbox 756 3821 886 3862; x_wconf 93' lang='lat' dir='ltr'><strong>cum</strong></span> <span class='ocrx_word' id='word_1_279' title='bbox 913 3821 1047 3875; x_wconf 87' lang='lat' dir='ltr'><strong>rege</strong></span> <span class='ocrx_word' id='word_1_280' title='bbox 1070 3806 1313 3862; x_wconf 73' lang='lat' dir='ltr'><strong>AlbOlﬂO</strong></span> <span class='ocrx_word' id='word_1_281' title='bbox 1333 3807 1679 3877; x_wconf 88' lang='lat' dir='ltr'><strong>introduxit,</strong></span> <span class='ocrx_word' id='word_1_282' title='bbox 1698 3807 1794 3877; x_wconf 88' lang='lat' dir='ltr'><strong>qui</strong></span> 
     </span>
    </p>
   </div>
   <div class='ocr_carea' id='block_1_41' title="bbox 142 3888 1797 3966">
    <p class='ocr_par' dir='ltr' id='par_1_41' title="bbox 142 3888 1797 3966">
     <span class='ocr_line' id='line_1_41' title="bbox 142 3888 1797 3966; baseline 0.003 -21"><span class='ocrx_word' id='word_1_283' title='bbox 142 3888 554 3948; x_wconf 88' lang='lat' dir='ltr'><strong>Glodesindam</strong></span> <span class='ocrx_word' id='word_1_284' title='bbox 588 3893 764 3950; x_wconf 66' lang='lat' dir='ltr'><strong>filiam</strong></span> <span class='ocrx_word' id='word_1_285' title='bbox 798 3894 1076 3950; x_wconf 89' lang='lat' dir='ltr'><strong>Clotharii</strong></span> <span class='ocrx_word' id='word_1_286' title='bbox 1111 3896 1268 3966; x_wconf 89' lang='lat' dir='ltr'><strong>regis</strong></span> <span class='ocrx_word' id='word_1_287' title='bbox 1299 3895 1573 3951; x_wconf 91' lang='lat' dir='ltr'><strong>Clodovei</strong></span> <span class='ocrx_word' id='word_1_288' title='bbox 1606 3906 1797 3964; x_wconf 74' lang='lat' dir='ltr'><strong>magni</strong></span> 
     </span>
    </p>
   </div>
   <div class='ocr_carea' id='block_1_42' title="bbox 132 3976 1801 4049">
    <p class='ocr_par' dir='ltr' id='par_1_42' title="bbox 132 3976 1801 4049">
     <span class='ocr_line' id='line_1_42' title="bbox 132 3976 1801 4049; baseline 0.004 -16"><span class='ocrx_word' id='word_1_289' title='bbox 132 3976 308 4035; x_wconf 88' lang='lat' dir='ltr'><strong>duxit</strong></span> <span class='ocrx_word' id='word_1_290' title='bbox 343 3994 609 4038; x_wconf 90' lang='lat' dir='ltr'><strong>uxorem.</strong></span> <span class='ocrx_word' id='word_1_291' title='bbox 645 3983 767 4049; x_wconf 86' lang='lat' dir='ltr'><strong>Qua</strong></span> <span class='ocrx_word' id='word_1_292' title='bbox 799 3981 865 4016; x_wconf 65' lang='grc'><strong>1⁸⁸</strong></span> <span class='ocrx_word' id='word_1_293' title='bbox 897 3984 1171 4040; x_wconf 83' lang='lat' dir='ltr'><strong>defuncta</strong></span> <span class='ocrx_word' id='word_1_294' title='bbox 1223 3982 1394 4039; x_wconf 88' lang='lat' dir='ltr'><strong>aliam</strong></span> <span class='ocrx_word' id='word_1_295' title='bbox 1446 3984 1612 4040; x_wconf 89' lang='lat' dir='ltr'><strong>duxit</strong></span> <span class='ocrx_word' id='word_1_296' title='bbox 1659 4000 1801 4040; x_wconf 87' lang='lat' dir='ltr'><strong>uxo-</strong></span> 
     </span>
    </p>
   </div>
   <div class='ocr_carea' id='block_1_43' title="bbox 135 4069 1797 4142">
    <p class='ocr_par' dir='ltr' id='par_1_43' title="bbox 135 4069 1797 4142">
     <span class='ocr_line' id='line_1_43' title="bbox 135 4069 1797 4142; baseline 0.002 -18"><span class='ocrx_word' id='word_1_297' title='bbox 135 4082 261 4124; x_wconf 88' lang='lat' dir='ltr'><strong>rem</strong></span> <span class='ocrx_word' id='word_1_298' title='bbox 292 4069 464 4140; x_wconf 89' lang='lat' dir='ltr'><strong>cujus</strong></span> <span class='ocrx_word' id='word_1_299' title='bbox 496 4077 739 4126; x_wconf 90' lang='lat' dir='ltr'><strong>matrem</strong></span> <span class='ocrx_word' id='word_1_300' title='bbox 772 4071 1093 4142; x_wconf 86' lang='lat' dir='ltr'><strong>occiderat,</strong></span> <span class='ocrx_word' id='word_1_301' title='bbox 1120 4086 1149 4127; x_wconf 92' lang='lat' dir='ltr'><strong>a</strong></span> <span class='ocrx_word' id='word_1_302' title='bbox 1183 4086 1294 4142; x_wconf 88' lang='lat' dir='ltr'><strong>qua</strong></span> <span class='ocrx_word' id='word_1_303' title='bbox 1327 4076 1386 4127; x_wconf 88' lang='lat' dir='ltr'><strong>et</strong></span> <span class='ocrx_word' id='word_1_304' title='bbox 1416 4071 1543 4142; x_wconf 92' lang='lat' dir='ltr'><strong>ipse</strong></span> <span class='ocrx_word' id='word_1_305' title='bbox 1577 4087 1797 4128; x_wconf 89' lang='lat' dir='ltr'><strong>veneno</strong></span> 
     </span>
    </p>
   </div>
   <div class='ocr_carea' id='block_1_44' title="bbox 142 4160 1798 4231">
    <p class='ocr_par' dir='ltr' id='par_1_44' title="bbox 142 4160 1798 4231">
     <span class='ocr_line' id='line_1_44' title="bbox 142 4160 1798 4231; baseline 0.001 -17"><span class='ocrx_word' id='word_1_306' title='bbox 142 4160 369 4228; x_wconf 91' lang='lat' dir='ltr'><strong>periit..</strong></span> <span class='ocrx_word' id='word_1_307' title='bbox 396 4160 497 4216; x_wconf 85' lang='lat' dir='ltr'><strong>Hic</strong></span> <span class='ocrx_word' id='word_1_308' title='bbox 519 4160 755 4231; x_wconf 88' lang='lat' dir='ltr'><strong>invasit,</strong></span> <span class='ocrx_word' id='word_1_309' title='bbox 793 4165 854 4216; x_wconf 89' lang='lat' dir='ltr'><strong>ut</strong></span> <span class='ocrx_word' id='word_1_310' title='bbox 889 4161 1110 4218; x_wconf 87' lang='lat' dir='ltr'><strong>dictum</strong></span> <span class='ocrx_word' id='word_1_311' title='bbox 1137 4167 1247 4229; x_wconf 91' lang='lat' dir='ltr'><strong>est,</strong></span> <span class='ocrx_word' id='word_1_312' title='bbox 1274 4161 1519 4231; x_wconf 88' lang='lat' dir='ltr'><strong>Italiam,</strong></span> <span class='ocrx_word' id='word_1_313' title='bbox 1544 4167 1602 4217; x_wconf 86' lang='lat' dir='ltr'><strong>et</strong></span> <span class='ocrx_word' id='word_1_314' title='bbox 1629 4164 1798 4218; x_wconf 90' lang='lat' dir='ltr'><strong>obse-</strong></span> 
     </span>
    </p>
   </div>
   <div class='ocr_carea' id='block_1_45' title="bbox 146 4245 1797 4318">
    <p class='ocr_par' dir='ltr' id='par_1_45' title="bbox 146 4245 1797 4318">
     <span class='ocr_line' id='line_1_45' title="bbox 146 4245 1797 4318; baseline -0.001 -16"><span class='ocrx_word' id='word_1_315' title='bbox 146 4245 256 4318; x_wconf 91' lang='lat' dir='ltr'><strong>dit,</strong></span> <span class='ocrx_word' id='word_1_316' title='bbox 273 4247 513 4302; x_wconf 85' lang='lat' dir='ltr'><strong>Romam</strong></span> <span class='ocrx_word' id='word_1_317' title='bbox 535 4247 904 4303; x_wconf 88' lang='lat' dir='ltr'><strong>vastavit.....</strong></span> <span class='ocrx_word' id='word_1_318' title='bbox 928 4247 1287 4317; x_wconf 88' lang='lat' dir='ltr'><strong>Langobardi</strong></span> <span class='ocrx_word' id='word_1_319' title='bbox 1312 4262 1453 4317; x_wconf 88' lang='lat' dir='ltr'><strong>ergo</strong></span> <span class='ocrx_word' id='word_1_320' title='bbox 1475 4247 1706 4304; x_wconf 89' lang='lat' dir='ltr'><strong>elevato</strong></span> <span class='ocrx_word' id='word_1_321' title='bbox 1729 4246 1797 4279; x_wconf 69' lang='grc'><strong>1⁸⁵</strong></span> 
     </span>
    </p>
   </div>
   <div class='ocr_carea' id='block_1_46' title="bbox 143 4334 1796 4407">
    <p class='ocr_par' dir='ltr' id='par_1_46' title="bbox 143 4334 1796 4407">
     <span class='ocr_line' id='line_1_46' title="bbox 143 4334 1796 4407; baseline 0.002 -20"><span class='ocrx_word' id='word_1_322' title='bbox 143 4347 285 4403; x_wconf 89' lang='lat' dir='ltr'><strong>rege</strong></span> <span class='ocrx_word' id='word_1_323' title='bbox 317 4349 499 4406; x_wconf 86' lang='lat' dir='ltr'><strong>super</strong></span> <span class='ocrx_word' id='word_1_324' title='bbox 527 4349 587 4391; x_wconf 92' lang='lat' dir='ltr'><strong>se</strong></span> <span class='ocrx_word' id='word_1_325' title='bbox 619 4335 757 4407; x_wconf 86' lang='lat' dir='ltr'><strong>Clyp</strong></span> <span class='ocrx_word' id='word_1_326' title='bbox 802 4335 1031 4392; x_wconf 90' lang='lat' dir='ltr'><strong>nomine</strong></span> <span class='ocrx_word' id='word_1_327' title='bbox 1064 4336 1357 4392; x_wconf 90' lang='lat' dir='ltr'><strong>irruentes</strong></span> <span class='ocrx_word' id='word_1_328' title='bbox 1390 4334 1796 4406; x_wconf 89' lang='lat' dir='ltr'><strong>Galliis,Ama-</strong></span> 
     </span>
    </p>
   </div>
   <div class='ocr_carea' id='block_1_47' title="bbox 144 4423 1788 4496">
    <p class='ocr_par' dir='ltr' id='par_1_47' title="bbox 144 4423 1788 4496">
     <span class='ocr_line' id='line_1_47' title="bbox 144 4423 1788 4496; baseline 0.003 -20"><span class='ocrx_word' id='word_1_329' title='bbox 144 4426 266 4478; x_wconf 88' lang='lat' dir='ltr'><strong>tum</strong></span> <span class='ocrx_word' id='word_1_330' title='bbox 290 4423 605 4495; x_wconf 78' lang='lat' dir='ltr'><strong>patricium</strong></span> <span class='ocrx_word' id='word_1_331' title='bbox 632 4424 922 4496; x_wconf 75' lang='lat' dir='ltr'><strong>perimunt</strong></span> <span class='ocrx_word' id='word_1_332' title='bbox 946 4429 1005 4481; x_wconf 88' lang='lat' dir='ltr'><strong>et</strong></span> <span class='ocrx_word' id='word_1_333' title='bbox 1040 4424 1253 4481; x_wconf 90' lang='lat' dir='ltr'><strong>multas</strong></span> <span class='ocrx_word' id='word_1_334' title='bbox 1288 4428 1518 4494; x_wconf 89' lang='lat' dir='ltr'><strong>strages</strong></span> <span class='ocrx_word' id='word_1_335' title='bbox 1550 4425 1788 4495; x_wconf 81' lang='lat' dir='ltr'><strong>faciunt,</strong></span> 
     </span>
    </p>
   </div>
   <div class='ocr_carea' id='block_1_48' title="bbox 142 4511 1552 4583">
    <p class='ocr_par' dir='ltr' id='par_1_48' title="bbox 142 4511 1552 4583">
     <span class='ocr_line' id='line_1_48' title="bbox 142 4511 1552 4583; baseline 0.001 -19"><span class='ocrx_word' id='word_1_336' title='bbox 142 4522 252 4577; x_wconf 94' lang='lat' dir='ltr'><strong>pro</strong></span> <span class='ocrx_word' id='word_1_337' title='bbox 280 4524 399 4581; x_wconf 91' lang='lat' dir='ltr'><strong>quo</strong></span> <span class='ocrx_word' id='word_1_338' title='bbox 433 4511 777 4567; x_wconf 88' lang='lat' dir='ltr'><strong>Mummolus</strong></span> <span class='ocrx_word' id='word_1_339' title='bbox 810 4511 1186 4583; x_wconf 75' lang='lat' dir='ltr'><strong>patriciatum</strong></span> <span class='ocrx_word' id='word_1_340' title='bbox 1220 4511 1552 4583; x_wconf 88' lang='lat' dir='ltr'><strong>assumpsit.</strong></span> 
     </span>
    </p>
   </div>
   <div class='ocr_carea' id='block_1_49' title="bbox 1825 1887 1881 1948">
    <p class='ocr_par' dir='ltr' id='par_1_49' title="bbox 1825 1887 1881 1948">
     <span class='ocr_line' id='line_1_49' title="bbox 1825 1887 1881 1948; baseline 0 0"><span class='ocrx_word' id='word_1_341' title='bbox 1825 1887 1881 1948; x_wconf 95' lang='lat' dir='ltr'><strong>B</strong></span> 
     </span>
    </p>
   </div>
   <div class='ocr_carea' id='block_1_50' title="bbox 1916 617 3568 691">
    <p class='ocr_par' dir='ltr' id='par_1_50' title="bbox 1916 617 3568 691">
     <span class='ocr_line' id='line_1_50' title="bbox 1916 617 3568 691; baseline 0.002 -20"><span class='ocrx_word' id='word_1_342' title='bbox 1916 617 2109 673; x_wconf 89' lang='lat' dir='ltr'><strong>sauris</strong></span> <span class='ocrx_word' id='word_1_343' title='bbox 2136 623 2193 673; x_wconf 92' lang='lat' dir='ltr'><strong>et</strong></span> <span class='ocrx_word' id='word_1_344' title='bbox 2229 621 2555 691; x_wconf 87' lang='lat' dir='ltr'><strong>segregatis</strong></span> <span class='ocrx_word' id='word_1_345' title='bbox 2578 622 2651 677; x_wconf 91' lang='lat' dir='ltr'><strong>ab</strong></span> <span class='ocrx_word' id='word_1_346' title='bbox 2673 633 2741 677; x_wconf 90' lang='lat' dir='ltr'><strong>ea</strong></span> <span class='ocrx_word' id='word_1_347' title='bbox 2766 618 2983 691; x_wconf 90' lang='lat' dir='ltr'><strong>pueris,</strong></span> <span class='ocrx_word' id='word_1_348' title='bbox 3018 618 3074 673; x_wconf 89' lang='lat' dir='ltr'><strong>in</strong></span> <span class='ocrx_word' id='word_1_349' title='bbox 3096 618 3363 675; x_wconf 90' lang='lat' dir='ltr'><strong>custodia</strong></span> <span class='ocrx_word' id='word_1_350' title='bbox 3387 618 3568 687; x_wconf 84' lang='lat' dir='ltr'><strong>jussit</strong></span> 
     </span>
    </p>
   </div>
   <div class='ocr_carea' id='block_1_51' title="bbox 1916 705 3563 779">
    <p class='ocr_par' dir='ltr' id='par_1_51' title="bbox 1916 705 3563 779">
     <span class='ocr_line' id='line_1_51' title="bbox 1916 705 3563 779; baseline 0.002 -20"><span class='ocrx_word' id='word_1_351' title='bbox 1916 705 2162 761; x_wconf 89' lang='lat' dir='ltr'><strong>retrudi.</strong></span> <span class='ocrx_word' id='word_1_352' title='bbox 2199 709 2575 767; x_wconf 80' lang='lat' dir='ltr'><strong>Iustinianum</strong></span> <span class='ocrx_word' id='word_1_353' title='bbox 2598 709 2970 779; x_wconf 87' lang='lat' dir='ltr'><strong>objurgatum</strong></span> <span class='ocrx_word' id='word_1_354' title='bbox 2996 706 3179 763; x_wconf 91' lang='lat' dir='ltr'><strong>multo</strong></span> <span class='ocrx_word' id='word_1_355' title='bbox 3195 707 3563 777; x_wconf 89' lang='lat' dir='ltr'><strong>postmodum</strong></span> 
     </span>
    </p>
   </div>
   <div class='ocr_carea' id='block_1_52' title="bbox 1916 796 3491 852">
    <p class='ocr_par' dir='ltr' id='par_1_52' title="bbox 1916 796 3491 852">
     <span class='ocr_line' id='line_1_52' title="bbox 1916 796 3491 852; baseline 0.01 -4"><span class='ocrx_word' id='word_1_356' title='bbox 1916 807 2113 849; x_wconf 92' lang='lat' dir='ltr'><strong>amore</strong></span> <span class='ocrx_word' id='word_1_357' title='bbox 2155 796 2384 852; x_wconf 86' lang='lat' dir='ltr'><strong>dilexit.</strong></span> <span class='ocrx_word' id='word_1_358' title='bbox 3488 828 3491 831; x_wconf 94' lang='grc'>·</span> 
     </span>
    </p>
   </div>
   <div class='ocr_carea' id='block_1_53' title="bbox 1986 881 3568 956">
    <p class='ocr_par' dir='ltr' id='par_1_53' title="bbox 1986 881 3568 956">
     <span class='ocr_line' id='line_1_53' title="bbox 1986 881 3568 956; baseline 0.001 -16"><span class='ocrx_word' id='word_1_359' title='bbox 1986 881 2266 955; x_wconf 67' lang='grc' dir='ltr'><strong>[θεειαρ.</strong></span> <span class='ocrx_word' id='word_1_360' title='bbox 2302 887 2402 955; x_wconf 79' lang='lat' dir='ltr'><strong>R.)</strong></span> <span class='ocrx_word' id='word_1_361' title='bbox 2425 888 2567 943; x_wconf 86' lang='lat' dir='ltr'><strong>Post</strong></span> <span class='ocrx_word' id='word_1_362' title='bbox 2586 887 2903 943; x_wconf 90' lang='lat' dir='ltr'><strong>Iohannem</strong></span> <span class='ocrx_word' id='word_1_363' title='bbox 2930 898 3133 956; x_wconf 90' lang='lat' dir='ltr'><strong>papem</strong></span> <span class='ocrx_word' id='word_1_364' title='bbox 3160 897 3329 954; x_wconf 88' lang='lat' dir='ltr'><strong>quem</strong></span> <span class='ocrx_word' id='word_1_365' title='bbox 3353 885 3568 942; x_wconf 90' lang='lat' dir='ltr'><strong>Teode-</strong></span> 
     </span>
    </p>
   </div>
   <div class='ocr_carea' id='block_1_54' title="bbox 1916 969 3566 1044">
    <p class='ocr_par' dir='ltr' id='par_1_54' title="bbox 1916 969 3566 1044">
     <span class='ocr_line' id='line_1_54' title="bbox 1916 969 3566 1044; baseline 0.003 -20"><span class='ocrx_word' id='word_1_366' title='bbox 1916 969 2079 1027; x_wconf 89' lang='lat' dir='ltr'><strong>ricus</strong></span> <span class='ocrx_word' id='word_1_367' title='bbox 2123 987 2224 1028; x_wconf 87' lang='lat' dir='ltr'><strong>rex</strong></span> <span class='ocrx_word' id='word_1_368' title='bbox 2271 975 2529 1031; x_wconf 90' lang='lat' dir='ltr'><strong>carceris</strong></span> <span class='ocrx_word' id='word_1_369' title='bbox 2576 975 2892 1031; x_wconf 80' lang='lat' dir='ltr'><strong>afﬂictione</strong></span> <span class='ocrx_word' id='word_1_370' title='bbox 2931 974 3202 1044; x_wconf 86' lang='lat' dir='ltr'><strong>peremit,</strong></span> <span class='ocrx_word' id='word_1_371' title='bbox 3251 972 3431 1043; x_wconf 73' lang='lat' dir='ltr'><strong>Felix,</strong></span> <span class='ocrx_word' id='word_1_372' title='bbox 3466 988 3566 1029; x_wconf 89' lang='lat' dir='ltr'><strong>na-</strong></span> 
     </span>
    </p>
   </div>
   <div class='ocr_carea' id='block_1_55' title="bbox 1912 1058 3564 1133">
    <p class='ocr_par' dir='ltr' id='par_1_55' title="bbox 1912 1058 3564 1133">
     <span class='ocr_line' id='line_1_55' title="bbox 1912 1058 3564 1133; baseline 0.005 -23"><span class='ocrx_word' id='word_1_373' title='bbox 1912 1058 2073 1114; x_wconf 89' lang='lat' dir='ltr'><strong>tione</strong></span> <span class='ocrx_word' id='word_1_374' title='bbox 2088 1062 2368 1131; x_wconf 76' lang='lat' dir='ltr'><strong>Samnitis,</strong></span> <span class='ocrx_word' id='word_1_375' title='bbox 2391 1070 2556 1133; x_wconf 92' lang='lat' dir='ltr'><strong>patre</strong></span> <span class='ocrx_word' id='word_1_376' title='bbox 2572 1062 2859 1130; x_wconf 90' lang='lat' dir='ltr'><strong>Castorio,</strong></span> <span class='ocrx_word' id='word_1_377' title='bbox 2890 1062 3041 1118; x_wconf 88' lang='lat' dir='ltr'><strong>sedit</strong></span> <span class='ocrx_word' id='word_1_378' title='bbox 3067 1075 3117 1117; x_wconf 89' lang='lat' dir='ltr'><strong>a.</strong></span> <span class='ocrx_word' id='word_1_379' title='bbox 3137 1063 3169 1115; x_wconf 95' lang='lat'><strong>4</strong></span> <span class='ocrx_word' id='word_1_380' title='bbox 3193 1075 3266 1115; x_wconf 91' lang='lat' dir='ltr'><strong>m.</strong></span> <span class='ocrx_word' id='word_1_381' title='bbox 3292 1064 3349 1130; x_wconf 96' lang='lat'><strong>2,</strong></span> <span class='ocrx_word' id='word_1_382' title='bbox 3374 1061 3429 1117; x_wconf 99' lang='grc'><strong>(1.</strong></span> <span class='ocrx_word' id='word_1_383' title='bbox 3478 1064 3564 1133; x_wconf 85' lang='grc'><strong>13,</strong></span> 
     </span>
    </p>
   </div>
   <div class='ocr_carea' id='block_1_56' title="bbox 1915 1146 3566 1220">
    <p class='ocr_par' dir='ltr' id='par_1_56' title="bbox 1915 1146 3566 1220">
     <span class='ocr_line' id='line_1_56' title="bbox 1915 1146 3566 1220; baseline 0.004 -21"><span class='ocrx_word' id='word_1_384' title='bbox 1915 1146 2055 1201; x_wconf 91' lang='lat' dir='ltr'><strong>Post</strong></span> <span class='ocrx_word' id='word_1_385' title='bbox 2081 1162 2211 1205; x_wconf 91' lang='lat' dir='ltr'><strong>eum</strong></span> <span class='ocrx_word' id='word_1_386' title='bbox 2246 1151 2575 1207; x_wconf 84' lang='lat' dir='ltr'><strong>Bonifacius</strong></span> <span class='ocrx_word' id='word_1_387' title='bbox 2608 1152 2923 1206; x_wconf 90' lang='lat' dir='ltr'><strong>Romanus.</strong></span> <span class='ocrx_word' id='word_1_388' title='bbox 2960 1154 3125 1220; x_wconf 89' lang='lat' dir='ltr'><strong>patre</strong></span> <span class='ocrx_word' id='word_1_389' title='bbox 3160 1147 3444 1217; x_wconf 69' lang='lat' dir='ltr'><strong>Praejecto</strong></span> <span class='ocrx_word' id='word_1_390' title='bbox 3494 1150 3566 1206; x_wconf 90' lang='lat' dir='ltr'><strong>de</strong></span> 
     </span>
    </p>
   </div>
   <div class='ocr_carea' id='block_1_57' title="bbox 1917 1234 3566 1308">
    <p class='ocr_par' dir='ltr' id='par_1_57' title="bbox 1917 1234 3566 1308">
     <span class='ocr_line' id='line_1_57' title="bbox 1917 1234 3566 1308; baseline 0.004 -21"><span class='ocrx_word' id='word_1_391' title='bbox 1917 1234 2074 1289; x_wconf 91' lang='lat' dir='ltr'><strong>Celio</strong></span> <span class='ocrx_word' id='word_1_392' title='bbox 2107 1242 2318 1305; x_wconf 89' lang='lat' dir='ltr'><strong>monte,</strong></span> <span class='ocrx_word' id='word_1_393' title='bbox 2352 1253 2402 1294; x_wconf 92' lang='lat' dir='ltr'><strong>a.</strong></span> <span class='ocrx_word' id='word_1_394' title='bbox 2435 1245 2486 1308; x_wconf 89' lang='lat'><strong>2,</strong></span> <span class='ocrx_word' id='word_1_395' title='bbox 2524 1255 2600 1294; x_wconf 91' lang='lat' dir='ltr'><strong>m.</strong></span> <span class='ocrx_word' id='word_1_396' title='bbox 2635 1243 2684 1305; x_wconf 97' lang='lat'><strong>4,</strong></span> <span class='ocrx_word' id='word_1_397' title='bbox 2719 1239 2773 1294; x_wconf 94' lang='lat' dir='ltr'><strong>d.</strong></span> <span class='ocrx_word' id='word_1_398' title='bbox 2807 1242 2858 1293; x_wconf 94' lang='lat'><strong>6.</strong></span> <span class='ocrx_word' id='word_1_399' title='bbox 2904 1238 3196 1293; x_wconf 91' lang='lat' dir='ltr'><strong>Iohannes</strong></span> <span class='ocrx_word' id='word_1_400' title='bbox 3237 1235 3323 1291; x_wconf 68' lang='lat'><strong>1“.</strong></span> <span class='ocrx_word' id='word_1_401' title='bbox 3370 1237 3467 1307; x_wconf 89' lang='lat' dir='ltr'><strong>qui</strong></span> <span class='ocrx_word' id='word_1_402' title='bbox 3507 1243 3566 1294; x_wconf 91' lang='lat' dir='ltr'><strong>et</strong></span> 
     </span>
    </p>
   </div>
   <div class='ocr_carea' id='block_1_58' title="bbox 1915 1319 3561 1396">
    <p class='ocr_par' dir='ltr' id='par_1_58' title="bbox 1915 1319 3561 1396">
     <span class='ocr_line' id='line_1_58' title="bbox 1915 1319 3561 1396; baseline 0.004 -21"><span class='ocrx_word' id='word_1_403' title='bbox 1915 1321 2117 1378; x_wconf 82' lang='lat' dir='ltr'><strong>Martia</strong></span> <span class='ocrx_word' id='word_1_404' title='bbox 2146 1340 2212 1394; x_wconf 87' lang='lat' dir='ltr'><strong>IS,</strong></span> <span class='ocrx_word' id='word_1_405' title='bbox 2250 1332 2376 1396; x_wconf 89' lang='lat' dir='ltr'><strong>post</strong></span> <span class='ocrx_word' id='word_1_406' title='bbox 2428 1319 2781 1384; x_wconf 79' lang='lat' dir='ltr'><strong>Bonifacium</strong></span> <span class='ocrx_word' id='word_1_407' title='bbox 2830 1327 2982 1382; x_wconf 89' lang='lat' dir='ltr'><strong>sedit</strong></span> <span class='ocrx_word' id='word_1_408' title='bbox 3023 1325 3189 1381; x_wconf 91' lang='lat' dir='ltr'><strong>annis</strong></span> <span class='ocrx_word' id='word_1_409' title='bbox 3216 1329 3270 1393; x_wconf 90' lang='lat'><strong>2,</strong></span> <span class='ocrx_word' id='word_1_410' title='bbox 3308 1340 3379 1380; x_wconf 91' lang='lat' dir='ltr'><strong>m.</strong></span> <span class='ocrx_word' id='word_1_411' title='bbox 3416 1328 3466 1381; x_wconf 88' lang='lat'><strong>4.</strong></span> <span class='ocrx_word' id='word_1_412' title='bbox 3505 1327 3561 1383; x_wconf 85' lang='grc'><strong>(1.</strong></span> 
     </span>
    </p>
   </div>
   <div class='ocr_carea' id='block_1_59' title="bbox 1915 1412 3557 1486">
    <p class='ocr_par' dir='ltr' id='par_1_59' title="bbox 1915 1412 3557 1486">
     <span class='ocr_line' id='line_1_59' title="bbox 1915 1412 3557 1486; baseline 0.002 -20"><span class='ocrx_word' id='word_1_413' title='bbox 1915 1415 1967 1481; x_wconf 89' lang='lat'><strong>6,</strong></span> <span class='ocrx_word' id='word_1_414' title='bbox 2001 1413 2142 1467; x_wconf 90' lang='lat' dir='ltr'><strong>obiit</strong></span> <span class='ocrx_word' id='word_1_415' title='bbox 2161 1418 2194 1469; x_wconf 88' lang='lat'><strong>6</strong></span> <span class='ocrx_word' id='word_1_416' title='bbox 2219 1415 2481 1472; x_wconf 85' lang='lat' dir='ltr'><strong>Kal.Iun.</strong></span> <span class='ocrx_word' id='word_1_417' title='bbox 2501 1422 2558 1472; x_wconf 92' lang='lat' dir='ltr'><strong>et</strong></span> <span class='ocrx_word' id='word_1_418' title='bbox 2584 1416 2838 1473; x_wconf 81' lang='lat' dir='ltr'><strong>cessavit</strong></span> <span class='ocrx_word' id='word_1_419' title='bbox 2867 1415 3243 1486; x_wconf 88' lang='lat' dir='ltr'><strong>episcopatus</strong></span> <span class='ocrx_word' id='word_1_420' title='bbox 3268 1412 3477 1471; x_wconf 89' lang='lat' dir='ltr'><strong>diebus</strong></span> <span class='ocrx_word' id='word_1_421' title='bbox 3502 1420 3557 1470; x_wconf 70' lang='grc' dir='ltr'><strong>ὅ.</strong></span> 
     </span>
    </p>
   </div>
   <div class='ocr_carea' id='block_1_60' title="bbox 1913 1502 3560 1575">
    <p class='ocr_par' dir='ltr' id='par_1_60' title="bbox 1913 1502 3560 1575">
     <span class='ocr_line' id='line_1_60' title="bbox 1913 1502 3560 1575; baseline 0.003 -21"><span class='ocrx_word' id='word_1_422' title='bbox 1913 1505 1968 1554; x_wconf 91' lang='lat' dir='ltr'><strong>et</strong></span> <span class='ocrx_word' id='word_1_423' title='bbox 2002 1503 2287 1558; x_wconf 88' lang='lat' dir='ltr'><strong>successit</strong></span> <span class='ocrx_word' id='word_1_424' title='bbox 2316 1504 2367 1559; x_wconf 91' lang='lat' dir='ltr'><strong>ei</strong></span> <span class='ocrx_word' id='word_1_425' title='bbox 2404 1506 2684 1575; x_wconf 79' lang='lat' dir='ltr'><strong>Agapitus</strong></span> <span class='ocrx_word' id='word_1_426' title='bbox 2724 1506 3031 1571; x_wconf 90' lang='lat' dir='ltr'><strong>Romanus,</strong></span> <span class='ocrx_word' id='word_1_427' title='bbox 3068 1507 3235 1574; x_wconf 88' lang='lat' dir='ltr'><strong>patre</strong></span> <span class='ocrx_word' id='word_1_428' title='bbox 3267 1502 3560 1559; x_wconf 89' lang='lat' dir='ltr'><strong>Gordiano</strong></span> 
     </span>
    </p>
   </div>
   <div class='ocr_carea' id='block_1_61' title="bbox 1912 1590 3559 1663">
    <p class='ocr_par' dir='ltr' id='par_1_61' title="bbox 1912 1590 3559 1663">
     <span class='ocr_line' id='line_1_61' title="bbox 1912 1590 3559 1663; baseline 0.004 -22"><span class='ocrx_word' id='word_1_429' title='bbox 1912 1590 2277 1660; x_wconf 87' lang='lat' dir='ltr'><strong>presbytero,</strong></span> <span class='ocrx_word' id='word_1_430' title='bbox 2314 1607 2387 1647; x_wconf 90' lang='lat' dir='ltr'><strong>m.</strong></span> <span class='ocrx_word' id='word_1_431' title='bbox 2423 1596 2506 1663; x_wconf 88' lang='lat'><strong>11,</strong></span> <span class='ocrx_word' id='word_1_432' title='bbox 2543 1593 2596 1649; x_wconf 92' lang='lat' dir='ltr'><strong>d.</strong></span> <span class='ocrx_word' id='word_1_433' title='bbox 2636 1598 2720 1650; x_wconf 88' lang='lat'><strong>19.</strong></span> <span class='ocrx_word' id='word_1_434' title='bbox 2758 1594 2912 1647; x_wconf 90' lang='lat' dir='ltr'><strong>[nter</strong></span> <span class='ocrx_word' id='word_1_435' title='bbox 2946 1591 3253 1661; x_wconf 87' lang='lat' dir='ltr'><strong>Agapitum</strong></span> <span class='ocrx_word' id='word_1_436' title='bbox 3287 1595 3346 1646; x_wconf 91' lang='lat' dir='ltr'><strong>et</strong></span> <span class='ocrx_word' id='word_1_437' title='bbox 3380 1591 3559 1649; x_wconf 88' lang='lat' dir='ltr'><strong>Silve-</strong></span> 
     </span>
    </p>
   </div>
   <div class='ocr_carea' id='block_1_62' title="bbox 1912 1674 3558 1751">
    <p class='ocr_par' dir='ltr' id='par_1_62' title="bbox 1912 1674 3558 1751">
     <span class='ocr_line' id='line_1_62' title="bbox 1912 1674 3558 1751; baseline 0.004 -22"><span class='ocrx_word' id='word_1_438' title='bbox 1912 1674 2058 1731; x_wconf 88' lang='lat' dir='ltr'><strong>rium</strong></span> <span class='ocrx_word' id='word_1_439' title='bbox 2091 1677 2145 1732; x_wconf 94' lang='lat' dir='ltr'><strong>d.</strong></span> <span class='ocrx_word' id='word_1_440' title='bbox 2188 1681 2274 1734; x_wconf 88' lang='lat'><strong>29.</strong></span> <span class='ocrx_word' id='word_1_441' title='bbox 2327 1680 2609 1736; x_wconf 87' lang='lat' dir='ltr'><strong>Silverius</strong></span> <span class='ocrx_word' id='word_1_442' title='bbox 2659 1682 3005 1751; x_wconf 88' lang='lat' dir='ltr'><strong>Campanus,</strong></span> <span class='ocrx_word' id='word_1_443' title='bbox 3054 1685 3219 1751; x_wconf 88' lang='lat' dir='ltr'><strong>patre</strong></span> <span class='ocrx_word' id='word_1_444' title='bbox 3270 1679 3558 1751; x_wconf 85' lang='lat' dir='ltr'><strong>Ormisda,</strong></span> 
     </span>
    </p>
   </div>
   <div class='ocr_carea' id='block_1_63' title="bbox 1909 1765 3558 1839">
    <p class='ocr_par' dir='ltr' id='par_1_63' title="bbox 1909 1765 3558 1839">
     <span class='ocr_line' id='line_1_63' title="bbox 1909 1765 3558 1839; baseline 0.003 -21"><span class='ocrx_word' id='word_1_445' title='bbox 1909 1765 2222 1837; x_wconf 90' lang='lat' dir='ltr'><strong>episcopus</strong></span> <span class='ocrx_word' id='word_1_446' title='bbox 2275 1768 2468 1824; x_wconf 56' lang='lat' dir='ltr'><strong>Romae</strong></span> <span class='ocrx_word' id='word_1_447' title='bbox 2512 1785 2563 1825; x_wconf 90' lang='lat' dir='ltr'><strong>a.</strong></span> <span class='ocrx_word' id='word_1_448' title='bbox 2606 1773 2654 1839; x_wconf 91' lang='lat'><strong>1,</strong></span> <span class='ocrx_word' id='word_1_449' title='bbox 2694 1784 2763 1824; x_wconf 88' lang='lat' dir='ltr'><strong>m.</strong></span> <span class='ocrx_word' id='word_1_450' title='bbox 2802 1773 2851 1835; x_wconf 76' lang='lat'><strong>5,</strong></span> <span class='ocrx_word' id='word_1_451' title='bbox 2884 1767 2938 1823; x_wconf 92' lang='grc'><strong>(1.</strong></span> <span class='ocrx_word' id='word_1_452' title='bbox 2976 1771 3059 1824; x_wconf 85' lang='grc'><strong>11.</strong></span> <span class='ocrx_word' id='word_1_453' title='bbox 3097 1769 3260 1822; x_wconf 84' lang='lat' dir='ltr'><strong>Anno</strong></span> <span class='ocrx_word' id='word_1_454' title='bbox 3308 1767 3381 1823; x_wconf 91' lang='lat' dir='ltr'><strong>ab</strong></span> <span class='ocrx_word' id='word_1_455' title='bbox 3442 1767 3558 1823; x_wconf 91' lang='lat' dir='ltr'><strong>inc.</strong></span> 
     </span>
    </p>
   </div>
   <div class='ocr_carea' id='block_1_64' title="bbox 1910 1852 3560 1926">
    <p class='ocr_par' dir='ltr' id='par_1_64' title="bbox 1910 1852 3560 1926">
     <span class='ocr_line' id='line_1_64' title="bbox 1910 1852 3560 1926; baseline 0.002 -20"><span class='ocrx_word' id='word_1_456' title='bbox 1910 1852 2070 1909; x_wconf 90' lang='lat' dir='ltr'><strong>Dom.</strong></span> <span class='ocrx_word' id='word_1_457' title='bbox 2121 1858 2241 1926; x_wconf 76' lang='lat'><strong>538,</strong></span> <span class='ocrx_word' id='word_1_458' title='bbox 2296 1856 2613 1913; x_wconf 90' lang='lat' dir='ltr'><strong>indictione</strong></span> <span class='ocrx_word' id='word_1_459' title='bbox 2664 1864 2712 1912; x_wconf 94' lang='lat'><strong>1.</strong></span> <span class='ocrx_word' id='word_1_460' title='bbox 2749 1856 2996 1925; x_wconf 88' lang='lat' dir='ltr'><strong>Vigilius</strong></span> <span class='ocrx_word' id='word_1_461' title='bbox 3042 1856 3356 1925; x_wconf 89' lang='lat' dir='ltr'><strong>Romanus,</strong></span> <span class='ocrx_word' id='word_1_462' title='bbox 3393 1858 3560 1926; x_wconf 91' lang='lat' dir='ltr'><strong>patre</strong></span> 
     </span>
    </p>
   </div>
   <div class='ocr_carea' id='block_1_65' title="bbox 1908 1941 3558 2014">
    <p class='ocr_par' dir='ltr' id='par_1_65' title="bbox 1908 1941 3558 2014">
     <span class='ocr_line' id='line_1_65' title="bbox 1908 1941 3558 2014; baseline 0.002 -19"><span class='ocrx_word' id='word_1_463' title='bbox 1908 1941 2165 1997; x_wconf 89' lang='lat' dir='ltr'><strong>Iohanne</strong></span> <span class='ocrx_word' id='word_1_464' title='bbox 2193 1943 2455 2013; x_wconf 91' lang='lat' dir='ltr'><strong>consule,</strong></span> <span class='ocrx_word' id='word_1_465' title='bbox 2492 1958 2542 2000; x_wconf 90' lang='lat' dir='ltr'><strong>a.</strong></span> <span class='ocrx_word' id='word_1_466' title='bbox 2589 1949 2673 2013; x_wconf 62' lang='lat'><strong>16,</strong></span> <span class='ocrx_word' id='word_1_467' title='bbox 2709 1959 2779 1998; x_wconf 93' lang='lat' dir='ltr'><strong>m.</strong></span> <span class='ocrx_word' id='word_1_468' title='bbox 2815 1947 2867 2011; x_wconf 90' lang='lat'><strong>6,</strong></span> <span class='ocrx_word' id='word_1_469' title='bbox 2904 1942 2958 1997; x_wconf 87' lang='grc'><strong>(1.</strong></span> <span class='ocrx_word' id='word_1_470' title='bbox 2995 1946 3082 1998; x_wconf 88' lang='lat'><strong>26.</strong></span> <span class='ocrx_word' id='word_1_471' title='bbox 3120 1944 3281 1998; x_wconf 84' lang='lat' dir='ltr'><strong>Anno</strong></span> <span class='ocrx_word' id='word_1_472' title='bbox 3312 1941 3379 1975; x_wconf 79' lang='grc'><strong>¹⁸⁷</strong></span> <span class='ocrx_word' id='word_1_473' title='bbox 3414 1958 3558 2014; x_wconf 70' lang='lat' dir='ltr'><strong>prae-</strong></span> 
     </span>
    </p>
   </div>
   <div class='ocr_carea' id='block_1_66' title="bbox 1910 2028 3551 2103">
    <p class='ocr_par' dir='ltr' id='par_1_66' title="bbox 1910 2028 3551 2103">
     <span class='ocr_line' id='line_1_66' title="bbox 1910 2028 3551 2103; baseline 0.002 -19"><span class='ocrx_word' id='word_1_474' title='bbox 1910 2028 2138 2085; x_wconf 89' lang='lat' dir='ltr'><strong>sulatus</strong></span> <span class='ocrx_word' id='word_1_475' title='bbox 2167 2045 2329 2103; x_wconf 74' lang='lat' dir='ltr'><strong>papae</strong></span> <span class='ocrx_word' id='word_1_476' title='bbox 2360 2031 2551 2101; x_wconf 89' lang='lat' dir='ltr'><strong>Vigilii</strong></span> <span class='ocrx_word' id='word_1_477' title='bbox 2586 2036 2672 2103; x_wconf 88' lang='lat'><strong>14,</strong></span> <span class='ocrx_word' id='word_1_478' title='bbox 2698 2031 3018 2088; x_wconf 88' lang='lat' dir='ltr'><strong>indictione</strong></span> <span class='ocrx_word' id='word_1_479' title='bbox 3044 2033 3128 2101; x_wconf 90' lang='lat'><strong>14,</strong></span> <span class='ocrx_word' id='word_1_480' title='bbox 3151 2044 3301 2086; x_wconf 89' lang='lat' dir='ltr'><strong>anno</strong></span> <span class='ocrx_word' id='word_1_481' title='bbox 3334 2031 3406 2086; x_wconf 92' lang='lat' dir='ltr'><strong>ab</strong></span> <span class='ocrx_word' id='word_1_482' title='bbox 3438 2031 3551 2087; x_wconf 89' lang='lat' dir='ltr'><strong>inc.</strong></span> 
     </span>
    </p>
   </div>
   <div class='ocr_carea' id='block_1_67' title="bbox 1908 2119 3559 2192">
    <p class='ocr_par' dir='ltr' id='par_1_67' title="bbox 1908 2119 3559 2192">
     <span class='ocr_line' id='line_1_67' title="bbox 1908 2119 3559 2192; baseline 0.002 -20"><span class='ocrx_word' id='word_1_483' title='bbox 1908 2119 2067 2174; x_wconf 91' lang='lat' dir='ltr'><strong>Dom.</strong></span> <span class='ocrx_word' id='word_1_484' title='bbox 2106 2120 2390 2192; x_wconf 73' lang='lat' dir='ltr'><strong>(Gestup.</strong></span> <span class='ocrx_word' id='word_1_485' title='bbox 2425 2122 2524 2189; x_wconf 73' lang='grc' dir='ltr'><strong>Β.)</strong></span> <span class='ocrx_word' id='word_1_486' title='bbox 2550 2125 2671 2190; x_wconf 78' lang='lat'><strong>552,</strong></span> <span class='ocrx_word' id='word_1_487' title='bbox 2697 2121 2899 2191; x_wconf 91' lang='lat' dir='ltr'><strong>quinta</strong></span> <span class='ocrx_word' id='word_1_488' title='bbox 2934 2121 3194 2191; x_wconf 84' lang='lat' dir='ltr'><strong>synodus</strong></span> <span class='ocrx_word' id='word_1_489' title='bbox 3229 2120 3559 2176; x_wconf 88' lang='lat' dir='ltr'><strong>Constanti-</strong></span> 
     </span>
    </p>
   </div>
   <div class='ocr_carea' id='block_1_68' title="bbox 1907 2206 3567 2280">
    <p class='ocr_par' dir='ltr' id='par_1_68' title="bbox 1907 2206 3567 2280">
     <span class='ocr_line' id='line_1_68' title="bbox 1907 2206 3567 2280; baseline 0.002 -20"><span class='ocrx_word' id='word_1_490' title='bbox 1907 2206 2262 2277; x_wconf 89' lang='lat' dir='ltr'><strong>nopolitana.</strong></span> <span class='ocrx_word' id='word_1_491' title='bbox 2287 2211 2449 2264; x_wconf 77' lang='lat' dir='ltr'><strong>Anno</strong></span> <span class='ocrx_word' id='word_1_492' title='bbox 2479 2210 2790 2265; x_wconf 89' lang='lat' dir='ltr'><strong>Iustiniani</strong></span> <span class='ocrx_word' id='word_1_493' title='bbox 2822 2209 3035 2265; x_wconf 89' lang='lat' dir='ltr'><strong>Iustini</strong></span> <span class='ocrx_word' id='word_1_494' title='bbox 3068 2208 3304 2278; x_wconf 86' lang='lat' dir='ltr'><strong>majoris</strong></span> <span class='ocrx_word' id='word_1_495' title='bbox 3330 2208 3567 2280; x_wconf 89' lang='lat' dir='ltr'><strong>nepotis</strong></span> 
     </span>
    </p>
   </div>
   <div class='ocr_carea' id='block_1_69' title="bbox 1905 2296 3547 2365">
    <p class='ocr_par' dir='ltr' id='par_1_69' title="bbox 1905 2296 3547 2365">
     <span class='ocr_line' id='line_1_69' title="bbox 1905 2296 3547 2365; baseline 0.002 -16"><span class='ocrx_word' id='word_1_496' title='bbox 1905 2298 1994 2363; x_wconf 89' lang='lat'><strong>27,</strong></span> <span class='ocrx_word' id='word_1_497' title='bbox 2018 2296 2263 2365; x_wconf 84' lang='lat' dir='ltr'><strong>Vigilius</strong></span> <span class='ocrx_word' id='word_1_498' title='bbox 2295 2312 2325 2353; x_wconf 89' lang='lat' dir='ltr'><strong>a</strong></span> <span class='ocrx_word' id='word_1_499' title='bbox 2354 2298 2680 2354; x_wconf 87' lang='lat' dir='ltr'><strong>Iustiniano</strong></span> <span class='ocrx_word' id='word_1_500' title='bbox 2712 2299 2766 2353; x_wconf 91' lang='lat' dir='ltr'><strong>in</strong></span> <span class='ocrx_word' id='word_1_501' title='bbox 2800 2297 3039 2354; x_wconf 90' lang='lat' dir='ltr'><strong>exilium</strong></span> <span class='ocrx_word' id='word_1_502' title='bbox 3071 2297 3358 2363; x_wconf 89' lang='lat' dir='ltr'><strong>truditur;</strong></span> <span class='ocrx_word' id='word_1_503' title='bbox 3386 2310 3547 2353; x_wconf 93' lang='lat' dir='ltr'><strong>revo-</strong></span> 
     </span>
    </p>
   </div>
   <div class='ocr_carea' id='block_1_70' title="bbox 1906 2384 3544 2456">
    <p class='ocr_par' dir='ltr' id='par_1_70' title="bbox 1906 2384 3544 2456">
     <span class='ocr_line' id='line_1_70' title="bbox 1906 2384 3544 2456; baseline 0.003 -19"><span class='ocrx_word' id='word_1_504' title='bbox 1906 2387 2073 2440; x_wconf 90' lang='lat' dir='ltr'><strong>catus</strong></span> <span class='ocrx_word' id='word_1_505' title='bbox 2102 2400 2231 2440; x_wconf 92' lang='lat' dir='ltr'><strong>eum</strong></span> <span class='ocrx_word' id='word_1_506' title='bbox 2261 2387 2498 2441; x_wconf 89' lang='lat' dir='ltr'><strong>Romam</strong></span> <span class='ocrx_word' id='word_1_507' title='bbox 2532 2392 2955 2456; x_wconf 89' lang='lat' dir='ltr'><strong>reverteretur,</strong></span> <span class='ocrx_word' id='word_1_508' title='bbox 2992 2386 3044 2440; x_wconf 90' lang='lat' dir='ltr'><strong>in</strong></span> <span class='ocrx_word' id='word_1_509' title='bbox 3081 2384 3275 2441; x_wconf 89' lang='lat' dir='ltr'><strong>Sicilia</strong></span> <span class='ocrx_word' id='word_1_510' title='bbox 3303 2385 3544 2442; x_wconf 88' lang='lat' dir='ltr'><strong>civitate</strong></span> 
     </span>
    </p>
   </div>
   <div class='ocr_carea' id='block_1_71' title="bbox 1907 2472 3555 2543">
    <p class='ocr_par' dir='ltr' id='par_1_71' title="bbox 1907 2472 3555 2543">
     <span class='ocr_line' id='line_1_71' title="bbox 1907 2472 3555 2543; baseline 0.003 -18"><span class='ocrx_word' id='word_1_511' title='bbox 1907 2472 2266 2542; x_wconf 88' lang='lat' dir='ltr'><strong>Syracusana</strong></span> <span class='ocrx_word' id='word_1_512' title='bbox 2301 2474 2509 2530; x_wconf 89' lang='lat' dir='ltr'><strong>calculi</strong></span> <span class='ocrx_word' id='word_1_513' title='bbox 2534 2475 2737 2531; x_wconf 88' lang='lat' dir='ltr'><strong>dolore</strong></span> <span class='ocrx_word' id='word_1_514' title='bbox 2764 2475 3027 2530; x_wconf 90' lang='lat' dir='ltr'><strong>moritur.</strong></span> <span class='ocrx_word' id='word_1_515' title='bbox 3058 2474 3329 2543; x_wconf 89' lang='lat' dir='ltr'><strong>Pelagius</strong></span> <span class='ocrx_word' id='word_1_516' title='bbox 3350 2475 3555 2530; x_wconf 90' lang='lat' dir='ltr'><strong>Roma-</strong></span> 
     </span>
    </p>
   </div>
   <div class='ocr_carea' id='block_1_72' title="bbox 1908 2562 3552 2632">
    <p class='ocr_par' dir='ltr' id='par_1_72' title="bbox 1908 2562 3552 2632">
     <span class='ocr_line' id='line_1_72' title="bbox 1908 2562 3552 2632; baseline 0.002 -17"><span class='ocrx_word' id='word_1_517' title='bbox 1908 2575 2037 2629; x_wconf 92' lang='lat' dir='ltr'><strong>nus,</strong></span> <span class='ocrx_word' id='word_1_518' title='bbox 2074 2565 2239 2631; x_wconf 91' lang='lat' dir='ltr'><strong>patre</strong></span> <span class='ocrx_word' id='word_1_519' title='bbox 2275 2563 2535 2618; x_wconf 88' lang='lat' dir='ltr'><strong>Iohanne</strong></span> <span class='ocrx_word' id='word_1_520' title='bbox 2586 2562 2900 2631; x_wconf 85' lang='lat' dir='ltr'><strong>vicariano,</strong></span> <span class='ocrx_word' id='word_1_521' title='bbox 2935 2578 2985 2618; x_wconf 91' lang='lat' dir='ltr'><strong>a.</strong></span> <span class='ocrx_word' id='word_1_522' title='bbox 3018 2566 3104 2632; x_wconf 86' lang='lat'><strong>11,</strong></span> <span class='ocrx_word' id='word_1_523' title='bbox 3141 2577 3214 2617; x_wconf 93' lang='lat' dir='ltr'><strong>m.</strong></span> <span class='ocrx_word' id='word_1_524' title='bbox 3250 2566 3338 2632; x_wconf 92' lang='lat'><strong>10,</strong></span> <span class='ocrx_word' id='word_1_525' title='bbox 3374 2562 3429 2617; x_wconf 91' lang='lat' dir='ltr'><strong>d.</strong></span> <span class='ocrx_word' id='word_1_526' title='bbox 3468 2565 3552 2620; x_wconf 86' lang='lat'><strong>18.</strong></span> 
     </span>
    </p>
   </div>
   <div class='ocr_carea' id='block_1_73' title="bbox 1913 2648 3559 2720">
    <p class='ocr_par' dir='ltr' id='par_1_73' title="bbox 1913 2648 3559 2720">
     <span class='ocr_line' id='line_1_73' title="bbox 1913 2648 3559 2720; baseline 0.003 -19"><span class='ocrx_word' id='word_1_527' title='bbox 1913 2648 2010 2703; x_wconf 86' lang='lat' dir='ltr'><strong>llic</strong></span> <span class='ocrx_word' id='word_1_528' title='bbox 2025 2648 2331 2704; x_wconf 86' lang='lat' dir='ltr'><strong>ordinatus</strong></span> <span class='ocrx_word' id='word_1_529' title='bbox 2349 2663 2379 2703; x_wconf 91' lang='lat' dir='ltr'><strong>a</strong></span> <span class='ocrx_word' id='word_1_530' title='bbox 2396 2649 2626 2705; x_wconf 91' lang='lat' dir='ltr'><strong>duobus</strong></span> <span class='ocrx_word' id='word_1_531' title='bbox 2648 2650 2943 2720; x_wconf 89' lang='lat' dir='ltr'><strong>episcopis</strong></span> <span class='ocrx_word' id='word_1_532' title='bbox 2968 2654 3026 2704; x_wconf 92' lang='lat' dir='ltr'><strong>et</strong></span> <span class='ocrx_word' id='word_1_533' title='bbox 3050 2664 3162 2705; x_wconf 90' lang='lat' dir='ltr'><strong>uno</strong></span> <span class='ocrx_word' id='word_1_534' title='bbox 3183 2649 3559 2719; x_wconf 84' lang='lat' dir='ltr'><strong>presbytero.</strong></span> 
     </span>
    </p>
   </div>
   <div class='ocr_carea' id='block_1_74' title="bbox 1910 2734 3565 2804">
    <p class='ocr_par' dir='ltr' id='par_1_74' title="bbox 1910 2734 3565 2804">
     <span class='ocr_line' id='line_1_74' title="bbox 1910 2734 3565 2804; baseline 0.003 -16"><span class='ocrx_word' id='word_1_535' title='bbox 1910 2735 2067 2789; x_wconf 90' lang='lat' dir='ltr'><strong>Inter</strong></span> <span class='ocrx_word' id='word_1_536' title='bbox 2096 2734 2391 2804; x_wconf 88' lang='lat' dir='ltr'><strong>Pelagium</strong></span> <span class='ocrx_word' id='word_1_537' title='bbox 2423 2742 2480 2790; x_wconf 90' lang='lat' dir='ltr'><strong>et</strong></span> <span class='ocrx_word' id='word_1_538' title='bbox 2511 2736 2827 2792; x_wconf 87' lang='lat' dir='ltr'><strong>Iohannem</strong></span> <span class='ocrx_word' id='word_1_539' title='bbox 2851 2737 2906 2792; x_wconf 86' lang='grc'><strong>(1.</strong></span> <span class='ocrx_word' id='word_1_540' title='bbox 2933 2741 3020 2793; x_wconf 88' lang='lat'><strong>26.</strong></span> <span class='ocrx_word' id='word_1_541' title='bbox 3045 2737 3337 2793; x_wconf 85' lang='lat' dir='ltr'><strong>Iohannes</strong></span> <span class='ocrx_word' id='word_1_542' title='bbox 3359 2738 3565 2793; x_wconf 87' lang='lat' dir='ltr'><strong>Roma-</strong></span> 
     </span>
    </p>
   </div>
   <div class='ocr_carea' id='block_1_75' title="bbox 1908 2824 3563 2893">
    <p class='ocr_par' dir='ltr' id='par_1_75' title="bbox 1908 2824 3563 2893">
     <span class='ocr_line' id='line_1_75' title="bbox 1908 2824 3563 2893; baseline 0.002 -16"><span class='ocrx_word' id='word_1_543' title='bbox 1908 2836 2037 2891; x_wconf 93' lang='lat' dir='ltr'><strong>nus,</strong></span> <span class='ocrx_word' id='word_1_544' title='bbox 2072 2830 2237 2893; x_wconf 88' lang='lat' dir='ltr'><strong>patre</strong></span> <span class='ocrx_word' id='word_1_545' title='bbox 2278 2824 2605 2893; x_wconf 88' lang='lat' dir='ltr'><strong>Anastasio,</strong></span> <span class='ocrx_word' id='word_1_546' title='bbox 2638 2840 2688 2880; x_wconf 92' lang='lat' dir='ltr'><strong>a.</strong></span> <span class='ocrx_word' id='word_1_547' title='bbox 2727 2830 2809 2880; x_wconf 90' lang='lat'><strong>12.</strong></span> <span class='ocrx_word' id='word_1_548' title='bbox 2864 2841 2937 2880; x_wconf 91' lang='lat' dir='ltr'><strong>m.</strong></span> <span class='ocrx_word' id='word_1_549' title='bbox 2974 2828 3057 2893; x_wconf 89' lang='lat'><strong>10,</strong></span> <span class='ocrx_word' id='word_1_550' title='bbox 3104 2825 3159 2880; x_wconf 90' lang='grc'><strong>(1.</strong></span> <span class='ocrx_word' id='word_1_551' title='bbox 3204 2828 3288 2879; x_wconf 90' lang='lat'><strong>26.</strong></span> <span class='ocrx_word' id='word_1_552' title='bbox 3328 2825 3431 2881; x_wconf 81' lang='lat' dir='ltr'><strong>Hic</strong></span> <span class='ocrx_word' id='word_1_553' title='bbox 3472 2839 3563 2881; x_wconf 89' lang='lat' dir='ltr'><strong>re-</strong></span> 
     </span>
    </p>
   </div>
   <div class='ocr_carea' id='block_1_76' title="bbox 1908 2912 3559 2984">
    <p class='ocr_par' dir='ltr' id='par_1_76' title="bbox 1908 2912 3559 2984">
     <span class='ocr_line' id='line_1_76' title="bbox 1908 2912 3559 2984; baseline 0.001 -18"><span class='ocrx_word' id='word_1_554' title='bbox 1908 2912 2193 2966; x_wconf 86' lang='lat' dir='ltr'><strong>stauravit</strong></span> <span class='ocrx_word' id='word_1_555' title='bbox 2216 2912 2500 2967; x_wconf 89' lang='lat' dir='ltr'><strong>cimiteria</strong></span> <span class='ocrx_word' id='word_1_556' title='bbox 2523 2918 2839 2983; x_wconf 88' lang='lat' dir='ltr'><strong>martyrum</strong></span> <span class='ocrx_word' id='word_1_557' title='bbox 2854 2917 2912 2969; x_wconf 88' lang='lat' dir='ltr'><strong>et</strong></span> <span class='ocrx_word' id='word_1_558' title='bbox 2930 2913 3236 2969; x_wconf 85' lang='lat' dir='ltr'><strong>constituit</strong></span> <span class='ocrx_word' id='word_1_559' title='bbox 3255 2928 3357 2984; x_wconf 92' lang='lat' dir='ltr'><strong>per</strong></span> <span class='ocrx_word' id='word_1_560' title='bbox 3376 2913 3559 2969; x_wconf 88' lang='lat' dir='ltr'><strong>Domi-</strong></span> 
     </span>
    </p>
   </div>
   <div class='ocr_carea' id='block_1_77' title="bbox 1908 2999 3551 3072">
    <p class='ocr_par' dir='ltr' id='par_1_77' title="bbox 1908 2999 3551 3072">
     <span class='ocr_line' id='line_1_77' title="bbox 1908 2999 3551 3072; baseline 0.002 -18"><span class='ocrx_word' id='word_1_561' title='bbox 1908 3000 2408 3056; x_wconf 88' lang='lat' dir='ltr'><strong>nicasoblationes</strong></span> <span class='ocrx_word' id='word_1_562' title='bbox 2431 3006 2487 3056; x_wconf 92' lang='lat' dir='ltr'><strong>et</strong></span> <span class='ocrx_word' id='word_1_563' title='bbox 2514 2999 2838 3058; x_wconf 88' lang='lat' dir='ltr'><strong>luminaria.</strong></span> <span class='ocrx_word' id='word_1_564' title='bbox 2860 3002 3209 3058; x_wconf 88' lang='lat' dir='ltr'><strong>Benedictus</strong></span> <span class='ocrx_word' id='word_1_565' title='bbox 3234 3003 3551 3072; x_wconf 89' lang='lat' dir='ltr'><strong>Romanus,</strong></span> 
     </span>
    </p>
   </div>
   <div class='ocr_carea' id='block_1_78' title="bbox 1909 3089 3557 3161">
    <p class='ocr_par' dir='ltr' id='par_1_78' title="bbox 1909 3089 3557 3161">
     <span class='ocr_line' id='line_1_78' title="bbox 1909 3089 3557 3161; baseline 0.002 -18"><span class='ocrx_word' id='word_1_566' title='bbox 1909 3093 2075 3159; x_wconf 85' lang='lat' dir='ltr'><strong>patre</strong></span> <span class='ocrx_word' id='word_1_567' title='bbox 2109 3089 2424 3160; x_wconf 84' lang='lat' dir='ltr'><strong>Bonifacio,</strong></span> <span class='ocrx_word' id='word_1_568' title='bbox 2450 3104 2499 3145; x_wconf 88' lang='lat' dir='ltr'><strong>a.</strong></span> <span class='ocrx_word' id='word_1_569' title='bbox 2529 3092 2579 3159; x_wconf 88' lang='lat'><strong>4,</strong></span> <span class='ocrx_word' id='word_1_570' title='bbox 2604 3106 2673 3145; x_wconf 92' lang='lat' dir='ltr'><strong>m.</strong></span> <span class='ocrx_word' id='word_1_571' title='bbox 2711 3095 2761 3161; x_wconf 85' lang='lat'><strong>1,</strong></span> <span class='ocrx_word' id='word_1_572' title='bbox 2798 3091 2854 3147; x_wconf 87' lang='grc'><strong>(1.</strong></span> <span class='ocrx_word' id='word_1_573' title='bbox 2884 3095 2972 3149; x_wconf 88' lang='grc'><strong>28.</strong></span> <span class='ocrx_word' id='word_1_574' title='bbox 3006 3092 3164 3146; x_wconf 87' lang='lat' dir='ltr'><strong>Inter</strong></span> <span class='ocrx_word' id='word_1_575' title='bbox 3191 3105 3322 3146; x_wconf 91' lang='lat' dir='ltr'><strong>eum</strong></span> <span class='ocrx_word' id='word_1_576' title='bbox 3354 3094 3410 3146; x_wconf 89' lang='lat' dir='ltr'><strong>et</strong></span> <span class='ocrx_word' id='word_1_577' title='bbox 3454 3092 3557 3146; x_wconf 89' lang='lat' dir='ltr'><strong>Pe-</strong></span> 
     </span>
    </p>
   </div>
   <div class='ocr_carea' id='block_1_79' title="bbox 1910 3176 2895 3249">
    <p class='ocr_par' dir='ltr' id='par_1_79' title="bbox 1910 3176 2895 3249">
     <span class='ocr_line' id='line_1_79' title="bbox 1910 3176 2895 3249; baseline 0.009 -19"><span class='ocrx_word' id='word_1_578' title='bbox 1910 3176 2125 3247; x_wconf 87' lang='lat' dir='ltr'><strong>lagium</strong></span> <span class='ocrx_word' id='word_1_579' title='bbox 2160 3179 2215 3235; x_wconf 90' lang='lat' dir='ltr'><strong>d.</strong></span> <span class='ocrx_word' id='word_1_580' title='bbox 2254 3183 2301 3234; x_wconf 77' lang='lat'><strong>5.</strong></span> <span class='ocrx_word' id='word_1_581' title='bbox 2888 3246 2895 3249; x_wconf 22' lang='grc' dir='ltr'><strong><em>Α</em></strong></span> 
     </span>
    </p>
   </div>
   <div class='ocr_carea' id='block_1_80' title="bbox 1982 3265 3556 3338">
    <p class='ocr_par' dir='ltr' id='par_1_80' title="bbox 1982 3265 3556 3338">
     <span class='ocr_line' id='line_1_80' title="bbox 1982 3265 3556 3338; baseline 0 -15"><span class='ocrx_word' id='word_1_582' title='bbox 1982 3265 2262 3338; x_wconf 78' lang='lat' dir='ltr'><strong>(Gestap.</strong></span> <span class='ocrx_word' id='word_1_583' title='bbox 2300 3269 2399 3333; x_wconf 73' lang='grc' dir='ltr'><strong>Β.)</strong></span> <span class='ocrx_word' id='word_1_584' title='bbox 2434 3271 2596 3324; x_wconf 83' lang='grc' dir='ltr'><strong>Αηηο</strong></span> <span class='ocrx_word' id='word_1_585' title='bbox 2627 3270 2699 3323; x_wconf 91' lang='lat' dir='ltr'><strong>ab</strong></span> <span class='ocrx_word' id='word_1_586' title='bbox 2736 3269 2847 3325; x_wconf 89' lang='lat' dir='ltr'><strong>inc.</strong></span> <span class='ocrx_word' id='word_1_587' title='bbox 2884 3270 3043 3323; x_wconf 93' lang='lat' dir='ltr'><strong>Dom.</strong></span> <span class='ocrx_word' id='word_1_588' title='bbox 3089 3272 3210 3324; x_wconf 77' lang='lat'><strong>582.</strong></span> <span class='ocrx_word' id='word_1_589' title='bbox 3248 3267 3556 3323; x_wconf 86' lang='lat' dir='ltr'><strong>Mauritius</strong></span> 
     </span>
    </p>
   </div>
   <div class='ocr_carea' id='block_1_81' title="bbox 1908 3353 3560 3425">
    <p class='ocr_par' dir='ltr' id='par_1_81' title="bbox 1908 3353 3560 3425">
     <span class='ocr_line' id='line_1_81' title="bbox 1908 3353 3560 3425; baseline 0.001 -17"><span class='ocrx_word' id='word_1_590' title='bbox 1908 3353 2226 3425; x_wconf 89' lang='lat' dir='ltr'><strong>imperator</strong></span> <span class='ocrx_word' id='word_1_591' title='bbox 2240 3357 2535 3411; x_wconf 90' lang='lat' dir='ltr'><strong>successit</strong></span> <span class='ocrx_word' id='word_1_592' title='bbox 2551 3357 2813 3425; x_wconf 89' lang='lat' dir='ltr'><strong>Tyberio,</strong></span> <span class='ocrx_word' id='word_1_593' title='bbox 2834 3355 3099 3424; x_wconf 88' lang='lat' dir='ltr'><strong>regnavit</strong></span> <span class='ocrx_word' id='word_1_594' title='bbox 3122 3369 3172 3410; x_wconf 91' lang='lat' dir='ltr'><strong>a.</strong></span> <span class='ocrx_word' id='word_1_595' title='bbox 3202 3355 3436 3409; x_wconf 89' lang='lat' dir='ltr'><strong>16.Post</strong></span> <span class='ocrx_word' id='word_1_596' title='bbox 3461 3356 3560 3410; x_wconf 85' lang='lat' dir='ltr'><strong>Be-</strong></span> 
     </span>
    </p>
   </div>
   <div class='ocr_carea' id='block_1_82' title="bbox 1907 3443 3552 3514">
    <p class='ocr_par' dir='ltr' id='par_1_82' title="bbox 1907 3443 3552 3514">
     <span class='ocr_line' id='line_1_82' title="bbox 1907 3443 3552 3514; baseline 0.001 -18"><span class='ocrx_word' id='word_1_597' title='bbox 1907 3443 2200 3497; x_wconf 87' lang='lat' dir='ltr'><strong>nedictum</strong></span> <span class='ocrx_word' id='word_1_598' title='bbox 2253 3444 2407 3499; x_wconf 91' lang='lat' dir='ltr'><strong>sedit</strong></span> <span class='ocrx_word' id='word_1_599' title='bbox 2465 3445 2658 3500; x_wconf 64' lang='lat' dir='ltr'><strong>Romae</strong></span> <span class='ocrx_word' id='word_1_600' title='bbox 2717 3444 2988 3513; x_wconf 88' lang='lat' dir='ltr'><strong>Pelagius</strong></span> <span class='ocrx_word' id='word_1_601' title='bbox 3036 3445 3348 3513; x_wconf 88' lang='lat' dir='ltr'><strong>Romanus,</strong></span> <span class='ocrx_word' id='word_1_602' title='bbox 3384 3448 3552 3514; x_wconf 86' lang='lat' dir='ltr'><strong>patre</strong></span> 
     </span>
    </p>
   </div>
   <div class='ocr_carea' id='block_1_83' title="bbox 1907 3530 3557 3603">
    <p class='ocr_par' dir='ltr' id='par_1_83' title="bbox 1907 3530 3557 3603">
     <span class='ocr_line' id='line_1_83' title="bbox 1907 3530 3557 3603; baseline 0 -17"><span class='ocrx_word' id='word_1_603' title='bbox 1907 3530 2196 3601; x_wconf 89' lang='lat' dir='ltr'><strong>Unigildo,</strong></span> <span class='ocrx_word' id='word_1_604' title='bbox 2231 3547 2280 3587; x_wconf 90' lang='lat' dir='ltr'><strong>a.</strong></span> <span class='ocrx_word' id='word_1_605' title='bbox 2317 3535 2402 3602; x_wconf 92' lang='lat'><strong>10,</strong></span> <span class='ocrx_word' id='word_1_606' title='bbox 2439 3548 2510 3588; x_wconf 89' lang='lat' dir='ltr'><strong>m.</strong></span> <span class='ocrx_word' id='word_1_607' title='bbox 2537 3537 2590 3603; x_wconf 90' lang='lat'><strong>2,</strong></span> <span class='ocrx_word' id='word_1_608' title='bbox 2619 3534 2881 3589; x_wconf 86' lang='lat' dir='ltr'><strong>d.10.Eo</strong></span> <span class='ocrx_word' id='word_1_609' title='bbox 2916 3533 3287 3603; x_wconf 87' lang='lat' dir='ltr'><strong>imperitante</strong></span> <span class='ocrx_word' id='word_1_610' title='bbox 3319 3533 3557 3587; x_wconf 82' lang='lat' dir='ltr'><strong>fuerunt</strong></span> 
     </span>
    </p>
   </div>
   <div class='ocr_carea' id='block_1_84' title="bbox 1908 3619 3558 3691">
    <p class='ocr_par' dir='ltr' id='par_1_84' title="bbox 1908 3619 3558 3691">
     <span class='ocr_line' id='line_1_84' title="bbox 1908 3619 3558 3691; baseline 0.001 -18"><span class='ocrx_word' id='word_1_611' title='bbox 1908 3619 2222 3691; x_wconf 74' lang='lat' dir='ltr'><strong>pluviae,ut</strong></span> <span class='ocrx_word' id='word_1_612' title='bbox 2239 3621 2539 3677; x_wconf 89' lang='lat' dir='ltr'><strong>videretur</strong></span> <span class='ocrx_word' id='word_1_613' title='bbox 2562 3621 2842 3677; x_wconf 87' lang='lat' dir='ltr'><strong>diluvium</strong></span> <span class='ocrx_word' id='word_1_614' title='bbox 2877 3620 3123 3676; x_wconf 90' lang='lat' dir='ltr'><strong>redisse.</strong></span> <span class='ocrx_word' id='word_1_615' title='bbox 3145 3622 3322 3675; x_wconf 87' lang='lat' dir='ltr'><strong>Tanta</strong></span> <span class='ocrx_word' id='word_1_616' title='bbox 3357 3619 3558 3675; x_wconf 89' lang='lat' dir='ltr'><strong>clades</strong></span> 
     </span>
    </p>
   </div>
   <div class='ocr_carea' id='block_1_85' title="bbox 1908 3706 3548 3781">
    <p class='ocr_par' dir='ltr' id='par_1_85' title="bbox 1908 3706 3548 3781">
     <span class='ocr_line' id='line_1_85' title="bbox 1908 3706 3548 3781; baseline -0.004 -14"><span class='ocrx_word' id='word_1_617' title='bbox 1908 3715 2182 3781; x_wconf 89' lang='lat' dir='ltr'><strong>quantam</strong></span> <span class='ocrx_word' id='word_1_618' title='bbox 2212 3709 2407 3766; x_wconf 91' lang='lat' dir='ltr'><strong>nullus</strong></span> <span class='ocrx_word' id='word_1_619' title='bbox 2437 3711 2696 3765; x_wconf 89' lang='lat' dir='ltr'><strong>meminit</strong></span> <span class='ocrx_word' id='word_1_620' title='bbox 2723 3724 2753 3765; x_wconf 93' lang='lat' dir='ltr'><strong>a</strong></span> <span class='ocrx_word' id='word_1_621' title='bbox 2776 3710 2977 3765; x_wconf 89' lang='lat' dir='ltr'><strong>seculo</strong></span> <span class='ocrx_word' id='word_1_622' title='bbox 3003 3708 3205 3777; x_wconf 83' lang='lat' dir='ltr'><strong>fuisse,</strong></span> <span class='ocrx_word' id='word_1_623' title='bbox 3225 3722 3337 3778; x_wconf 89' lang='lat' dir='ltr'><strong>qua</strong></span> <span class='ocrx_word' id='word_1_624' title='bbox 3371 3706 3548 3762; x_wconf 88' lang='lat' dir='ltr'><strong>etiam</strong></span> 
     </span>
    </p>
   </div>
   <div class='ocr_carea' id='block_1_86' title="bbox 1907 3795 3559 3870">
    <p class='ocr_par' dir='ltr' id='par_1_86' title="bbox 1907 3795 3559 3870">
     <span class='ocr_line' id='line_1_86' title="bbox 1907 3795 3559 3870; baseline -0.003 -15"><span class='ocrx_word' id='word_1_625' title='bbox 1907 3800 2180 3869; x_wconf 86' lang='lat' dir='ltr'><strong>Pelagius</strong></span> <span class='ocrx_word' id='word_1_626' title='bbox 2201 3814 2344 3870; x_wconf 88' lang='lat' dir='ltr'><strong>papa</strong></span> <span class='ocrx_word' id='word_1_627' title='bbox 2369 3799 2619 3855; x_wconf 89' lang='lat' dir='ltr'><strong>moritur</strong></span> <span class='ocrx_word' id='word_1_628' title='bbox 2631 3803 2691 3855; x_wconf 90' lang='lat' dir='ltr'><strong>et</strong></span> <span class='ocrx_word' id='word_1_629' title='bbox 2708 3797 3022 3866; x_wconf 86' lang='lat' dir='ltr'><strong>Gregorius</strong></span> <span class='ocrx_word' id='word_1_630' title='bbox 3038 3797 3248 3852; x_wconf 90' lang='lat' dir='ltr'><strong>doctor</strong></span> <span class='ocrx_word' id='word_1_631' title='bbox 3269 3795 3559 3851; x_wconf 88' lang='lat' dir='ltr'><strong>electione</strong></span> 
     </span>
    </p>
   </div>
   <div class='ocr_carea' id='block_1_87' title="bbox 1908 3883 3558 3960">
    <p class='ocr_par' dir='ltr' id='par_1_87' title="bbox 1908 3883 3558 3960">
     <span class='ocr_line' id='line_1_87' title="bbox 1908 3883 3558 3960; baseline -0.004 -14"><span class='ocrx_word' id='word_1_632' title='bbox 1908 3889 2050 3946; x_wconf 91' lang='lat' dir='ltr'><strong>cleri</strong></span> <span class='ocrx_word' id='word_1_633' title='bbox 2075 3896 2133 3944; x_wconf 89' lang='lat' dir='ltr'><strong>et</strong></span> <span class='ocrx_word' id='word_1_634' title='bbox 2161 3889 2355 3960; x_wconf 91' lang='lat' dir='ltr'><strong>populi</strong></span> <span class='ocrx_word' id='word_1_635' title='bbox 2383 3888 2789 3959; x_wconf 78' lang='lat' dir='ltr'><strong>pontificatum</strong></span> <span class='ocrx_word' id='word_1_636' title='bbox 2809 3889 3075 3942; x_wconf 77' lang='lat' dir='ltr'><strong>Romanae</strong></span> <span class='ocrx_word' id='word_1_637' title='bbox 3091 3885 3346 3956; x_wconf 84' lang='lat' dir='ltr'><strong>suscepit</strong></span> <span class='ocrx_word' id='word_1_638' title='bbox 3371 3883 3558 3941; x_wconf 88' lang='lat' dir='ltr'><strong>eccle-</strong></span> 
     </span>
    </p>
   </div>
   <div class='ocr_carea' id='block_1_88' title="bbox 1909 3974 3561 4049">
    <p class='ocr_par' dir='ltr' id='par_1_88' title="bbox 1909 3974 3561 4049">
     <span class='ocr_line' id='line_1_88' title="bbox 1909 3974 3561 4049; baseline -0.004 -14"><span class='ocrx_word' id='word_1_639' title='bbox 1909 3980 2030 4048; x_wconf 65' lang='lat' dir='ltr'><strong>siae,</strong></span> <span class='ocrx_word' id='word_1_640' title='bbox 2063 3993 2213 4033; x_wconf 86' lang='lat' dir='ltr'><strong>anno</strong></span> <span class='ocrx_word' id='word_1_641' title='bbox 2244 3977 2470 4049; x_wconf 91' lang='lat' dir='ltr'><strong>imperii</strong></span> <span class='ocrx_word' id='word_1_642' title='bbox 2506 3977 2761 4033; x_wconf 89' lang='lat' dir='ltr'><strong>Mauricii</strong></span> <span class='ocrx_word' id='word_1_643' title='bbox 2804 3980 2889 4045; x_wconf 92' lang='grc'><strong>10,</strong></span> <span class='ocrx_word' id='word_1_644' title='bbox 2925 3977 2997 4031; x_wconf 89' lang='lat' dir='ltr'><strong>ab</strong></span> <span class='ocrx_word' id='word_1_645' title='bbox 3028 3974 3426 4031; x_wconf 87' lang='lat' dir='ltr'><strong>incarnatione</strong></span> <span class='ocrx_word' id='word_1_646' title='bbox 3454 3975 3561 4029; x_wconf 90' lang='lat' dir='ltr'><strong>Do-</strong></span> 
     </span>
    </p>
   </div>
   <div class='ocr_carea' id='block_1_89' title="bbox 1908 4067 3561 4137">
    <p class='ocr_par' dir='ltr' id='par_1_89' title="bbox 1908 4067 3561 4137">
     <span class='ocr_line' id='line_1_89' title="bbox 1908 4067 3561 4137; baseline -0.002 -13"><span class='ocrx_word' id='word_1_647' title='bbox 1908 4068 2045 4124; x_wconf 90' lang='lat' dir='ltr'><strong>mini</strong></span> <span class='ocrx_word' id='word_1_648' title='bbox 2076 4083 2224 4123; x_wconf 90' lang='lat' dir='ltr'><strong>anno</strong></span> <span class='ocrx_word' id='word_1_649' title='bbox 2263 4071 2386 4136; x_wconf 76' lang='lat'><strong>692,</strong></span> <span class='ocrx_word' id='word_1_650' title='bbox 2421 4067 2738 4123; x_wconf 88' lang='lat' dir='ltr'><strong>indictione</strong></span> <span class='ocrx_word' id='word_1_651' title='bbox 2790 4070 2875 4134; x_wconf 93' lang='lat'><strong>10,</strong></span> <span class='ocrx_word' id='word_1_652' title='bbox 2919 4070 3126 4137; x_wconf 89' lang='lat' dir='ltr'><strong>epacta</strong></span> <span class='ocrx_word' id='word_1_653' title='bbox 3175 4068 3264 4133; x_wconf 89' lang='lat'><strong>21,</strong></span> <span class='ocrx_word' id='word_1_654' title='bbox 3315 4078 3561 4121; x_wconf 88' lang='lat' dir='ltr'><strong>concur-</strong></span> 
     </span>
    </p>
   </div>
   <div class='ocr_carea' id='block_1_90' title="bbox 1908 4152 3552 4224">
    <p class='ocr_par' dir='ltr' id='par_1_90' title="bbox 1908 4152 3552 4224">
     <span class='ocr_line' id='line_1_90' title="bbox 1908 4152 3552 4224; baseline -0.003 -13"><span class='ocrx_word' id='word_1_655' title='bbox 1908 4161 2074 4212; x_wconf 89' lang='lat' dir='ltr'><strong>rente</strong></span> <span class='ocrx_word' id='word_1_656' title='bbox 2102 4161 2154 4223; x_wconf 92' lang='lat'><strong>7,</strong></span> <span class='ocrx_word' id='word_1_657' title='bbox 2188 4160 2362 4211; x_wconf 90' lang='lat' dir='ltr'><strong>natus</strong></span> <span class='ocrx_word' id='word_1_658' title='bbox 2404 4155 2716 4223; x_wconf 90' lang='lat' dir='ltr'><strong>Romanus,</strong></span> <span class='ocrx_word' id='word_1_659' title='bbox 2752 4159 2919 4224; x_wconf 88' lang='lat' dir='ltr'><strong>patre</strong></span> <span class='ocrx_word' id='word_1_660' title='bbox 2965 4153 3278 4222; x_wconf 89' lang='lat' dir='ltr'><strong>Gordiano,</strong></span> <span class='ocrx_word' id='word_1_661' title='bbox 3315 4152 3470 4208; x_wconf 89' lang='lat' dir='ltr'><strong>sedit</strong></span> <span class='ocrx_word' id='word_1_662' title='bbox 3501 4167 3552 4208; x_wconf 89' lang='lat' dir='ltr'><strong>a.</strong></span> 
     </span>
    </p>
   </div>
   <div class='ocr_carea' id='block_1_91' title="bbox 1908 4243 3556 4315">
    <p class='ocr_par' dir='ltr' id='par_1_91' title="bbox 1908 4243 3556 4315">
     <span class='ocr_line' id='line_1_91' title="bbox 1908 4243 3556 4315; baseline -0.001 -15"><span class='ocrx_word' id='word_1_663' title='bbox 1908 4249 1993 4315; x_wconf 91' lang='lat'><strong>13,</strong></span> <span class='ocrx_word' id='word_1_664' title='bbox 2030 4259 2102 4299; x_wconf 93' lang='lat' dir='ltr'><strong>m.</strong></span> <span class='ocrx_word' id='word_1_665' title='bbox 2136 4248 2189 4313; x_wconf 91' lang='lat'><strong>6,</strong></span> <span class='ocrx_word' id='word_1_666' title='bbox 2215 4244 2269 4298; x_wconf 87' lang='grc'><strong>(1.</strong></span> <span class='ocrx_word' id='word_1_667' title='bbox 2300 4247 2384 4298; x_wconf 92' lang='lat'><strong>10.</strong></span> <span class='ocrx_word' id='word_1_668' title='bbox 2420 4244 2521 4298; x_wconf 86' lang='lat' dir='ltr'><strong>Hic</strong></span> <span class='ocrx_word' id='word_1_669' title='bbox 2553 4243 2686 4298; x_wconf 80' lang='lat' dir='ltr'><strong>fecit</strong></span> <span class='ocrx_word' id='word_1_670' title='bbox 2723 4248 2784 4298; x_wconf 91' lang='lat' dir='ltr'><strong>ut</strong></span> <span class='ocrx_word' id='word_1_671' title='bbox 2822 4243 2999 4298; x_wconf 88' lang='lat' dir='ltr'><strong>missa</strong></span> <span class='ocrx_word' id='word_1_672' title='bbox 3033 4248 3348 4298; x_wconf 88' lang='lat' dir='ltr'><strong>caneretur</strong></span> <span class='ocrx_word' id='word_1_673' title='bbox 3378 4255 3556 4314; x_wconf 90' lang='lat' dir='ltr'><strong>supra</strong></span> 
     </span>
    </p>
   </div>
   <div class='ocr_carea' id='block_1_92' title="bbox 1907 4330 3552 4404">
    <p class='ocr_par' dir='ltr' id='par_1_92' title="bbox 1907 4330 3552 4404">
     <span class='ocr_line' id='line_1_92' title="bbox 1907 4330 3552 4404; baseline -0.002 -14"><span class='ocrx_word' id='word_1_674' title='bbox 1907 4348 2122 4404; x_wconf 88' lang='lat' dir='ltr'><strong>corpus</strong></span> <span class='ocrx_word' id='word_1_675' title='bbox 2168 4331 2320 4388; x_wconf 92' lang='lat' dir='ltr'><strong>beati</strong></span> <span class='ocrx_word' id='word_1_676' title='bbox 2366 4331 2525 4387; x_wconf 91' lang='lat' dir='ltr'><strong>Petri</strong></span> <span class='ocrx_word' id='word_1_677' title='bbox 2576 4330 2843 4402; x_wconf 91' lang='lat' dir='ltr'><strong>apostoli.</strong></span> <span class='ocrx_word' id='word_1_678' title='bbox 2882 4333 3043 4387; x_wconf 87' lang='lat' dir='ltr'><strong>Anno</strong></span> <span class='ocrx_word' id='word_1_679' title='bbox 3093 4330 3468 4402; x_wconf 83' lang='lat' dir='ltr'><strong>pontiﬁcatus</strong></span> <span class='ocrx_word' id='word_1_680' title='bbox 3500 4334 3552 4402; x_wconf 92' lang='lat'><strong>4,</strong></span> 
     </span>
    </p>
   </div>
   <div class='ocr_carea' id='block_1_93' title="bbox 1907 4418 3556 4490">
    <p class='ocr_par' dir='ltr' id='par_1_93' title="bbox 1907 4418 3556 4490">
     <span class='ocr_line' id='line_1_93' title="bbox 1907 4418 3556 4490; baseline -0.001 -14"><span class='ocrx_word' id='word_1_681' title='bbox 1907 4420 2225 4477; x_wconf 90' lang='lat' dir='ltr'><strong>indictione</strong></span> <span class='ocrx_word' id='word_1_682' title='bbox 2260 4424 2343 4490; x_wconf 90' lang='lat'><strong>13,</strong></span> <span class='ocrx_word' id='word_1_683' title='bbox 2378 4423 2733 4489; x_wconf 87' lang='lat' dir='ltr'><strong>congregata</strong></span> <span class='ocrx_word' id='word_1_684' title='bbox 2765 4419 2987 4489; x_wconf 88' lang='lat' dir='ltr'><strong>synodo</strong></span> <span class='ocrx_word' id='word_1_685' title='bbox 3031 4421 3100 4472; x_wconf 88' lang='lat'><strong>24</strong></span> <span class='ocrx_word' id='word_1_686' title='bbox 3143 4418 3556 4490; x_wconf 89' lang='lat' dir='ltr'><strong>episcoporum</strong></span> 
     </span>
    </p>
   </div>
   <div class='ocr_carea' id='block_1_94' title="bbox 1905 4506 3557 4581">
    <p class='ocr_par' dir='ltr' id='par_1_94' title="bbox 1905 4506 3557 4581">
     <span class='ocr_line' id='line_1_94' title="bbox 1905 4506 3557 4581; baseline -0.002 -15"><span class='ocrx_word' id='word_1_687' title='bbox 1905 4511 2063 4566; x_wconf 89' lang='lat' dir='ltr'><strong>beati</strong></span> <span class='ocrx_word' id='word_1_688' title='bbox 2098 4510 2257 4566; x_wconf 89' lang='lat' dir='ltr'><strong>Petri</strong></span> <span class='ocrx_word' id='word_1_689' title='bbox 2290 4508 2542 4581; x_wconf 89' lang='lat' dir='ltr'><strong>apostoli</strong></span> <span class='ocrx_word' id='word_1_690' title='bbox 2576 4509 2647 4565; x_wconf 91' lang='lat' dir='ltr'><strong>de</strong></span> <span class='ocrx_word' id='word_1_691' title='bbox 2680 4508 3010 4565; x_wconf 89' lang='lat' dir='ltr'><strong>necessaris</strong></span> <span class='ocrx_word' id='word_1_692' title='bbox 3040 4506 3308 4564; x_wconf 63' lang='lat' dir='ltr'><strong>ecclesiae</strong></span> <span class='ocrx_word' id='word_1_693' title='bbox 3341 4512 3557 4565; x_wconf 86' lang='lat' dir='ltr'><strong>tracta-</strong></span> 
     </span>
    </p>
   </div>
   <div class='ocr_carea' id='block_1_95' title="bbox 209 4595 3549 4673">
    <p class='ocr_par' dir='ltr' id='par_1_95' title="bbox 209 4595 3549 4673">
     <span class='ocr_line' id='line_1_95' title="bbox 209 4595 3549 4673; baseline -0.001 -20"><span class='ocrx_word' id='word_1_694' title='bbox 209 4598 406 4670; x_wconf 73' lang='grc' dir='ltr'><strong>[ΡΑυι.</strong></span> <span class='ocrx_word' id='word_1_695' title='bbox 441 4601 622 4671; x_wconf 67' lang='lat' dir='ltr'><strong>Duc]</strong></span> <span class='ocrx_word' id='word_1_696' title='bbox 656 4601 755 4657; x_wconf 88' lang='lat' dir='ltr'><strong>His</strong></span> <span class='ocrx_word' id='word_1_697' title='bbox 785 4616 926 4671; x_wconf 88' lang='lat' dir='ltr'><strong>ergo</strong></span> <span class='ocrx_word' id='word_1_698' title='bbox 956 4601 1165 4657; x_wconf 91' lang='lat' dir='ltr'><strong>diebus</strong></span> <span class='ocrx_word' id='word_1_699' title='bbox 1199 4600 1353 4673; x_wconf 83' lang='lat' dir='ltr'><strong>apud</strong></span> <span class='ocrx_word' id='word_1_700' title='bbox 1387 4601 1791 4657; x_wconf 88' lang='lat' dir='ltr'><strong>Constantino-</strong></span> <span class='ocrx_word' id='word_1_701' title='bbox 1821 4599 1875 4661; x_wconf 91' lang='lat' dir='ltr'><strong>D</strong></span> <span class='ocrx_word' id='word_1_702' title='bbox 1903 4600 2006 4657; x_wconf 89' lang='lat' dir='ltr'><strong>vit.</strong></span> <span class='ocrx_word' id='word_1_703' title='bbox 2060 4599 2163 4654; x_wconf 88' lang='lat' dir='ltr'><strong>Hic</strong></span> <span class='ocrx_word' id='word_1_704' title='bbox 2210 4597 2406 4654; x_wconf 89' lang='lat' dir='ltr'><strong>missis</strong></span> <span class='ocrx_word' id='word_1_705' title='bbox 2455 4598 2837 4655; x_wconf 87' lang='lat' dir='ltr'><strong>Brittanniam</strong></span> <span class='ocrx_word' id='word_1_706' title='bbox 2900 4596 3245 4666; x_wconf 87' lang='lat' dir='ltr'><strong>Augustino,</strong></span> <span class='ocrx_word' id='word_1_707' title='bbox 3312 4595 3549 4666; x_wconf 80' lang='lat' dir='ltr'><strong>Mellito,</strong></span> 
     </span>
    </p>
   </div>
   <div class='ocr_carea' id='block_1_96' title="bbox 136 4684 3553 4760">
    <p class='ocr_par' dir='ltr' id='par_1_96' title="bbox 136 4684 3553 4760">
     <span class='ocr_line' id='line_1_96' title="bbox 136 4684 3553 4760; baseline -0.001 -18"><span class='ocrx_word' id='word_1_708' title='bbox 136 4685 460 4757; x_wconf 88' lang='lat' dir='ltr'><strong>polimcum</strong></span> <span class='ocrx_word' id='word_1_709' title='bbox 485 4689 737 4745; x_wconf 89' lang='lat' dir='ltr'><strong>amentia</strong></span> <span class='ocrx_word' id='word_1_710' title='bbox 763 4705 934 4760; x_wconf 89' lang='lat' dir='ltr'><strong>quam</strong></span> <span class='ocrx_word' id='word_1_711' title='bbox 959 4691 1287 4747; x_wconf 87' lang='lat' dir='ltr'><strong>incurrerat</strong></span> <span class='ocrx_word' id='word_1_712' title='bbox 1314 4695 1543 4746; x_wconf 91' lang='lat' dir='ltr'><strong>mortuo</strong></span> <span class='ocrx_word' id='word_1_713' title='bbox 1563 4689 1789 4747; x_wconf 87' lang='lat' dir='ltr'><strong>Iustino</strong></span> <span class='ocrx_word' id='word_1_714' title='bbox 1900 4691 2158 4747; x_wconf 88' lang='lat' dir='ltr'><strong>Iohanne</strong></span> <span class='ocrx_word' id='word_1_715' title='bbox 2189 4694 2248 4743; x_wconf 93' lang='lat' dir='ltr'><strong>et</strong></span> <span class='ocrx_word' id='word_1_716' title='bbox 2296 4686 2427 4744; x_wconf 90' lang='lat' dir='ltr'><strong>aliis</strong></span> <span class='ocrx_word' id='word_1_717' title='bbox 2476 4686 2745 4759; x_wconf 79' lang='lat' dir='ltr'><strong>pluribus</strong></span> <span class='ocrx_word' id='word_1_718' title='bbox 2794 4686 3092 4742; x_wconf 90' lang='lat' dir='ltr'><strong>monachis</strong></span> <span class='ocrx_word' id='word_1_719' title='bbox 3135 4685 3209 4740; x_wconf 89' lang='lat' dir='ltr'><strong>ad</strong></span> <span class='ocrx_word' id='word_1_720' title='bbox 3260 4684 3553 4741; x_wconf 86' lang='lat' dir='ltr'><strong>Christum</strong></span> 
     </span>
    </p>
   </div>
   <div class='ocr_carea' id='block_1_97' title="bbox 140 4776 1789 4850">
    <p class='ocr_par' dir='ltr' id='par_1_97' title="bbox 140 4776 1789 4850">
     <span class='ocr_line' id='line_1_97' title="bbox 140 4776 1789 4850; baseline 0.002 -20"><span class='ocrx_word' id='word_1_721' title='bbox 140 4779 206 4830; x_wconf 90' lang='lat'><strong>17</strong></span> <span class='ocrx_word' id='word_1_722' title='bbox 232 4789 386 4832; x_wconf 92' lang='lat' dir='ltr'><strong>anno</strong></span> <span class='ocrx_word' id='word_1_723' title='bbox 409 4776 573 4846; x_wconf 88' lang='lat' dir='ltr'><strong>regni</strong></span> <span class='ocrx_word' id='word_1_724' title='bbox 607 4778 717 4848; x_wconf 89' lang='lat' dir='ltr'><strong>sui,</strong></span> <span class='ocrx_word' id='word_1_725' title='bbox 751 4778 1036 4849; x_wconf 89' lang='lat' dir='ltr'><strong>Tiberius,</strong></span> <span class='ocrx_word' id='word_1_726' title='bbox 1070 4778 1165 4849; x_wconf 91' lang='lat' dir='ltr'><strong>qui</strong></span> <span class='ocrx_word' id='word_1_727' title='bbox 1201 4793 1331 4836; x_wconf 92' lang='lat' dir='ltr'><strong>cum</strong></span> <span class='ocrx_word' id='word_1_728' title='bbox 1366 4778 1575 4850; x_wconf 82' lang='lat' dir='ltr'><strong>Saphia</strong></span> <span class='ocrx_word' id='word_1_729' title='bbox 1611 4794 1789 4835; x_wconf 90' lang='lat' dir='ltr'><strong>uxore</strong></span> 
     </span>
    </p>
   </div>
   <div class='ocr_carea' id='block_1_98' title="bbox 133 4863 1787 4940">
    <p class='ocr_par' dir='ltr' id='par_1_98' title="bbox 133 4863 1787 4940">
     <span class='ocr_line' id='line_1_98' title="bbox 133 4863 1787 4940; baseline 0.004 -23"><span class='ocrx_word' id='word_1_730' title='bbox 133 4863 346 4920; x_wconf 91' lang='lat' dir='ltr'><strong>Iustini</strong></span> <span class='ocrx_word' id='word_1_731' title='bbox 379 4880 617 4935; x_wconf 87' lang='lat' dir='ltr'><strong>regnum</strong></span> <span class='ocrx_word' id='word_1_732' title='bbox 653 4869 912 4938; x_wconf 89' lang='lat' dir='ltr'><strong>regebat,</strong></span> <span class='ocrx_word' id='word_1_733' title='bbox 940 4867 1156 4924; x_wconf 89' lang='lat' dir='ltr'><strong>invasit</strong></span> <span class='ocrx_word' id='word_1_734' title='bbox 1186 4868 1492 4940; x_wconf 90' lang='lat' dir='ltr'><strong>imperium</strong></span> <span class='ocrx_word' id='word_1_735' title='bbox 1513 4874 1569 4924; x_wconf 90' lang='lat' dir='ltr'><strong>et</strong></span> <span class='ocrx_word' id='word_1_736' title='bbox 1598 4869 1787 4925; x_wconf 90' lang='lat' dir='ltr'><strong>tenuit</strong></span> 
     </span>
    </p>
   </div>
   <div class='ocr_carea' id='block_1_99' title="bbox 140 4955 1791 5027">
    <p class='ocr_par' dir='ltr' id='par_1_99' title="bbox 140 4955 1791 5027">
     <span class='ocr_line' id='line_1_99' title="bbox 140 4955 1791 5027; baseline 0.005 -21"><span class='ocrx_word' id='word_1_737' title='bbox 140 4964 192 5007; x_wconf 91' lang='lat' dir='ltr'><strong>a.</strong></span> <span class='ocrx_word' id='word_1_738' title='bbox 224 4957 278 5023; x_wconf 88' lang='lat'><strong>6,</strong></span> <span class='ocrx_word' id='word_1_739' title='bbox 313 4968 389 5009; x_wconf 90' lang='lat' dir='ltr'><strong>m.</strong></span> <span class='ocrx_word' id='word_1_740' title='bbox 426 4959 510 5025; x_wconf 91' lang='lat'><strong>10,</strong></span> <span class='ocrx_word' id='word_1_741' title='bbox 549 4955 604 5011; x_wconf 90' lang='grc'><strong>(1.</strong></span> <span class='ocrx_word' id='word_1_742' title='bbox 638 4960 689 5011; x_wconf 90' lang='grc'><strong>8.</strong></span> <span class='ocrx_word' id='word_1_743' title='bbox 725 4955 831 5022; x_wconf 90' lang='lat' dir='ltr'><strong>Qui</strong></span> <span class='ocrx_word' id='word_1_744' title='bbox 862 4959 921 5013; x_wconf 90' lang='lat' dir='ltr'><strong>et</strong></span> <span class='ocrx_word' id='word_1_745' title='bbox 955 4955 1322 5027; x_wconf 85' lang='lat' dir='ltr'><strong>largissimus</strong></span> <span class='ocrx_word' id='word_1_746' title='bbox 1369 4957 1424 5012; x_wconf 92' lang='lat' dir='ltr'><strong>in</strong></span> <span class='ocrx_word' id='word_1_747' title='bbox 1457 4957 1791 5014; x_wconf 90' lang='lat' dir='ltr'><strong>elemosinis</strong></span> 
     </span>
    </p>
   </div>
   <div class='ocr_carea' id='block_1_100' title="bbox 139 5040 1790 5118">
    <p class='ocr_par' dir='ltr' id='par_1_100' title="bbox 139 5040 1790 5118">
     <span class='ocr_line' id='line_1_100' title="bbox 139 5040 1790 5118; baseline 0.005 -22"><span class='ocrx_word' id='word_1_748' title='bbox 139 5040 266 5097; x_wconf 84' lang='lat' dir='ltr'><strong>fuit.</strong></span> <span class='ocrx_word' id='word_1_749' title='bbox 302 5042 515 5115; x_wconf 89' lang='lat' dir='ltr'><strong>Sophia</strong></span> <span class='ocrx_word' id='word_1_750' title='bbox 545 5045 830 5103; x_wconf 91' lang='lat' dir='ltr'><strong>adversus</strong></span> <span class='ocrx_word' id='word_1_751' title='bbox 861 5045 1153 5102; x_wconf 90' lang='lat' dir='ltr'><strong>Tiberium</strong></span> <span class='ocrx_word' id='word_1_752' title='bbox 1179 5046 1422 5103; x_wconf 78' lang='lat' dir='ltr'><strong>insidias</strong></span> <span class='ocrx_word' id='word_1_753' title='bbox 1443 5061 1675 5118; x_wconf 89' lang='lat' dir='ltr'><strong>parans,</strong></span> <span class='ocrx_word' id='word_1_754' title='bbox 1694 5048 1790 5104; x_wconf 91' lang='lat' dir='ltr'><strong>Iu-</strong></span> 
     </span>
    </p>
   </div>
   <div class='ocr_carea' id='block_1_101' title="bbox 144 5129 1789 5205">
    <p class='ocr_par' dir='ltr' id='par_1_101' title="bbox 144 5129 1789 5205">
     <span class='ocr_line' id='line_1_101' title="bbox 144 5129 1789 5205; baseline 0.005 -22"><span class='ocrx_word' id='word_1_755' title='bbox 144 5129 457 5188; x_wconf 88' lang='lat' dir='ltr'><strong>stinianum</strong></span> <span class='ocrx_word' id='word_1_756' title='bbox 484 5132 697 5190; x_wconf 89' lang='lat' dir='ltr'><strong>Iustini</strong></span> <span class='ocrx_word' id='word_1_757' title='bbox 727 5139 999 5205; x_wconf 88' lang='lat' dir='ltr'><strong>nepotem</strong></span> <span class='ocrx_word' id='word_1_758' title='bbox 1030 5134 1089 5190; x_wconf 91' lang='lat' dir='ltr'><strong>in</strong></span> <span class='ocrx_word' id='word_1_759' title='bbox 1120 5148 1365 5205; x_wconf 85' lang='lat' dir='ltr'><strong>regnum</strong></span> <span class='ocrx_word' id='word_1_760' title='bbox 1399 5134 1584 5193; x_wconf 85' lang='lat' dir='ltr'><strong>voluit</strong></span> <span class='ocrx_word' id='word_1_761' title='bbox 1615 5136 1789 5194; x_wconf 89' lang='lat' dir='ltr'><strong>subli-</strong></span> 
     </span>
    </p>
   </div>
   <div class='ocr_carea' id='block_1_102' title="bbox 1903 4776 2465 4848">
    <p class='ocr_par' dir='ltr' id='par_1_102' title="bbox 1903 4776 2465 4848">
     <span class='ocr_line' id='line_1_102' title="bbox 1903 4776 2465 4848; baseline -0.007 -15"><span class='ocrx_word' id='word_1_762' title='bbox 1903 4776 2124 4848; x_wconf 85' lang='lat' dir='ltr'><strong>Anglos</strong></span> <span class='ocrx_word' id='word_1_763' title='bbox 2153 4776 2465 4833; x_wconf 91' lang='lat' dir='ltr'><strong>convertit.</strong></span> 
     </span>
    </p>
   </div>
   <div class='ocr_carea' id='block_1_103' title="bbox 1975 4861 3554 4939">
    <p class='ocr_par' dir='ltr' id='par_1_103' title="bbox 1975 4861 3554 4939">
     <span class='ocr_line' id='line_1_103' title="bbox 1975 4861 3554 4939; baseline -0.003 -16"><span class='ocrx_word' id='word_1_764' title='bbox 1975 4867 2167 4939; x_wconf 67' lang='lat' dir='ltr'><strong>[Anq]</strong></span> <span class='ocrx_word' id='word_1_765' title='bbox 2191 4867 2471 4936; x_wconf 88' lang='lat' dir='ltr'><strong>Tempore</strong></span> <span class='ocrx_word' id='word_1_766' title='bbox 2494 4863 2561 4898; x_wconf 67' lang='grc'><strong>1⁸⁸</strong></span> <span class='ocrx_word' id='word_1_767' title='bbox 2583 4863 2901 4935; x_wconf 85' lang='lat' dir='ltr'><strong>Leovigildi</strong></span> <span class='ocrx_word' id='word_1_768' title='bbox 2926 4866 3184 4924; x_wconf 88' lang='lat' dir='ltr'><strong>Renatus</strong></span> <span class='ocrx_word' id='word_1_769' title='bbox 3203 4861 3554 4921; x_wconf 80' lang='lat' dir='ltr'><strong>Viennensis</strong></span> 
     </span>
    </p>
   </div>
   <div class='ocr_carea' id='block_1_104' title="bbox 1904 4950 3554 5030">
    <p class='ocr_par' dir='ltr' id='par_1_104' title="bbox 1904 4950 3554 5030">
     <span class='ocr_line' id='line_1_104' title="bbox 1904 4950 3554 5030; baseline -0.004 -17"><span class='ocrx_word' id='word_1_770' title='bbox 1904 4957 2218 5030; x_wconf 92' lang='lat' dir='ltr'><strong>episcopus</strong></span> <span class='ocrx_word' id='word_1_771' title='bbox 2268 4954 2489 5024; x_wconf 84' lang='lat' dir='ltr'><strong>ﬂoruit,</strong></span> <span class='ocrx_word' id='word_1_772' title='bbox 2525 4953 2622 5024; x_wconf 92' lang='lat' dir='ltr'><strong>qui</strong></span> <span class='ocrx_word' id='word_1_773' title='bbox 2674 4952 2879 5010; x_wconf 90' lang='lat' dir='ltr'><strong>eodem</strong></span> <span class='ocrx_word' id='word_1_774' title='bbox 2928 4967 3078 5009; x_wconf 91' lang='lat' dir='ltr'><strong>anno</strong></span> <span class='ocrx_word' id='word_1_775' title='bbox 3128 4966 3243 5023; x_wconf 92' lang='lat' dir='ltr'><strong>quo</strong></span> <span class='ocrx_word' id='word_1_776' title='bbox 3288 4950 3554 5009; x_wconf 89' lang='lat' dir='ltr'><strong>Iustinus</strong></span> 
     </span>
    </p>
   </div>
   <div class='ocr_carea' id='block_1_105' title="bbox 1909 5042 2661 5113">
    <p class='ocr_par' dir='ltr' id='par_1_105' title="bbox 1909 5042 2661 5113">
     <span class='ocr_line' id='line_1_105' title="bbox 1909 5042 2661 5113; baseline -0.012 -8"><span class='ocrx_word' id='word_1_777' title='bbox 1909 5059 2109 5105; x_wconf 90' lang='lat' dir='ltr'><strong>amens</strong></span> <span class='ocrx_word' id='word_1_778' title='bbox 2142 5044 2330 5100; x_wconf 81' lang='lat' dir='ltr'><strong>factus</strong></span> <span class='ocrx_word' id='word_1_779' title='bbox 2356 5048 2466 5113; x_wconf 89' lang='lat' dir='ltr'><strong>est,</strong></span> <span class='ocrx_word' id='word_1_780' title='bbox 2495 5042 2661 5097; x_wconf 89' lang='lat' dir='ltr'><strong>obiit.</strong></span> 
     </span>
    </p>
   </div>
   <div class='ocr_carea' id='block_1_106' title="bbox 1973 5128 3551 5209">
    <p class='ocr_par' dir='ltr' id='par_1_106' title="bbox 1973 5128 3551 5209">
     <span class='ocr_line' id='line_1_106' title="bbox 1973 5128 3551 5209; baseline -0.005 -18"><span class='ocrx_word' id='word_1_781' title='bbox 1973 5134 2193 5209; x_wconf 52' lang='lat' dir='ltr'><strong>[830m]</strong></span> <span class='ocrx_word' id='word_1_782' title='bbox 2227 5131 2695 5201; x_wconf 80' lang='lat' dir='ltr'><strong>Hermenigildus</strong></span> <span class='ocrx_word' id='word_1_783' title='bbox 2724 5128 3008 5202; x_wconf 86' lang='lat' dir='ltr'><strong>Levigildi</strong></span> <span class='ocrx_word' id='word_1_784' title='bbox 3040 5128 3363 5187; x_wconf 86' lang='lat' dir='ltr'><strong>Gothorum</strong></span> <span class='ocrx_word' id='word_1_785' title='bbox 3394 5128 3551 5198; x_wconf 77' lang='lat' dir='ltr'><strong>regis</strong></span> 
     </span>
    </p>
   </div>
   <div class='ocr_carea' id='block_1_107' title="bbox 1738 5269 1962 5327">
    <p class='ocr_par' dir='ltr' id='par_1_107' title="bbox 1738 5269 1962 5327">
     <span class='ocr_line' id='line_1_107' title="bbox 1738 5269 1962 5327; baseline 0.004 -2"><span class='ocrx_word' id='word_1_786' title='bbox 1738 5269 1962 5327; x_wconf 64' lang='lat' dir='ltr'><strong>NOTIE.</strong></span> 
     </span>
    </p>
   </div>
   <div class='ocr_carea' id='block_1_108' title="bbox 215 5391 1795 5480">
    <p class='ocr_par' dir='ltr' id='par_1_108' title="bbox 215 5394 1795 5480">
     <span class='ocr_line' id='line_1_108' title="bbox 215 5394 1795 5480; baseline 0.005 -28"><span class='ocrx_word' id='word_1_787' title='bbox 215 5394 281 5429; x_wconf 78' lang='grc'><strong>¹⁸¹</strong></span> <span class='ocrx_word' id='word_1_788' title='bbox 307 5398 539 5480; x_wconf 64' lang='lat' dir='ltr'><strong>optinet</strong></span> <span class='ocrx_word' id='word_1_789' title='bbox 568 5399 688 5480; x_wconf 58' lang='lat' dir='ltr'><strong>legs:</strong></span> <span class='ocrx_word' id='word_1_790' title='bbox 732 5397 1092 5480; x_wconf 37' lang='lat' dir='ltr'><strong>autumni”.</strong></span> <span class='ocrx_word' id='word_1_791' title='bbox 1120 5399 1268 5480; x_wconf 52' lang='lat' dir='ltr'><strong>aliis</strong></span> <span class='ocrx_word' id='word_1_792' title='bbox 1296 5400 1575 5480; x_wconf 56' lang='lat' dir='ltr'><strong>inquibus</strong></span> <span class='ocrx_word' id='word_1_793' title='bbox 1588 5402 1795 5480; x_wconf 56' lang='lat' dir='ltr'><strong>utram</strong></span> 
     </span>
    </p>
   </div>
   <div class='ocr_carea' id='block_1_109' title="bbox 1966 5391 3551 5480">
    <p class='ocr_par' dir='ltr' id='par_1_109' title="bbox 1966 5391 3551 5480">
     <span class='ocr_line' id='line_1_109' title="bbox 1966 5391 3551 5480; baseline -0.007 -22"><span class='ocrx_word' id='word_1_794' title='bbox 1966 5397 2510 5480; x_wconf 43' lang='lat' dir='ltr'><strong>issubjiciuutur”;</strong></span> <span class='ocrx_word' id='word_1_795' title='bbox 2563 5396 2786 5480; x_wconf 74' lang='lat' dir='ltr'><strong>Parvus</strong></span> <span class='ocrx_word' id='word_1_796' title='bbox 2830 5394 3242 5480; x_wconf 66' lang='lat' dir='ltr'><strong>Iosorrandus.</strong></span> <span class='ocrx_word' id='word_1_797' title='bbox 3262 5391 3551 5480; x_wconf 41' lang='lat' dir='ltr'><strong>Illumbal-</strong></span> 
     </span>
    </p>
   </div>
   <div class='ocr_carea' id='block_1_110' title="bbox 148 5466 3544 5550">
    <p class='ocr_par' dir='ltr' id='par_1_110' title="bbox 148 5466 3544 5550">
     <span class='ocr_line' id='line_1_110' title="bbox 148 5466 3544 5550; baseline -0.001 -27"><span class='ocrx_word' id='word_1_798' title='bbox 148 5466 724 5550; x_wconf 63' lang='lat' dir='ltr'><strong>dus,_Viacliacensis</strong></span> <span class='ocrx_word' id='word_1_799' title='bbox 753 5471 956 5550; x_wconf 85' lang='lat' dir='ltr'><strong>abbas.</strong></span> <span class='ocrx_word' id='word_1_800' title='bbox 990 5470 1328 5550; x_wconf 73' lang='lat' dir='ltr'><strong>Rainaldus.</strong></span> <span class='ocrx_word' id='word_1_801' title='bbox 1363 5470 1568 5550; x_wconf 33' lang='lat' dir='ltr'><strong>Falco,</strong></span> <span class='ocrx_word' id='word_1_802' title='bbox 1588 5466 2153 5550; x_wconf 56' lang='lat' dir='ltr'><strong>Petrus.__amedeus&#39;</strong></span> <span class='ocrx_word' id='word_1_803' title='bbox 2175 5469 2411 5548; x_wconf 68' lang='lat' dir='ltr'><strong>obiitin</strong></span> <span class='ocrx_word' id='word_1_804' title='bbox 2444 5467 2655 5550; x_wconf 33' lang='lat' dir='ltr'><strong>iot‘nere</strong></span> <span class='ocrx_word' id='word_1_805' title='bbox 2688 5466 2858 5550; x_wconf 52' lang='lat' dir='ltr'><strong>[itere</strong></span> <span class='ocrx_word' id='word_1_806' title='bbox 2890 5467 2964 5550; x_wconf 45' lang='grc' dir='ltr'><strong>(ξίι</strong></span> <span class='ocrx_word' id='word_1_807' title='bbox 3017 5466 3544 5550; x_wconf 41' lang='lat' dir='ltr'><strong>Iherosoli-mitano.</strong></span> 
     </span>
    </p>
   </div>
   <div class='ocr_carea' id='block_1_111' title="bbox 148 5535 1795 5670">
    <p class='ocr_par' dir='ltr' id='par_1_111' title="bbox 148 5535 1795 5670">
     <span class='ocr_line' id='line_1_111' title="bbox 148 5535 1781 5670; baseline 0.004 -77"><span class='ocrx_word' id='word_1_808' title='bbox 148 5535 483 5597; x_wconf 84' lang='lat' dir='ltr'><strong>Hunbertus</strong></span> <span class='ocrx_word' id='word_1_809' title='bbox 511 5541 609 5612; x_wconf 89' lang='lat' dir='ltr'><strong>qui</strong></span> <span class='ocrx_word' id='word_1_810' title='bbox 639 5547 910 5613; x_wconf 86' lang='lat' dir='ltr'><strong>superest</strong></span> <span class='ocrx_word' id='word_1_811' title='bbox 944 5541 1133 5599; x_wconf 89' lang='lat' dir='ltr'><strong>adhuc</strong></span> <span class='ocrx_word' id='word_1_812' title='bbox 1158 5555 1212 5599; x_wconf 82' lang='grc' dir='ltr'><strong>υ.</strong></span> <span class='ocrx_word' id='word_1_813' title='bbox 1244 5555 1431 5646; x_wconf 50' lang='lat' dir='ltr'><strong>surge</strong></span> <span class='ocrx_word' id='word_1_814' title='bbox 1548 5548 1670 5600; x_wconf 90' lang='lat'><strong>282.</strong></span> <span class='ocrx_word' id='word_1_815' title='bbox 1707 5543 1781 5627; x_wconf 63' lang='grc' dir='ltr'><strong>ιξε</strong></span> 
     </span>
     <span class='ocr_line' id='line_1_112' title="bbox 148 5609 1795 5670; baseline -0.001 -2"><span class='ocrx_word' id='word_1_816' title='bbox 148 5620 338 5670; x_wconf 69' lang='lat' dir='ltr'><strong>mam.</strong></span> <span class='ocrx_word' id='word_1_817' title='bbox 365 5609 434 5645; x_wconf 77' lang='grc'><strong>¹⁸⁸</strong></span> <span class='ocrx_word' id='word_1_818' title='bbox 459 5625 512 5668; x_wconf 90' lang='lat' dir='ltr'><strong>e.</strong></span> <span class='ocrx_word' id='word_1_819' title='bbox 550 5626 595 5666; x_wconf 87' lang='lat' dir='ltr'><strong>r.</strong></span> <span class='ocrx_word' id='word_1_820' title='bbox 631 5627 680 5670; x_wconf 76' lang='grc' dir='ltr'><strong>ε.</strong></span> <span class='ocrx_word' id='word_1_821' title='bbox 705 5627 752 5669; x_wconf 86' lang='lat' dir='ltr'><strong>s.</strong></span> <span class='ocrx_word' id='word_1_822' title='bbox 789 5613 848 5670; x_wconf 90' lang='lat' dir='ltr'><strong>C.</strong></span> <span class='ocrx_word' id='word_1_823' title='bbox 882 5628 938 5669; x_wconf 91' lang='lat' dir='ltr'><strong>n.</strong></span> <span class='ocrx_word' id='word_1_824' title='bbox 969 5626 1262 5670; x_wconf 71' lang='lat' dir='ltr'><strong>superscr.</strong></span> <span class='ocrx_word' id='word_1_825' title='bbox 1388 5614 1459 5670; x_wconf 88' lang='lat' dir='ltr'><strong>Io</strong></span> <span class='ocrx_word' id='word_1_826' title='bbox 1502 5657 1515 5670; x_wconf 93' lang='lat'><strong>.</strong></span> <span class='ocrx_word' id='word_1_827' title='bbox 1549 5645 1621 5657; x_wconf 88' lang='lat'><strong>--</strong></span> <span class='ocrx_word' id='word_1_828' title='bbox 1648 5630 1795 5670; x_wconf 41' lang='lat' dir='ltr'><strong>amnt</strong></span> 
     </span>
    </p>
   </div>
   <div class='ocr_carea' id='block_1_112' title="bbox 1966 5535 3553 5670">
    <p class='ocr_par' dir='ltr' id='par_1_112' title="bbox 1966 5535 3553 5670">
     <span class='ocr_line' id='line_1_113' title="bbox 1966 5535 3553 5613; baseline -0.004 -16"><span class='ocrx_word' id='word_1_829' title='bbox 1966 5574 2021 5585; x_wconf 89' lang='lat'><em>-</em></span> <span class='ocrx_word' id='word_1_830' title='bbox 2073 5540 2397 5613; x_wconf 64' lang='lat' dir='ltr'><strong>Campania;</strong></span> <span class='ocrx_word' id='word_1_831' title='bbox 2444 5539 2513 5596; x_wconf 75' lang='lat' dir='ltr'><strong>iu</strong></span> <span class='ocrx_word' id='word_1_832' title='bbox 2556 5535 2748 5609; x_wconf 63' lang='lat' dir='ltr'><strong>marg.</strong></span> <span class='ocrx_word' id='word_1_833' title='bbox 2793 5535 2861 5569; x_wconf 73' lang='grc'><strong>¹⁸⁶</strong></span> <span class='ocrx_word' id='word_1_834' title='bbox 2901 5535 3024 5603; x_wconf 84' lang='lat' dir='ltr'><strong>Qua</strong></span> <span class='ocrx_word' id='word_1_835' title='bbox 3076 5567 3144 5579; x_wconf 91' lang='lat'><strong>-</strong></span> <span class='ocrx_word' id='word_1_836' title='bbox 3183 5535 3438 5596; x_wconf 86' lang='lat' dir='ltr'><strong>vastavit</strong></span> <span class='ocrx_word' id='word_1_837' title='bbox 3481 5536 3553 5593; x_wconf 69' lang='lat' dir='ltr'><strong>in</strong></span> 
     </span>
     <span class='ocr_line' id='line_1_114' title="bbox 1966 5603 3553 5670; baseline -0.006 1"><span class='ocrx_word' id='word_1_838' title='bbox 1966 5627 2212 5670; x_wconf 61' lang='lat' dir='ltr'><strong>ama/ro.</strong></span> <span class='ocrx_word' id='word_1_839' title='bbox 2254 5609 2509 5667; x_wconf 75' lang='lat' dir='ltr'><strong>“7Anno</strong></span> <span class='ocrx_word' id='word_1_840' title='bbox 2537 5638 2608 5650; x_wconf 89' lang='lat'><strong>--</strong></span> <span class='ocrx_word' id='word_1_841' title='bbox 2636 5606 2886 5665; x_wconf 87' lang='lat' dir='ltr'><strong>moritur</strong></span> <span class='ocrx_word' id='word_1_842' title='bbox 2928 5609 3000 5668; x_wconf 66' lang='lat' dir='ltr'><strong>iu</strong></span> <span class='ocrx_word' id='word_1_843' title='bbox 3029 5621 3223 5670; x_wconf 69' lang='lat' dir='ltr'><strong>marg.</strong></span> <span class='ocrx_word' id='word_1_844' title='bbox 3278 5603 3348 5641; x_wconf 67' lang='grc'><strong>1⁸⁸</strong></span> <span class='ocrx_word' id='word_1_845' title='bbox 3389 5607 3553 5665; x_wconf 75' lang='lat' dir='ltr'><strong>Tem-</strong></span> 
     </span>
    </p>
   </div>
   <div class='ocr_carea' id='block_1_113' title="bbox 143 5609 1262 5685">
    <p class='ocr_par' dir='ltr' id='par_1_113' title="bbox 143 5609 1262 5685">
     <span class='ocr_line' id='line_1_115' title="bbox 143 5609 1262 5685; baseline 0.002 -17"><span class='ocrx_word' id='word_1_846' title='bbox 143 5620 338 5682; x_wconf 61' lang='grc' dir='ltr'><strong>(παθη.</strong></span> <span class='ocrx_word' id='word_1_847' title='bbox 365 5609 607 5685; x_wconf 67' lang='lat' dir='ltr'><strong>“’_e._&#39;r.</strong></span> <span class='ocrx_word' id='word_1_848' title='bbox 631 5627 680 5671; x_wconf 76' lang='grc' dir='ltr'><strong>ε.</strong></span> <span class='ocrx_word' id='word_1_849' title='bbox 705 5609 752 5669; x_wconf 73' lang='grc' dir='ltr'><strong>ἑ.</strong></span> <span class='ocrx_word' id='word_1_850' title='bbox 789 5613 848 5670; x_wconf 90' lang='lat' dir='ltr'><strong>C.</strong></span> <span class='ocrx_word' id='word_1_851' title='bbox 882 5628 938 5669; x_wconf 91' lang='lat' dir='ltr'><strong>n.</strong></span> <span class='ocrx_word' id='word_1_852' title='bbox 969 5626 1262 5685; x_wconf 74' lang='lat' dir='ltr'><strong>superscr.</strong></span> 
     </span>
    </p>
   </div>
   <div class='ocr_carea' id='block_1_114' title="bbox 150 5683 995 5763">
    <p class='ocr_par' dir='ltr' id='par_1_114' title="bbox 150 5683 995 5763">
     <span class='ocr_line' id='line_1_116' title="bbox 150 5683 995 5763; baseline 0.007 -29"><span class='ocrx_word' id='word_1_853' title='bbox 150 5691 285 5749; x_wconf 89' lang='lat' dir='ltr'><strong>pore</strong></span> <span class='ocrx_word' id='word_1_854' title='bbox 312 5713 382 5725; x_wconf 96' lang='lat'><em>—</em></span> <span class='ocrx_word' id='word_1_855' title='bbox 407 5683 555 5738; x_wconf 88' lang='lat' dir='ltr'><strong>obiit</strong></span> <span class='ocrx_word' id='word_1_856' title='bbox 585 5684 656 5741; x_wconf 77' lang='lat' dir='ltr'><strong>iu</strong></span> <span class='ocrx_word' id='word_1_857' title='bbox 687 5697 885 5755; x_wconf 65' lang='lat' dir='ltr'><strong>marg.</strong></span> <span class='ocrx_word' id='word_1_858' title='bbox 989 5756 995 5763; x_wconf 22' lang='grc' dir='ltr'><strong>ε</strong></span> 
     </span>
    </p>
   </div>
   <div class='ocr_carea' id='block_1_115' title="bbox 1549 5603 3553 5687">
    <p class='ocr_par' dir='ltr' id='par_1_115' title="bbox 1549 5603 3553 5687">
     <span class='ocr_line' id='line_1_117' title="bbox 1549 5603 3553 5687; baseline -0.004 -13"><span class='ocrx_word' id='word_1_859' title='bbox 1549 5645 1621 5657; x_wconf 91' lang='lat'><strong>--</strong></span> <span class='ocrx_word' id='word_1_860' title='bbox 1648 5603 1904 5687; x_wconf 66' lang='lat' dir='ltr'><strong>quinque</strong></span> <span class='ocrx_word' id='word_1_861' title='bbox 1932 5616 2006 5675; x_wconf 69' lang='lat' dir='ltr'><strong>iu</strong></span> <span class='ocrx_word' id='word_1_862' title='bbox 2018 5603 2227 5684; x_wconf 47' lang='lat' dir='ltr'><strong>mam:</strong></span> <span class='ocrx_word' id='word_1_863' title='bbox 2254 5609 2322 5645; x_wconf 80' lang='grc'><strong>¹⁸⁷</strong></span> <span class='ocrx_word' id='word_1_864' title='bbox 2343 5612 2509 5667; x_wconf 77' lang='lat' dir='ltr'><strong>Anno</strong></span> <span class='ocrx_word' id='word_1_865' title='bbox 2537 5638 2608 5650; x_wconf 90' lang='lat'><strong>--</strong></span> <span class='ocrx_word' id='word_1_866' title='bbox 2636 5603 2886 5665; x_wconf 71' lang='lat' dir='ltr'><strong>m&#39;oritur</strong></span> <span class='ocrx_word' id='word_1_867' title='bbox 2928 5609 3000 5668; x_wconf 66' lang='lat' dir='ltr'><strong>iu</strong></span> <span class='ocrx_word' id='word_1_868' title='bbox 3029 5621 3223 5681; x_wconf 68' lang='lat' dir='ltr'><strong>marg.</strong></span> <span class='ocrx_word' id='word_1_869' title='bbox 3278 5603 3348 5641; x_wconf 67' lang='grc'><strong>1⁸⁸</strong></span> <span class='ocrx_word' id='word_1_870' title='bbox 3389 5607 3553 5665; x_wconf 59' lang='lat' dir='ltr'><strong>Talna</strong></span> 
     </span>
    </p>
   </div>
  </div>
