3922 6404
364 362 442 421 99
1200 388 1209 393 ~
1344 350 1634 423 HUGON
1640 361 1711 423 IS
1732 361 2101 433 .ABBATIS
2143 350 2825 427 FLAVINIACENSIS

3654 364 3787 426 100

367 493 545 563 filius,
560 494 635 567 qh
650 494 781 550 fidei
805 490 1109 551 catholicze
1124 509 1228 548 con
1241 492 1550 549 fessionem
1568 493 1731 563 regni
1748 494 2011 565 privatus

2203 500 2262 551 to
2296 497 2443 553 facta
2477 501 2567 553 est
2601 496 2771 553 domo
2803 497 3095 570 Widrado,
3127 504 3184 557 et
3218 498 3547 571 Magoaldus
3582 498 3786 555 abbas

366 582 562 640 infulis
593 600 620 639 a
647 586 810 653 patre
843 583 1085 638 Arriano
1115 588 1172 637 et
1209 580 1433 638 carceri
1457 582 1722 652 injectus,
1754 583 1878 654 ipsa
1905 585 2013 638 Do-

364 672 588 728 minicze
614 671 1063 727 resurrectionis
1090 676 1256 726 nocte
1279 670 1471 726 securi
1490 671 1540 725 in
1557 672 1751 741 capite
1770 686 2008 742 percus-

369 776 488 829 sus,
524 774 756 828 regnum
792 759 1029 815 moleste
1063 775 1163 813 rex
1197 764 1254 813 et
1289 766 1509 828 martyr
1543 759 1800 814 intravit.
1840 761 2015 830 Cujus

334 882 349 899 ο
368 850 548 904 frater
573 849 945 903 Recharedus
970 864 1071 903 rex
1097 848 1413 903 Gothorum
1441 848 1605 918 prius
1620 848 1907 903 secretius
1928 850 2019 903 ba-

373 937 627 1009 ptizatus
653 941 766 1007 est,
791 942 849 991 et
887 943 1017 1007 post
1042 952 1241 991 omnes
1268 937 1486 991 Gothos
1509 937 1602 1005 qui
1629 942 1765 992 tunc
1790 937 2016 996 Arriani

369 1029 533 1080 erant
564 1023 826 1079 Toletum
863 1023 1105 1079 adunari
1136 1024 1321 1094 jussit
1368 1023 1573 1093 quinto
1619 1038 1769 1080 anno
1812 1026 2015 1094 pontiti

367 1118 536 1169 catus
582 1112 869 1181 Gregorii,
921 1117 976 1167 et
1029 1112 1375 1183 przesentari
1427 1112 1538 1167 sibi
1592 1128 1793 1169 omnes
1838 1119 2016 1169 sectae

370 1201 630 1256 Arriana;
681 1200 861 1255 libros
917 1215 1065 1270 quos
1113 1207 1172 1256 et
1222 1201 1466 1255 cremari
1521 1201 1678 1271 fecit,
1714 1208 1773 1257 et
1817 1216 2016 1258 omnes

370 1290 588 1344 Gothos
623 1288 908 1359 baptizari
950 1289 1267 1343 mandavit.

441 1378 631 1448 [Ano.]
678 1377 983 1448 Philippus
1028 1391 1263 1446 quoque
1319 1378 1667 1434 Viennensis
1699 1379 2019 1449 episcopus

369 1466 553 1535 viguit
586 1465 706 1531 (fol.
740 1468 849 1537 36),
877 1466 968 1520 cui
1001 1466 1291 1520 successit
1323 1467 1604 1522 Evantius
1639 1467 1727 1522 vir
1756 1473 2016 1537 sanctus,

371 1555 464 1625 qui
498 1569 629 1609 eum
663 1564 869 1610 saneto
900 1554 1099 1609 Prisco
1140 1556 1151 1599 |
1180 1555 1502 1623 ugdunensi
1561 1562 1620 1611 et
1672 1556 1933 1610 Artemio
1963 1558 2023 1611 et

370 1642 653 1698 Senonico
675 1648 735 1698 et
756 1642 1016 1709 Remigio
1042 1642 1387 1698 Bituricensi
1417 1648 1473 1698 et
1501 1643 1634 1699 aliis
1662 1643 1884 1699 sanctis
1907 1644 2024 1714 epi'

370 1730 589 1801 scopis,
626 1730 850 1800 Siagrio
885 1746 1114 1800 quoque
1158 1731 1435 1799 Eduensi,
1472 1737 1541 1787 20
1572 1731 1826 1802 capitula
1863 1734 2027 1787 robo-

367 1819 547 1884 ravit;
573 1819 665 1875 cui
701 1819 987 1875 successit
1025 1821 1228 1887 Verus,
1261 1820 1429 1888 cujus
1461 1820 1743 1876 diaconus
1771 1821 2024 1876 fuitsan-

365 1912 496 1964 etus
528 1907 865 1963 Desiderius
897 1907 1199 1975 Eduensis,
1226 1908 1357 1963 etei
1389 1909 1685 1963 successit
1708 1908 2024 1964 Domnolus

372 1995 426 2050 in
464 1995 822 2051 redimendis
865 1994 1118 2065 captivis
1165 2001 1461 2063 strenuus,
1511 1998 1682 2066 eique
1730 1997 2022 2052 successit

373 2084 652 2139 Etherius
684 2089 946 2154 tempore
979 2084 1188 2139 Eraclii
1234 2085 1627 2154 imperatoris.

296 2160 307 2167 ’
440 2172 732 2243 [Faenza]
756 2188 826 2228 eo
857 2187 1006 2228 anno
1041 2187 1187 2228 uxor
1222 2173 1441 2228 Arnulfi
1477 2175 1850 2243 imperatoris
1891 2176 2026 2230 Per-

365 2275 561 2316 sarum
588 2261 771 2316 virum
795 2276 962 2317 suum
992 2261 1330 2331 relinquens
1352 2277 1481 2317 cum
1518 2267 1798 2331 quattuor
1824 2264 2023 2333 pueris

369 2353 429 2405 et
450 2348 695 2405 totidem
721 2350 950 2420 puellis,
979 2351 1045 2405 ad
1065 2355 1331 2405 sanctum
1353 2351 1667 2406 Iohannem
1695 2353 2024 2408 Constanti-

372 2438 630 2508 nopolim
654 2438 992 2509 episcopum
1016 2440 1275 2509 veniens,
1304 2440 1450 2495 dixit
1486 2455 1548 2494 se
1582 2455 1748 2495 unam
1783 2456 1913 2496 esse
1947 2442 2017 2497 de

365 2525 603 2598 populo,
624 2530 681 2582 et
719 2526 1015 2598 baptizata
1049 2532 1158 2597 est,
1187 2542 1356 2597 quam
1388 2531 1643 2598 suscepit
1676 2530 1745 2584 de
1778 2529 2014 2585 lavacro

378 2619 582 2671 sancto
615 2630 760 2671 uxor
792 2615 1047 2671 Mauricii
1074 2616 1463 2687 imperatoris.
1489 2618 1627 2681 Qure
1652 2634 1782 2673 cum
1818 2619 2022 2688 sepius

373 2702 1097 2775 perlegatosrepeteretur
1119 2712 1177 2760 et
1202 2720 1346 2760 uxor
1366 2705 1493 2776 ejus
1515 2720 1640 2760 esse
1666 2706 2016 2777 nesciretur,

371 2795 617 2860 augusta
653 2791 858 2846 videns
885 2805 1009 2846 eam
1042 2790 1491 2861 pulcherrimam
1526 2797 1583 2847 et
1627 2793 1926 2864 suSpicata
1952 2808 2019 2848 ne

375 2878 498 2948 ipsa
530 2884 689 2937 esset
729 2894 856 2949 quas
890 2880 1269 2949 querebatur,
1304 2881 1565 2936 ostendit
1612 2896 1736 2936 eam
1787 2881 2014 2949 legatis.

372 2965 551 3031 Quam
584 2966 671 3021 illi
703 2967 1000 3037 viderunt,
1030 2975 1087 3022 et
1128 2973 1512 3036 agnoscentes
1563 2968 1783 3024 uultum
1836 2971 1906 3024 ab
1953 2985 2018 3025 ea

370 3068 718 3124 reaponsum
751 3054 953 3110 audire
991 3060 1302 3126 potuerunt
1332 3057 1437 3114 nisi
1472 3058 1633 3128 prius
1659 3058 2020 3127 baptizaren-

370 3146 487 3198 tur.
507 3142 594 3197 Illi
616 3142 805 3197 animo
831 3143 1047 3199 volenti
1072 3144 1318 3212 gratiam
1343 3146 1614 3215 baptismi
1639 3151 2012 3215 acceperunt.

372 3231 599 3297 Quibus
633 3230 728 3285 illa
762 3231 817 3287 id
848 3232 1010 3287 dedit
1041 3248 1406 3303 responsum,
1443 3249 1554 3288 non
1605 3248 1665 3288 se
1711 3233 1777 3287 ad
1830 3234 2016 3289 virum

371 3320 716 3391 redituram,
743 3321 847 3376 nisi
881 3321 977 3377 ille
1012 3322 1196 3393 primo
1233 3323 1500 3393 baptismi
1541 3324 2021 3393 pereiperetgra-

367 3407 526 3464 tiam.
565 3407 729 3474 Quod
763 3424 891 3465 eum
927 3409 1271 3480 imperatiri
1324 3412 1632 3466 Persarum
1682 3410 2016 3465 nunciatum

368 3495 603 3564 fuisset,
631 3495 983 3565 legationem
1026 3498 1184 3552 misit
1216 3498 1284 3553 ad
1334 3498 1668 3553 Mauricium
1708 3501 2019 3568 imperato-

366 3598 509 3654 rem,
528 3588 591 3639 ut
615 3589 857 3640 sanctus
877 3585 1170 3639 Iohannes
1196 3585 1345 3640 venit
1363 3591 1422 3640 et
1454 3585 1840 3655 Antiochiam,
1859 3601 1885 3640 a
1904 3602 2017 3655 quo

366 3670 719 3741 baptismum
739 3672 949 3727 salutis
964 3673 1276 3743 acciperet.
1298 3673 1459 3738 Quod
1476 3678 1535 3726 et
1556 3673 1867 3728 Mauricius
1894 3674 2017 3729 ﬁeri

360 3759 692 3829 jussitcum
728 3759 954 3814 infinito
979 3766 1281 3831 apparatu.
1312 3761 1390 3814 lbi
1429 3761 1764 3830 baptizatus
1796 3766 1884 3817 est
1918 3762 2018 3816 im-

366 3852 605 3920 perator
637 3849 947 3904 Persarum
981 3864 1111 3903 cum
1142 3849 1443 3918 sexaginta
1478 3848 1711 3906 milibus
1734 3850 2012 3919 virorum,

365 3940 422 3992 et
439 3950 470 3991 a
487 3940 692 3991 saneto
718 3935 999 4004 Gregorio
1020 3936 1379 3992 Antiocheno
1402 3938 1473 3992 de
1500 3939 1656 3992 fonte
1683 3945 2011 4009 susceptus,

364 4023 541 4080 Petiit
557 4028 750 4080 autem
775 4024 847 4079 ab
869 4023 1223 4095 imperatore
1245 4025 1525 4082 Mauricio
1548 4026 1857 4097 episcopos
1882 4041 2012 4083 eum

369 4112 539 4170 Clero
564 4113 894 4182 sufficienti,
914 4114 1066 4183 quod
1082 4119 1141 4169 et
1158 4114 1254 4170 ille
1273 4116 1583 4185 concessit,
1601 4122 1659 4171 et
1683 4116 1766 4173 sic
1791 4131 2012 4172 summa

360 4200 675 4258 celeritate
706 4201 897 4257 omnis
928 4202 1164 4258 Persida
1209 4203 1438 4258 Christo
1470 4203 1703 4259 domino
1735 4204 2007 4259 credidit.

360 4289 577 4346 Eodem
611 4293 871 4359 tempore
904 4304 1052 4346 anno
1085 4291 1157 4346 ab
1192 4290 1303 4347 inc.
1337 4294 1495 4348 Dom.
1525 4297 1647 4361 598,
1670 4292 1902 4349 inventa
1921 4300 2008 4349 est

358 4378 560 4436 tunica
594 4378 817 4434 Domini
852 4378 1229 4436 inconsutilis
1259 4380 1315 4435 in
1357 4381 1596 4436 civitate
1625 4382 1846 4453 Zafath,
1879 4386 1935 4438 et
1980 4398 2008 4439 a

361 4467 647 4537 Gregorio
677 4467 1039 4524 Antiocheno
1069 4473 1127 4525 et
1159 4469 1370 4525 Thema
1404 4469 1911 4527 Iherosolimitano
1952 4476 2010 4527 et

2126 584 2432 641 ordinatus
2461 591 2571 655 est,
2607 600 2756 643 anno
2790 588 2862 642 ab
2892 587 3001 643 inc.
3036 589 3192 644 Dom.
3221 594 3345 659 60t,
3371 587 3697 645 indictione
3724 592 3781 642 5.

2128 672 2246 742 (fol.
2283 674 2395 744 37.)
2432 676 2590 730 Anno
2625 675 2808 745 primo
2840 677 3174 733 Theoderici
3210 679 3382 748 regis,
3418 675 3515 749 qui
3543 680 3674 733 erat
3705 676 3786 731 ab

2129 760 2238 817 inc.
2273 764 2432 818 Dom.
2469 768 2598 833 606,
2622 765 2782 820 Poena
2806 780 2945 820 vero
2968 765 3343 837 imperatoris
3362 770 3412 836 3,
3440 766 3587 821 idem
3611 765 3788 820 dom—

2129 863 2237 903 nus
2267 849 2656 907 Theodericus
2687 855 3102 908 testamentum
3145 854 3333 910 domni
3390 853 3649 909 Widradi
3707 853 3785 908 de

2127 944 2323 993 castro
2354 954 2453 995 seu
2485 940 2753 995 coenobio
2780 940 3197 1011 Flaviniaeensi
3219 942 3411 1012 sigillo
3436 958 3538 998 suo
3561 940 3787 998 confir-

2130 1026 2305 1080 mavit
2348 1027 2582 1095 factum,
2618 1032 2674 1082 et
2720 1030 3131 1086 corroboravit
3176 1030 3330 1102 apud
3383 1030 3780 1095 Sinemurum,

2127 1114 2384 1170 secundo
2408 1119 2538 1185 post
2564 1117 2875 1173 transitum
2902 1118 3088 1174 sancti
3115 1118 3375 1187 Gregorii
3397 1133 3564 1188 anno,
3582 1118 3786 1189 primo

2127 1202 2352 1258 scilicet
2383 1209 2632 1274 papatus
2664 1205 2976 1275 Saviniani,
3006 1207 3363 1277 praesidente
3399 1207 3782 1276 Lugdunensi

2126 1291 2408 1348 ecclesia)
2447 1292 2774 1349 Secundino
2806 1294 3268 1367 archiepiscopo.

2202 1381 2364 1434 Anno
2397 1381 2467 1435 ab
2501 1380 2612 1436 inc.
2640 1382 2798 1437 Dom.
2826 1386 2931 1439 602
2953 1382 3040 1453 ¹⁹⁰,
3069 1385 3247 1441 Focas
3269 1384 3386 1441 dux
3408 1389 3467 1440 et
3489 1385 3785 1455 patricius

2132 1467 2214 1522 rei
2252 1467 2498 1537 publicae
2530 1468 2718 1523 victor
2748 1484 2778 1525 a
2812 1470 3007 1525 Persis
3039 1472 3288 1541 rediens,
3317 1472 3652 1528 Mauricium
3679 1472 3789 1527 im-

2133 1559 2465 1625 peratorem
2482 1556 2799 1626 interfecit,
2815 1561 2873 1612 et
2891 1558 3193 1629 imperium
3210 1560 3527 1631 assumpsit
3547 1578 3562 1627 ;
3580 1574 3791 1630 regna-

2134 1643 2216 1697 vit
2258 1657 2438 1698 annos
2467 1648 2499 1699 8
2530 1643 2616 1700 "1.
2653 1646 2731 1700 Eo
2767 1660 2917 1701 anno
2952 1647 3223 1703 Etherius
3253 1648 3658 1717 Lugdunensis
3690 1663 3788 1704 ar-

2137 1731 2546 1803 chiepiscopus
2577 1734 2743 1798 obiit,
2779 1734 2831 1788 in
2867 1733 2993 1801 ejus
3023 1734 3213 1790 locum
3265 1735 3650 1792 substituitur
3684 1738 3787 1793 Se-

2058 1848 2106 1907 B
2136 1820 2441 1876 cundinus.
2479 1824 2642 1877 Anno
2683 1823 2845 1878 Foem
2890 1829 2943 1891 2,
2979 1822 3296 1879 indictione
3343 1829 3396 1893 8,
3430 1829 3635 1896 cpacta
3685 1828 3780 1896 26,

2136 1915 2525 1971 concurrente
2556 1912 2606 1979 4,
2643 1911 2714 1966 ab
2746 1911 2858 1967 inc.
2893 1912 3051 1966 Dom.
3087 1916 3189 1967 605
3222 1910 3289 1945 ¹⁹²
3323 1913 3528 1968 beatus
3562 1914 3787 1984 Grego—

2137 1997 2260 2051 rius
2292 1997 2559 2066 migravit
2592 1999 2661 2053 ad
2695 2001 3020 2071 Dominum,
3046 2000 3428 2069 regnantibus
3454 2000 3506 2055 in
3532 2002 3782 2058 Francia

2133 2085 2487 2142 Theoderico
2510 2093 2568 2141 et
2591 2088 2993 2145 Theodeherto
3020 2089 3319 2144 fratribus.
3338 2088 3625 2145 Successit
3654 2090 3783 2146 eiin

2134 2174 2480 2244 episcopatu
2513 2177 2783 2232 Romana)
2815 2176 3080 2233 ecclesia;
3108 2181 3237 2247 post
3262 2176 3315 2232 d.
3342 2179 3411 2231 22
3432 2177 3784 2235 Savinianus

2133 2263 2370 2331 Tuscus,
2400 2268 2564 2333 patre
2598 2265 2753 2320 Bono
2784 2265 2855 2321 de
2888 2265 3127 2320 civitate
3161 2265 3346 2334 Blera,
3372 2265 3522 2321 sedit
3543 2280 3596 2321 a.
3621 2273 3676 2336 1,
3703 2281 3783 2322 m.

2135 2354 2184 2417 5,
2219 2349 2273 2403 d.
2301 2354 2332 2405 8
2357 2349 2637 2426 (Gestap.
2667 2354 2787 2417 12.).
2812 2353 2914 2408 Hie
2937 2353 3161 2409 addidit
3188 2351 3490 2408 luminaria
3514 2352 3570 2407 in
3593 2353 3785 2409 eccle-

2135 2436 2218 2492 sia
2255 2438 2409 2493 beati
2444 2440 2622 2494 Petri.
2658 2441 2796 2496 Post
2831 2456 2961 2497 eum
2996 2440 3150 2497 sedit
3193 2440 3534 2496 Bonefaeius
3564 2442 3636 2496 III
3671 2442 3785 2498 Ro-

2134 2539 2359 2596 manus,
2396 2533 2563 2597 patre
2594 2529 2852 2586 Johanne
2885 2529 2969 2603 ιθζ,
3007 2544 3078 2585 m.
3116 2533 3169 2599 8,
3203 2529 3259 2585 d.
3292 2533 3380 2584 22.
3415 2530 3516 2586 llic
3549 2531 3780 2601 rogavit

2136 2615 2545 2686 imperatorem
2565 2621 2623 2672 ut
2639 2622 2932 2674 statueret
2949 2620 3259 2673 Romanam
3275 2616 3583 2675 ecclesiam
3598 2624 3784 2689 caput

2131 2717 2260 2759 esse
2284 2705 2537 2760 omnium
2556 2706 2959 2776 ecclesiarum,
2977 2706 3108 2777 quia
3128 2706 3775 2777 Constantinopolitana

2133 2806 2194 2847 se
2219 2791 2457 2861 primam
2483 2794 2800 2850 scribebat.
2831 2794 3308 2864 Bonefaciusllll,
3326 2795 3395 2849 de
3409 2794 3647 2850 civitate
3672 2796 3776 2851 Va-

2133 2881 2273 2936 leria
2300 2882 2535 2937 natione
2559 2883 2899 2953 Marsorum,
2929 2889 3092 2954 patre
3131 2883 3389 2938 Johanne
3414 2883 3659 2951 medico,
3686 2898 3778 2939 se-

2134 2968 2291 3023 dita.
2326 2974 2379 3035 6,
2408 2985 2478 3023 m.
2506 2976 2559 3039 8,
2588 2970 2641 3026 d.
2670 2975 2754 3025 13.
2782 2972 2858 3026 De
2891 2971 2999 3025 hoe
3033 2970 3251 3039 legitur
3281 2971 3337 3025 in
3368 2970 3776 3027 ecclesiastica

2133 3057 2411 3126 hystoria,
2448 3060 2600 3127 quod
2653 3060 2979 3129 impetrarit
3021 3075 3049 3114 a
3094 3062 3241 3115 Foca
3275 3058 3476 3115 donari
3508 3056 3773 3113 ecclesiae

2134 3145 2347 3201 Christi
2367 3144 2641 3217 templum
2664 3148 2857 3204 Romae
2874 3147 3023 3217 quod
3041 3148 3336 3204 Pantheon
3351 3148 3668 3203 vocabatur
3682 3145 3769 3215 ⁸⁸⁸,

2130 3234 2299 3303 cujus
2354 3240 2601 3305 papatus
2650 3235 2782 3292 ⁵⁸³⁵...
2837 3252 2985 3292 anno
3036 3239 3215 3293 Foea;
3260 3237 3424 3293 obiit.
3479 3237 3771 3307 [Faenum]

2132 3324 2268 3377 Cum
2303 3323 2453 3377 enim
2488 3323 2788 3380 Heraclius
2822 3325 3109 3395 patricius
3158 3330 3319 3381 esset
3370 3324 3771 3380 universarum

2132 3409 2360 3466 Alfrij
2388 3411 2839 3481 provinciarum,
2866 3416 2921 3467 et
2952 3414 3126 3467 Focas
3149 3412 3452 3483 imperium
3487 3411 3772 3482 nequissi-

2130 3512 2217 3552 me
2244 3505 2494 3568 regeret,
2514 3504 2569 3553 et
2598 3500 2764 3555 modo
2789 3500 3448 3556 amentizethesaurosin
3468 3514 3621 3555 mare
3640 3514 3771 3570 pro-

2125 3585 2356 3654 jiceret,
2386 3588 2585 3642 dicens
2618 3603 2679 3642 se
2712 3589 2980 3658 Neptuno
3012 3603 3249 3644 munera
3283 3589 3441 3659 dare,
3466 3592 3769 3644 senatores

2128 3679 2439 3729 cernentes
2472 3677 2620 3745 quod
2657 3676 2836 3731 vellet
2871 3677 3176 3747 imperium
3212 3693 3315 3748 per
3343 3677 3648 3733 stultitiam
3673 3677 3771 3733 de-

2131 3770 2384 3833 struere,
2406 3765 2656 3819 factione
2670 3765 2919 3821 Heraclii
2938 3768 3203 3822 Focatem
3219 3765 3639 3837 apprehensum
3656 3779 3770 3820 ma-

2130 3852 2302 3906 nibus
2327 3857 2385 3905 et
2411 3851 2658 3922 pedibus
2684 3854 2991 3921 truncatis,
3019 3853 3211 3923 lapide
3235 3853 3305 3908 ad
3328 3852 3538 3908 collum
3564 3851 3764 3922 ligato,

2130 3938 2184 4007 in
2223 3954 2377 3994 mare
2396 3940 2787 4010 projecerunt,
2810 3946 2869 3996 et
2893 3941 3197 3997 Heraclius
3220 3955 3509 3997 consensu
3529 3944 3768 3998 senatus

2129 4026 2481 4085 sublimatur
2513 4029 2569 4083 in
2613 4044 2851 4099 regnum
2885 4045 3034 4099 anno
3064 4033 3167 4086 607
3191 4028 3258 4062 1⁸⁸
3281 4029 3499 4101 [ΒευΑ.]
3525 4031 3660 4086 Cum
3684 4030 3767 4085 in-

2127 4117 2439 4171 festatione
2462 4118 2772 4173 Persarum
2799 4117 2995 4173 multa:
3012 4118 3236 4188 imperii
3254 4117 3561 4189 provinciae
3574 4122 3767 4174 vasta-

2123 4208 2201 4261 tze
2228 4205 2855 4276 fuissenttemporibus
2871 4205 3203 4262 Mauriciiet
3220 4206 3443 4263 Focatis
3466 4205 3766 4277 imperato-

2124 4309 2272 4364 rum,
2307 4294 2674 4365 temporibus
2732 4293 2860 4363 ejus
2906 4295 3099 4351 Persaa
3133 4294 3493 4351 Calchedona
3524 4293 3760 4350 civitate

2122 4388 2352 4439 vastata
2398 4382 2958 4454 ConstantinOpolim
3009 4398 3239 4454 quoque
3290 4385 3486 4440 sedem
3537 4383 3759 4454 imperii

2123 4472 2429 4528 destruere
2462 4470 2874 4540 moliebantur,
2911 4470 3243 4542 multasque
3275 4470 3343 4504 m
3374 4472 3758 4526 Romanorum

356 4556 616 4613 Iohanne
654 4557 1309 4628 Constantinopolitano
1340 4572 1470 4613 cum
1502 4558 1634 4614 aliis
1662 4558 1862 4616 multis
1890 4560 2009 4631 epi-
2038 4555 2091 4615 D
2122 4561 2448 4633 provintias
2479 4563 2538 4615 et
2571 4560 2754 4630 ipsam
2792 4559 3191 4617 Jerosolimam
3248 4560 3545 4628 invadunt,
3579 4564 3634 4613 et
3667 4558 3761 4615 de-

358 4646 553 4716 scopis
587 4645 742 4701 facto
779 4645 1064 4702 triduario
1090 4645 1311 4715 jejunio
1334 4645 1524 4702 levata
1550 4662 1678 4702 eum
1704 4661 1835 4705 arca
1862 4664 2009 4706 mar-

361 4748 579 4804 morea,
612 4733 691 4789 ita
726 4732 838 4789 levi
872 4734 1022 4790 facta
1057 4749 1123 4789 ac
1154 4733 1202 4790 si
1236 4734 1306 4789 de
1348 4734 1507 4803 ligno
1540 4735 1766 4807 fuisset,
1802 4737 2006 4793 ordine

359 4821 622 4895 pedestri
659 4821 1100 4877 Hierosolimam
1135 4838 1265 4878 cum
1298 4822 1605 4878 devotione
1640 4826 2005 4882 sanctissima

360 4912 668 4984 perducta,
694 4913 751 4965 et
786 4910 841 4964 in
874 4908 1006 4967 loco
1040 4910 1135 4967 ubi
1160 4926 1307 4966 crux
1326 4911 1551 4967 Domini
1575 4912 1856 4969 adoratur
1876 4930 2005 4970 cum

361 4999 664 5070 triumpho
699 4998 908 5069 posita.

430 5088 713 5159 Tempore
742 5085 809 5119 “9
856 5087 1115 5144 Mauricii
1167 5088 1556 5159 imperatoris,
1602 5092 2004 5163 pontificatum

361 5178 634 5235 Romanae
661 5175 928 5234 ecclesia
960 5182 1168 5247 agente
1221 5194 1363 5251 papa
1418 5182 1697 5251 Gregorio
1728 5198 1778 5239 a.
1811 5187 1844 5239 9
1873 5199 2002 5240 cono

366 5264 614 5324 structio
642 5267 870 5324 eenobii
901 5267 1352 5327 Flaviniaeensis
1384 5271 1439 5327 in
1470 5275 1669 5327 castro
1701 5275 2007 5343 praenomi-

2120 4654 2419 4707 struentes
2440 4649 2721 4706 ecclesias
2743 4654 2799 4704 et
2826 4655 3027 4707 sancta
3055 4650 3448 4720 profanantes,
3466 4647 3617 4703 inter
3630 4645 3759 4703 reli-

2121 4754 2232 4809 qua
2256 4742 2592 4794 ornamenta
2616 4738 2791 4793 etiam
2817 4736 3093 4792 vexillum
3115 4741 3334 4794 sanctae
3364 4735 3559 4792 crucis
3581 4735 3757 4792 abdu-

2119 4833 2279 4886 cunt.
2318 4829 2610 4899 [Faenus]
2646 4832 2856 4885 Contra
2891 4843 3037 4899 quos
3068 4828 3372 4885 Heraclius
3414 4826 3595 4884 aciem
3625 4827 3755 4883 diri-

2117 4917 2225 4987 git,
2252 4921 2309 4971 et
2343 4916 2452 4987 ipsi
2486 4917 2602 4972 duo
2625 4916 2925 4973 exercitus
2949 4916 3246 4987 principes
3271 4914 3552 4985 singulari
3576 4919 3753 4971 certa-

2120 5005 2270 5060 mine
2303 5004 2573 5061 omnibus
2602 5020 2675 5061 ex
2707 5010 2957 5075 utraque
2991 5010 3156 5076 parte
3187 5010 3455 5061 eventum
3483 5003 3566 5059 rei
3587 5017 3755 5076 expe-

2118 5097 2417 5153 ctantibus
2468 5095 2950 5166 congrediuntur.
3000 5094 3303 5151 Heraclius
3354 5093 3540 5150 victor
3583 5097 3748 5164 caput

2117 5187 2313 5241 Persae
2345 5182 2633 5256 przecidit,
2669 5188 2729 5239 et
2761 5187 2951 5240 totum
2984 5183 3295 5239 Persarum
3325 5180 3644 5238 exercitum
3682 5179 3751 5236 ad

2119 5275 2289 5332 sedes
2322 5272 2590 5346 proprias
2624 5271 2854 5341 regredi
2888 5271 3191 5345 compulit.
3225 5272 3363 5327 Post
3413 5270 3520 5326 hec
3551 5272 3750 5326 evectu

1721 5369 1957 5429 VARUE
1996 5373 2396 5431 LECTIONES.

436 5451 806 5535 “(Tempore
838 5454 1377 5535 igrehiepiscopo
1403 5457 1471 5512 in
1506 5469 1698 5535 gnam.
1734 5456 1803 5491 “°
1838 5462 1947 5518 Sic
1974 5476 2005 5518 e
2029 5476 2180 5521 corr.
2215 5461 2435 5519 litteris
2462 5457 2824 5535 quibusdem
2852 5458 3091 5535 qrasiq._
3112 5456 3180 5492 1“
3207 5468 3508 5535 superscr.
3536 5454 3748 5535 ιξέταῃι.

353 5523 544 5598 paulo
571 5523 857 5607 nigfiorq.
893 5523 960 5558 η’
991 5523 1371 5607 Ηιεσξτιζίίῄεο
1397 5523 1822 5607 υενὸιξρῆῃθη.
1846 5536 2053 5607 magis
2067 5536 2244 5607 nigro
2271 5523 2573 5607 eamaior.
2607 5527 2988 5607 ‘fngmdam
3026 5528 3126 5587 hic
3162 5523 3626 5607 eraiqgunt._f“
3650 5527 3753 5585 La-

367 5594 528 5673 tum;
552 5594 772 5673 septem
792 5595 936 5673 fere
971 5597 1171 5656 vocab.
1193 5599 1262 5657 in
1286 5609 1529 5657 rasura.
1564 5597 1634 5632 m
1664 5600 1857 5660 Umm
1884 5594 2079 5665 ao'cab.
2101 5594 2611 5664 erarat/inridetur.
2636 5598 2703 5634 1“
2722 5594 2976 5660 Nemori
2998 5613 3303 5673 suprascr.
3335 5596 3403 5633 “7
3431 5596 3751 5669 multasque

364 5695 436 5710 -—
466 5665 762 5726 abducunt
788 5665 860 5729 in
882 5680 1076 5741 marg.
