3922 6406
226 397 333 463 101

1444 394 1449 399 ’
1484 390 1984 459 CHRONICON.
2017 428 2097 444 --
2120 393 2276 461 LIB.
2308 396 2355 460 Ι.

3508 408 3621 471 102

217 535 424 594 navale
441 534 742 592 Persidam
762 529 1426 605 ingreditur,tribusque
1440 529 1681 587 circiter
1699 528 1864 585 annis
1891 527 1949 590 A
1979 529 2198 588 habens
2212 547 2452 590 uxorem
2469 533 2642 591 tiliam
2663 533 2884 593 sororis
2895 552 3035 607 sum,
3069 544 3205 609 post
3220 554 3431 598 annum
3448 545 3615 615 regni

217 626 458 683 Persida
481 629 730 694 vastata,
765 638 883 680 sua)
906 637 1031 679 eam
1054 620 1260 678 ditioni
1285 620 1556 690 subjecit,
1620 618 1865 688 lignum-

217 730 332 787 que
364 714 722 771 Dominicum
758 711 1101 785 reportavit.
1127 710 1502 767 Postmodum
1543 709 1753 764 Persas
1778 722 1864 762 re-

218 804 509 862 bellantes
540 804 754 859 iterato
777 805 1016 873 superat
1048 805 1105 856 et
1140 799 1247 856 sibi
1288 798 1549 868 subjicit.
1600 796 1860 863 Quicum

216 899 382 951 esset
406 892 835 965 pulcherrimus
875 896 1138 961 aspectu,
1212 888 1572 943 fortissimus
1612 886 1855 954 viribus,

220 989 513 1055 pugnator
532 980 827 1051 egregius,
847 979 1063 1034 litteris
1086 978 1263 1033 etiam
1282 976 1543 1048 apprime
1566 974 1855 1042 eruditus,

218 1085 468 1128 cernens
490 1070 546 1125 in
580 1067 850 1139 syderum
901 1067 1136 1138 signisa
1193 1064 1556 1121 circumcisis
1582 1063 1858 1133 gentibus

219 1158 524 1232 imperium
549 1156 994 1225 devastandum,
1020 1154 1235 1210 direxit
1270 1153 1515 1209 nuncios
1566 1152 1637 1207 ad
1679 1152 1860 1219 Dago-

216 1249 449 1305 bertum
481 1260 678 1316 regem
706 1247 1075 1312 Francorum,
1108 1245 1315 1314 petens
1338 1245 1613 1297 utomnes
1639 1239 1857 1295 Judeos

216 1336 380 1407 regni
404 1336 493 1393 sui
518 1334 802 1407 baptizari
820 1333 1188 1405 praeciperet,
1209 1329 1364 1401 quod
1386 1336 1441 1385 et
1460 1330 1584 1400 ipse
1616 1328 1856 1384 decreto

218 1422 344 1478 fieri
392 1419 600 1478 statuit
626 1434 729 1491 per
750 1433 951 1474 omnes
976 1415 1308 1488 provincias
1355 1413 1601 1485 imperii.

290 1507 532 1567 Anno‘"
563 1506 812 1563 Heraclii
835 1506 1061 1577 imperii
1095 1509 1146 1575 5,
1165 1508 1337 1560 natus
1403 1508 1496 1560 est
1547 1502 1851 1570 Mahamet,

215 1600 317 1671 qui
348 1614 477 1655 cum
500 1601 656 1655 esset
681 1594 1022 1663 infantulus,
1050 1593 1341 1650 defunctis
1360 1597 1525 1664 patre
1556 1596 1614 1647 et
1648 1596 1851 1661 matre,

213 1688 448 1744 adhesit
475 1687 663 1743 viduae
688 1688 887 1756 quaeet
913 1683 1229 1740 nutriebat.
1277 1684 1533 1752 Cumque
1574 1680 1856 1737 adolevis-

214 1783 330 1848 set,
357 1776 511 1847 cepit
548 1790 652 1846 per
683 1773 876 1830 scolas
937 1771 1397 1828 Christianorum
1423 1770 1506 1826 ire
1523 1773 1584 1826 et
1632 1769 1857 1825 audito-

1976 620 2065 676 sui
2096 625 2164 677 27
2195 623 2515 679 crudeliter
2545 623 2722 680 vitam
2757 623 2962 681 finivit.
2984 627 3341 685 Heraclonus
3366 629 3434 663 "9
3482 648 3614 690 cum

1976 716 2159 765 matre
2190 725 2290 767 sua
2322 712 2578 782 Martyna
2615 714 2879 781 regnavit
2910 715 3076 771 annis
3103 719 3157 785 2,
3189 716 3283 773 cui
3317 722 3612 778 successit

1974 799 2395 857 Constantinus
2414 800 2568 857 filius
2584 802 2835 858 Heraclii
2857 804 3155 860 mensibus
3180 809 3232 873 6,
3261 821 3414 864 anno
3431 811 3618 867 Domi-

1971 885 2685 959 nicaeincarnationis634,
2704 891 2982 961 pontifice
2997 893 3267 959 Honorio,
3291 895 3612 955 indictione

1970 979 2019 1028 7.
2048 973 2187 1047 (10.)
2217 977 2286 1031 Et
2316 978 2605 1034 successit
2636 979 2692 1034 in
2718 993 2955 1048 regnum
2986 982 3096 1036 sub
3129 987 3330 1038 tenera
3365 988 3614 1042 aetateet

1970 1064 2217 1120 consilio
2257 1067 2670 1123 Constantinus
2704 1067 2856 1125 filius
2895 1069 3041 1139 ejus,
3061 1070 3157 1140 qui
3189 1075 3247 1126 et
3300 1072 3603 1146 Constans,

1969 1151 2136 1219 cujus
2170 1157 2430 1225 tempore
2464 1170 2558 1212 res
2586 1155 2861 1227 publicaa
2890 1157 3228 1216 Sarracenis
3258 1161 3498 1218 nimium
3514 1178 3611 1220 va-

1969 1242 2179 1296 statur.
2224 1243 2464 1299 Duravit
2497 1245 2861 1301 hecvastitas
2878 1261 2984 1316 per
3005 1261 3189 1304 annos
3222 1252 3288 1305 47
3322 1265 3509 1320 usque
3538 1251 3611 1307 ad

1969 1330 2231 1399 tempora
2266 1330 2630 1388 Constantini
2662 1334 2936 1403 superius
2966 1335 3265 1392 nominati.
3327 1338 3482 1394 Tunc
3513 1344 3608 1395 est

1969 1416 2347 1475 Ilierosolima
2381 1424 2550 1492 capta
2584 1425 3396 1483 etceterteeversaacivitates
3431 1429 3609 1499 μεεὶ-

1968 1508 2105 1574 ptus
2136 1507 2408 1577 superior
2457 1513 2513 1564 et
2549 1509 2787 1566 inferior
2847 1512 3207 1582 pervaditur,
3252 1515 3603 1573 Alexandria

1968 1593 2198 1663 capitur
2228 1598 2288 1649 et
2322 1596 2623 1669 predatur,
2656 1598 2863 1654 Afl‘rica
2893 1604 3017 1655 tota
3050 1606 3339 1674 vastatur,
3385 1604 3516 1661 Asia
3547 1610 3606 1661 et

1968 1683 2195 1752 Europa
2231 1686 2594 1755 quatiuntur,
2627 1692 2683 1742 et
2717 1689 2907 1744 omnia
2942 1704 3119 1759 regna
3156 1692 3298 1747 mari
3332 1694 3607 1765 contigua

1970 1774 2929 1846 pervagantur.Constantinopolis
2943 1782 3165 1834 tantum
3183 1795 3311 1835 cum
3335 1782 3612 1839 Traciana

214 1867 323 1923 riis
353 1865 732 1933 interesse,et
760 1878 890 1933 quae
913 1860 1301 1928 ibiaudiebat,
1329 1859 1479 1916 domi
1524 1858 1856 1916 hominibus
1887 1882 1940 1941 Β
1972 1859 2265 1930 provincia
2293 1866 2374 1931 et,
2411 1863 2613 1932 paucis
2644 1864 2851 1921 insulis
2881 1870 2937 1921 et
2999 1867 3253 1923 Romana
3314 1870 3611 1941 provincia

211 1954 412 2026 gentis
437 1968 557 2010 sua:
578 1952 890 2008 referebat.
918 1949 1088 2005 Atilii
1124 1948 1485 2004 mirabantur
1522 1948 1638 2018 jam
1665 1946 1855 2003 tumin

208 2042 664 2115 eosapientiam,
695 2056 828 2097 cum
853 2039 1126 2097 audirent
1154 2039 1226 2094 ab
1252 2052 1322 2093 eo
1347 2052 1474 2107 qua:
1527 2036 1851 2093 audierant.

208 2132 316 2188 Die
338 2131 518 2202 igitur
536 2129 783 2200 quadam
805 2144 937 2185 cum
978 2130 1382 2184 reverteretur
1437 2126 1510 2181 ab
1541 2125 1851 2193 auditorio,

208 2220 446 2275 obviam
472 2219 677 2276 habuit
703 2217 998 2274 diabolum
1037 2216 1345 2271 habentem
1371 2229 1438 2270 os
1483 2229 1744 2283 aureum,
1795 2220 1854 2270 et

208 2308 502 2364 dicentem
526 2322 587 2364 se
601 2320 732 2364 esse
749 2304 1074 2362 Gabrielem
1097 2301 1506 2372 archangelum
1524 2303 1763 2358 missum
1823 2316 1852 2356 a

209 2398 330 2453 Deo
355 2397 425 2453 ad
447 2398 659 2469 ipsum,
687 2401 748 2455 ut
774 2395 1123 2468 praedicaret
1151 2392 1310 2463 genti
1340 2407 1460 2448 suae
1484 2407 1611 2462 quae
1660 2392 1855 2448 audie-

209 2491 306 2541 rat
329 2495 389 2542 et
410 2487 657 2542 sciebat.
672 2487 827 2541 Tunc
840 2482 996 2554 cepit
1028 2481 1352 2553 praedicare
1376 2481 1657 2536 Mahamet
1674 2484 1737 2536 ut
1758 2479 1855 2535 de-

209 2574 613 2645 relinquerent
639 2572 794 2629 idola
810 2585 981 2628 manu
998 2571 1148 2626 facta
1176 2573 1236 2624 et
1277 2570 1591 2624 adorarent
1630 2576 1855 2625 creato-

208 2677 335 2719 rem
360 2662 459 2732 qui
492 2662 772 2731 fecitquaa
795 2662 951 2717 sunt.
990 2661 1246 2728 Cumque
1260 2656 1459 2728 plures
1503 2657 1853 2715 adhererent

207 2750 372 2807 illiet
390 2755 449 2806 ut
465 2749 809 2821 prophetam
849 2761 980 2804 eum
1012 2746 1316 2802 haberent:
1343 2747 1713 2815 congregatis
1756 2748 1853 2817 qui

206 2853 411 2897 secum
430 2843 596 2894 erant
613 2853 771 2895 arma
787 2836 1119 2908 sumpsit.et
1135 2840 1197 2891 ut
1212 2850 1315 2892 rex
1328 2840 1388 2891 et
1410 2836 1688 2907 propheta
1708 2852 1854 2907 quos

208 2932 448 3000 poterat
472 2927 583 2983 sibi
605 2926 975 2996 subjiciebat,
999 2930 1055 2981 et
1082 2924 1345 2994 regnavit
1360 2924 1415 2979 in
1467 2926 1767 2997 Damasco,
1793 2931 1853 2982 et

207 3021 389 3087 caput
414 3017 577 3087 regni
602 3015 728 3086 ejus
751 3014 1065 3085 Babylonia
1082 3013 1293 3068 civitas
1328 3013 1455 3069 fuit.

284 3106 575 3181 [FREDEG.]
612 3108 1010 3175 Agarenorum
1058 3102 1240 3171 igitur
1286 3117 1431 3171 gens
1477 3103 1848 3174 circumcisa,

205 3200 380 3273 quiet
404 3193 708 3253 Sarraceni
769 3192 1004 3261 dicitur,
1048 3205 1335 3261 egressaa
1397 3191 1580 3247 latere
1638 3194 1851 3248 montis

209 3286 451 3346 Caucasi
486 3298 662 3355 super
684 3295 843 3337 mare
874 3279 1168 3350 Caspium,
1191 3278 1394 3335 cumin
1435 3279 1648 3336 nimian
1712 3282 1855 3337 mul-

204 3376 523 3434 titudinem
550 3371 932 3437 coaluissent,
956 3368 1192 3424 tandem
1206 3383 1363 3425 arma
1380 3376 1696 3441 sumentes,
1723 3387 1856 3443 pro-

204 3465 421 3523 vinciis
452 3460 702 3518 Heraclii
726 3457 1680 3530 imperatorisvastandisirruunt,
1718 3476 1855 3516 con-

211 3562 301 3612 tra
320 3567 464 3624 quos
482 3548 787 3606 Heraclius
808 3546 1021 3602 direxit
1043 3547 1388 3601 exercitum.
1417 3547 1527 3603 Sed
1551 3548 1852 3605 Sarraceni

208 3642 428 3699 milites
449 3641 747 3709 superant,
774 3649 993 3706 eosque
1014 3633 1210 3704 gladio
1230 3637 1489 3705 graviter
1528 3637 1848 3710 trucidant,

211 3732 294 3787 ita
327 3734 387 3786 ut
412 3732 514 3783 150
529 3726 682 3782 milia
710 3723 1393 3795 milituminterficerent,
1429 3725 1621 3797 Spolia
1651 3742 1850 3783 eorum

210 3818 479 3877 Heraclio
510 3816 784 3885 oﬂ‘erunt,
821 3829 947 3884 quae
982 3812 1079 3869 ille
1103 3813 1365 3885 recipere
1381 3814 1852 3887 noluit,cupiens

209 3921 390 3980 super
422 3907 778 3961 Sarracenos
810 3901 1125 3971 vindicare,
1159 3907 1219 3956 et
1250 3901 1851 3972 mittenslegationem

209 4000 413 4071 portas
431 4010 576 4067 quas
601 3990 925 4049 Alexander
938 3989 1173 4046 Macedo
1187 4005 1366 4061 super
1390 4006 1547 4047 mare
1583 3994 1852 4064 Caspium

209 4101 397 4145 :ereas
429 4086 551 4141 fieri
576 4088 634 4140 et
659 4095 890 4139 serrare
904 4084 1287 4151 praeceperat,
1333 4085 1575 4151 propter
1612 4082 1855 4139 inunda-

211 4177 429 4232 tionem
448 4172 708 4242 gentium
736 4168 1212 4237 saevissimarum,
1248 4182 1376 4238 quae
1410 4168 1565 4224 ultra
1608 4171 1851 4226 Caucasi

209 4262 425 4322 montis
455 4257 705 4317 culmina
730 4256 1091 4325 habitabant,
1123 4254 1354 4311 easdem
1387 4260 1592 4327 portas
1623 4258 1853 4328 aperire

210 4350 514 4427 praecepit,
549 4347 1046 4417 indequecentum
1079 4343 1236 4400 milia
1270 4348 1657 4414 pugnatorum
1710 4361 1853 4403 auro

209 4443 438 4499 locatos
460 4442 663 4495 contra
684 4438 1036 4492 Sarracenos
1069 4432 1247 4488 mittit
1279 4433 1351 4488 ad
1385 4432 1669 4504 praelium.
1690 4435 1855 4491 Cum-

209 4545 324 4604 que
354 4544 463 4586 non
501 4525 762 4600 procula
788 4539 846 4581 se
899 4523 1147 4579 invicem
1207 4527 1400 4578 castra
1462 4527 1847 4595 metarentur,

210 4598 446 4689 utrique
460 4598 757 4674 exercitus
770 4618 832 4671 ut
858 4626 1023 4668 mane
1049 4612 1202 4667 facto
1217 4611 1621 4681 confligerent,
1646 4612 1849 4669 eadem
1882 4598 1935 4658 Ι)

208 4713 384 4767 nocte
405 4706 506 4763 Dei
528 4706 747 4762 virtute
769 4701 1067 4760 exercitus
1089 4699 1295 4757 Eraclil
1321 4701 1671 4772 percutitur,
1690 4701 1853 4772 quin-

208 4796 487 4870 quaginta
517 4794 669 4852 enim
717 4807 920 4850 eorum
969 4790 1127 4847 milia
1174 4789 1230 4845 in
1282 4790 1488 4846 stratis
1527 4789 1617 4847 sui
1637 4790 1851 4846 mortui

206 4891 369 4947 sunt.
425 4885 548 4952 Quo
584 4885 739 4941 facto
773 4882 967 4938 territi
993 4880 1211 4937 milites
1230 4879 1302 4936 ad
1327 4879 1563 4952 prOpria
1607 4886 1743 4937 sunt
1766 4896 1856 4938 re-

205 4975 386 5035 versi.
420 4973 743 5044 Sarraceni,
770 4974 1151 5042 utceperunt,
1168 4969 1504 5040 provincias
1517 4969 1849 5027 devastant.

208 5067 351 5123 Cum
378 5066 495 5137 jam
532 5061 932 5120 Hierosolimis
977 5059 1490 5132 propinquassent,
1554 5059 1857 5117 Heraclius

206 5154 420 5213 videns
451 5153 606 5224 quod
622 5166 735 5208 non
761 5153 962 5223 posset
987 5150 1074 5206 eis
1088 5148 1388 5219 resistere,
1438 5148 1615 5204 nimio
1655 5150 1858 5205 amari-

212 5242 436 5300 tudinis
453 5256 680 5299 merore
710 5240 1012 5312 adreptus,
1035 5238 1107 5294 ad
1122 5237 1387 5294 ultimum
1419 5237 1621 5294 infelix
1660 5239 1860 5295 Euthi-

208 5330 944 5391 cetisheresimsectanset
969 5326 1185 5383 Christi
1216 5325 1439 5383 cultum
1492 5326 1853 5399 relinquens,

1884 3235 1933 3299 C

1971 1946 2175 2004 ditioni
2203 1949 2429 2021 imperii
2463 1958 2887 2009 remanserunt.

2043 2079 2055 2092 .
2104 2080 2117 2092 .
2152 2038 2276 2094 rius
2310 2053 2453 2109 papa
2478 2040 2887 2111 Apellinarista
2924 2085 2936 2098 .
2983 2085 2995 2097 .
3036 2059 3102 2101 us
3122 2051 3213 2101 est
3243 2045 3330 2101 ²⁰⁰.

2042 2130 2204 2183 Anno
2231 2126 2301 2161 ²⁰¹
2330 2128 2442 2185 inc.
2476 2130 2633 2184 Dom.
2676 2134 2799 2201 651,
2843 2138 2899 2187 11
2952 2132 3073 2189 Kal.
3126 2135 3251 2191 Mai.
3305 2135 3603 2194 ordinatio

1971 2214 2165 2271 domui
2196 2216 2455 2272 Widadri
2487 2217 2738 2290 abbatis,
2769 2235 2898 2277 cum
2970 2222 3160 2279 locum
3219 2223 3612 2283 Flaviniacen-

1969 2318 2087 2359 sem
2118 2308 2185 2361 48
2216 2305 2382 2361 annis
2414 2306 2746 2376 Magoaldus
2778 2311 2961 2365 abbas
2993 2312 3267 2367 rexisset.

2040 2394 2202 2449 Anno
2235 2394 2307 2449 ab
2339 2394 2451 2450 inc.
2486 2396 2643 2451 Dom.
2679 2398 2802 2467 636,
2825 2413 2966 2469 papa
2984 2398 3290 2471 Vitaliano,
3326 2401 3611 2460 adventus

1970 2481 2265 2538 Benedicti
2298 2483 2353 2538 in
2388 2482 2624 2554 Gallias,
2684 2489 2741 2539 et
2798 2488 3108 2557 Tequemio
3167 2489 3312 2545 obiit
3367 2498 3608 2549 sanctus

1971 2570 2262 2625 Amandus
2282 2571 2641 2639 Tungrorum
2657 2572 2988 2644 episcopus:
3006 2575 3098 2630 cui
3125 2575 3416 2632 successit
3446 2592 3611 2635 sanc-

1969 2661 2064 2712 tus
2091 2657 2422 2713 Remaclins
2441 2672 2590 2714 anno
2624 2659 2849 2730 imperii
2884 2662 3250 2719 Constantini
3308 2668 3396 2735 22,
3428 2672 3487 2721 et
3556 2667 3609 2723 ei

1965 2745 2356 2816 Theodardus,
2391 2750 2452 2802 et
2480 2747 2817 2804 Theodardo
2847 2754 3083 2808 sanctus
3115 2752 3474 2810 Lambertus.

2038 2834 2242 2903 (Gesta
2260 2851 2324 2907 Ρ.
2360 2837 2458 2907 Β.)
2494 2837 2799 2893 Bonefacio
2845 2838 3025 2907 igitur
3075 2855 3239 2912 papas
3290 2846 3420 2913 post
3483 2844 3610 2901 dies

1963 2927 2032 2979 25
2062 2924 2350 2980 successit
2385 2923 2699 2980 Deusdedit
2751 2928 3061 2997 Romanus,
3112 2935 3278 2999 patre
3310 2932 3605 3003 Stephano

1965 3013 2324 3069 subdiacouo
2348 3012 2501 3067 sedit
2533 3018 2654 3081 3.3,
2691 3013 2744 3069 d.
2771 3019 2859 3070 23.
2912 3017 3048 3072 Post
3076 3032 3246 3086 quem
3306 3034 3378 3075 m.
3433 3025 3485 3090 5,
3545 3021 3599 3076 d.

1963 3105 2032 3156 26
2054 3101 2278 3158 exactis
2301 3101 2453 3157 sedit
2529 3102 2853 3159 Bonifacius
2911 3106 2974 3174 V,
3030 3106 3374 3177 Campanus,
3435 3113 3606 3179 patre

1961 3191 2238 3259 Iohanne,
2271 3204 2322 3246 a.
2358 3193 2407 3244 5.
2442 3189 2543 3245 Hic
2566 3191 2872 3247 constituit
2904 3196 2966 3247 ut
3012 3193 3166 3250 ullus
3224 3195 3295 3251 de
3351 3196 3601 3253 ecclesia

1963 3279 2318 3335 traheretur.
2357 3278 2649 3334 Successit
2678 3284 2809 3349 post
2841 3279 3042 3335 dics13
3069 3283 3604 3355 HonoriusCampa-

1964 3383 2093 3435 nus,
2132 3370 2296 3438 patre
2328 3366 2603 3421 Petronio
2625 3367 2867 3422 consule
2896 3368 3046 3423 sedit
3075 3384 3125 3423 a.
3164 3373 3250 3440 12,
3301 3384 3375 3427 m.
3412 3376 3497 3441 11,
3542 3372 3596 3427 d.

1966 3462 2050 3514 18.
2086 3456 2190 3511 Hic
2212 3458 2482 3510 exortum
2516 3456 2668 3526 apud
2705 3456 3203 3513 Scottoserrorem
3229 3460 3299 3515 de
3329 3460 3603 3517 observa-

1961 3546 2121 3602 tione
2150 3545 2383 3600 Paschae
2408 3545 2613 3600 1Uun.
2650 3559 2754 3615 per
2780 3544 3087 3615 epistolam
3118 3546 3435 3618 redarguit.
3464 3549 3598 3605 Suc-

1962 3633 2138 3691 cessit
2167 3632 2457 3688 Jobannes
2489 3631 2721 3687 natione
2754 3632 3034 3704 Dalmata,
3055 3633 3237 3706 'patre
3295 3636 3599 3709 Venantio,

1965 3722 2119 3779 sedit
2144 3735 2192 3777 a.
2227 3727 2278 3791 1,
2314 3735 2385 3775 m.
2414 3724 2465 3789 8,
2493 3720 2547 3775 d.
2586 3724 2669 3777 18.
2707 3720 2808 3777 Hic
2839 3736 2945 3792 per
3003 3723 3234 3778 Istriam
3265 3728 3325 3779 et
3384 3726 3607 3782 Dalma-

1961 3813 2102 3869 tiam
2134 3810 2348 3866 multas
2376 3808 2650 3880 pecunias
2677 3809 2921 3865 misitad
2938 3811 3396 3882 redemptionem
3422 3815 3606 3887 capti-

1962 3916 2166 3960 vorum
2203 3899 2422 3969 [83011.]
2460 3898 2559 3953 Hic
2587 3913 2717 3954 cum
2750 3899 2938 3955 adhuc
2993 3899 3222 3957 electus
3281 3905 3442 3958 esset
3506 3918 3608 3974 pro

1965 3989 2174 4064 pascha
2207 3992 2263 4043 et
2300 3985 2607 4057 proheresi
2641 3986 2950 4056 Pelagiana
2992 3989 3225 4044 Scottos
3282 3989 3602 4062 redarguit.

1962 4076 2297 4136 Theodorus
2329 4076 2569 4143 Grecus,
2604 4079 2770 4145 patre
2793 4075 3095 4133 Theodoro
3125 4077 3399 4150 episcopo
3439 4077 3509 4135 de
3530 4080 3609 4135 ci-

1962 4169 2146 4225 vitate
2178 4163 2541 4220 Ilierusalem
2565 4168 2697 4233 post
2732 4180 2799 4217 ιη.
2838 4169 2869 4217 5
2890 4168 2947 4220 et
2979 4165 3033 4220 d.
3064 4170 3129 4221 13
3161 4167 3314 4222 sedit
3349 4182 3399 4222 a.
3453 4173 3598 4237 6,m.

1964 4261 2014 4327 5,
2051 4255 2106 4310 d.
2136 4256 2221 4309 18.
2258 4249 2545 4322 (Gestap.
2581 4252 2681 4322 R.)
2715 4251 2817 4307 llic
2866 4253 3315 4324 condempnavit
3362 4256 3607 4327 Pyrrum

1964 4342 2140 4413 regiae
2152 4340 2411 4397 civitatis
2431 4339 2794 4410 episcopum,
2812 4340 3056 4410 quicum
3077 4343 3225 4412 Cyro
3242 4342 3611 4402 Alexandria:

1964 4437 2021 4488 et
2052 4430 2252 4500 Sergio
2286 4428 2700 4500 predecessore
2733 4443 2839 4485 suo
2869 4428 3324 4500 achephalorum
3356 4432 3606 4490 heresim

1964 4521 2416 4577 instauraverat.
2452 4516 2672 4589 [Βεω.]
2704 4516 2873 4572 Venit
2898 4516 3049 4573 enim
3082 4516 3214 4574 ﬁcta
3266 4523 3331 4575 ut
3363 4525 3490 4592 post
3512 4534 3611 4593 ap-

1967 4609 2159 4683 paruit
2193 4605 2510 4679 penitentia
2543 4610 2598 4662 et
2634 4605 2850 4662 obtulit
2891 4605 3077 4662 eidem
3131 4622 3274 4679 papa
3346 4608 3607 4667 libellum

1968 4696 2346 4771 paenitentiae;
2363 4695 2464 4751 sed
2482 4694 2711 4751 domum
2728 4708 3005 4751 reversus
3025 4694 3096 4751 ad
3117 4696 3603 4771 vomitumrediit,

1968 4802 2136 4859 quam
2170 4786 2245 4841 ob
2279 4798 2397 4840 rem
2414 4785 2703 4855 praesente
2723 4783 2883 4839 clero
2895 4788 2955 4839 et
2971 4783 3187 4856 populo
3216 4785 3473 4844 Romano
3489 4787 3611 4845 vin-

1967 4876 2100 4936 culo
2122 4873 2527 4942 anathematis,
2563 4876 2628 4929 ut
2660 4871 3057 4944 praediximus,
3129 4873 3441 4932 innodatus
3495 4881 3605 4934 est.

1970 4966 2175 5039 (Gesta
2188 4980 2248 5036 ρ.
2268 4964 2366 5035 R.)
2382 4963 2523 5019 Post
2541 4961 2902 5018 Theodorum
2917 4962 3200 5020 Martinus
3215 4964 3286 5019 de
3298 4964 3610 5023 Tudertina

1968 5055 2191 5114 Tusciae
2224 5052 2377 5109 sedit
2411 5066 2461 5107 a.
2497 5054 2548 5121 6,
2585 5054 2729 5119 m.5,
2755 5050 2914 5107 d.26.
2949 5050 3169 5123 [Bsnm]
3194 5053 3612 5112 Constantinus

1970 5146 2151 5216 igitur
2164 5137 2683 5213 deceptusaPaulo
2695 5138 2875 5208 regiae
2888 5138 3149 5196 civitatis
3163 5140 3440 5213 episcopo
3453 5142 3609 5201 sicut

1970 5241 2028 5293 et
2052 5232 2317 5291 Eraclius
2349 5243 2602 5303 proavus
2623 5226 2750 5299 eius
2772 5243 2803 5284 a
2834 5228 3057 5300 Sergio,
3117 5228 3331 5287 librum
3390 5246 3616 5304 compo-

1972 5327 2088 5385 suit
2130 5322 2413 5380 adversus
2462 5319 2632 5377 fidem
2679 5314 3048 5377 catholicam.
3111 5319 3271 5378 Unde
3328 5321 3612 5381 Martinus

1571 5487 1809 5548 VARUE
1848 5485 2248 5546 LECTIONES.

280 5632 349 5669 ιοι
379 5630 855 5690 Anno—civitas
876 5628 1004 5699 fuit
1036 5628 1107 5686 in
1132 5639 1325 5699 mg.
1361 5624 1430 5660 ¹⁹⁹
1477 5628 1603 5699 Her
1621 5658 1692 5669 —
1729 5628 1847 5687 ind.
1881 5633 1937 5688 7.
1966 5629 2035 5687 in
2049 5638 2243 5699 marg:
2266 5620 2500 5699 ἄκαρπα
2525 5619 2745 5679 codicis
2773 5619 3050 5679 ezMata.
3081 5618 3152 5655 ²⁰⁰
3171 5632 3254 5680 an
3272 5638 3295 5677 :
3316 5617 3607 5679 Honorius

208 5719 360 5783 papa
395 5704 446 5761 S.
478 5700 832 5776 Apollinaris
860 5697 1161 5757 basilicam
1183 5693 1355 5759 orsus
1379 5701 1473 5757 est
1497 5696 1610 5753 im
1636 5700 1783 5761 Hac
1809 5702 1881 5761 επ
1906 5693 2198 5768 margin;
2210 5693 2508 5766 ιεμαπιιωε,
3176 5734 3181 5741 ,
