3922 6426
113 386 224 453 105

1361 386 1862 458 CHRONICON.
1894 427 1975 441 --
2001 391 2156 455 LIB.
2196 386 2248 458 Ι.

3391 380 3587 461 106’

110 532 192 588 tio
221 530 361 603 ligni
394 532 837 604 salutaris,quae
860 537 1076 591 extunc
1097 531 1189 589 die
1211 534 1591 593 exaltationis
1622 534 1748 605 ejus
1778 528 1833 588 A
1863 541 1925 583 se
1953 528 2151 585 venire
2183 527 2533 600 praecipiens
2551 526 2873 587 honorifice
2891 530 3170 602 suscepit,
3203 533 3284 588 ita
3318 537 3383 590 ut
3414 532 3507 589 die

112 620 165 676 in
195 620 438 678 basilica
468 621 791 678 Salvatoris
821 622 1060 678 abomni
1085 628 1397 680 veneratur
1413 628 1473 680 et
1522 624 1752 681 oscula-

112 713 206 765 tur
225 709 458 781 pepulo.
489 709 681 781 [ΒεοΑ.
702 710 917 767 Clu-on.
942 712 993 766 S.
1021 712 1301 784 Benigni.]
1325 713 1425 769 Hic
1459 713 1753 769 ordinavit

112 802 374 853 sanetum
388 796 823 855 Willibrordum
840 806 1224 868 cognomento
1242 800 1593 857 Clementem
1623 802 1754 857 Fre-

113 886 340 941 sionum
368 887 529 956 genti
561 887 924 958 episcopum,
946 902 1094 944 anno
1126 888 1431 945 dominicae
1492 889 1754 947 incarna-

114 973 290 1030 tionis
316 972 442 1045 696,
478 989 646 1045 quem
680 975 837 1032 misit
876 974 1013 1032 illuc
1053 991 1183 1032 cum
1232 977 1427 1034 sociis.
1472 978 1753 1049 Pippinus

113 1062 295 1132 major
319 1062 548 1133 domus,
584 1069 889 1137 postquam
920 1064 1160 1122 Frisiam
1191 1065 1405 1124 devicit
1463 1071 1523 1123 et
1549 1066 1754 1124 ducem

116 1151 445 1210 Ratbodum
476 1154 715 1223 fugavit.

184 1241 378 1297 Tertio
407 1242 717 1299 Iustiniani
741 1258 891 1300 anno
915 1243 1075 1314 cepit
1109 1259 1351 1313 regnare
1376 1245 1677 1316 Pippinus,
1695 1252 1751 1302 et

116 1328 362 1385 retinuit
390 1329 732 1398 majoratum
764 1331 970 1388 domus
985 1331 1150 1387 annis
1180 1333 1250 1386 2O
1270 1332 1380 1389 sub
1401 1333 1752 1404 Iustiniano,

116 1416 304 1472 Leone
331 1422 387 1473 et
419 1418 685 1489 Tyberio,
732 1419 870 1476 item
926 1420 1276 1491 Iustiniano,
1320 1421 1640 1478 Theodosio
1696 1428 1754 1478 et

116 1506 325 1575 Leone,
357 1506 526 1576 cujus
556 1508 716 1576 regni
751 1522 903 1565 anno
933 1510 1180 1573 6.0biit;
1207 1513 1494 1567 successit
1515 1509 1756 1566 Karolus

115 1592 417 1650 Martellus
447 1598 507 1650 et
534 1595 677 1651 obiit
709 1601 767 1652 7.
809 1597 1170 1653 Constantini
1202 1612 1370 1655 anno.

191 1680 412 1755 [8mm]
445 1686 604 1739 Anno
652 1685 743 1740 ab.
805 1685 914 1742 inc.
976 1687 1137 1743 Dem.
1172 1690 1297 1759 678,
1324 1688 1645 1745 indictione
1700 1692 1753 1759 2,

112 1775 320 1841 epacta
353 1771 528 1841 nulla,
561 1779 948 1830 concurrente
979 1780 1030 1844 5,
1053 1776 1415 1834 Iustinianus
1466 1778 1653 1833 minor
1698 1778 1757 1833 fi—

1863 617 2146 687 dominica
2178 618 2384 674 missas
2410 632 2542 673 eum
2575 618 2687 675 sibi
2720 618 2933 689 jubens
2993 620 3204 690 facere,
3252 636 3513 679 commu-

1862 705 2090 762 nionem
2123 707 2193 761 de
2227 720 2394 762 manu
2426 705 2552 776 ejus
2584 708 2933 779 susciperet,
2965 713 3025 765 et
3070 708 3123 765 in
3158 714 3317 765 terra
3378 726 3508 783 pro-

1862 798 2089 851 stratus
2120 796 2364 866 prosuis
2416 795 2815 865 peccatiseum
2856 797 3222 855 intercedere
3274 812 3504 871 rogans,

1862 889 2070 939 cuncta
2101 884 2366 941 ecclesia
2392 884 2696 956 privilegia
2719 891 3048 942 renovaret.
3069 886 3318 953 Quicum
3347 903 3511 946 exer-

1862 971 2042 1028 citum
2073 973 2129 1029 in
2162 975 2408 1029 Pontum
2463 973 2727 1029 mitteret
2783 974 2853 1031 ad
2896 976 3508 1046 comprehendendum

1862 1059 2249 1131 Pbilippicum
2275 1076 2443 1132 quem
2478 1060 2554 1117 ibi
2580 1061 2932 1131 religaverat
2954 1064 3304 1135 prohibente
3338 1080 3507 1138 papa,

1864 1163 2187 1207 conversus
2200 1150 2500 1207 exercitus
2515 1151 2896 1222 Philippieum
2915 1153 3048 1210 fecit
3074 1153 3504 1226 imperatorem,

1866 1251 2251 1308 reversusque
2273 1254 2403 1295 cum
2449 1253 2518 1295 eo
2578 1240 3167 1313 Constantinopolim,
3229 1244 3509 1314 pugnavit

1865 1332 2066 1383 contra
2098 1329 2511 1397 Iustinianum,
2540 1332 2600 1384 et
2615 1328 2772 1385 victo
2786 1344 2854 1386 eo
2871 1336 3043 1401 atque
3058 1332 3253 1389 occiso
3270 1347 3510 1405 regnum

1865 1416 2146 1486 suscepit,
2180 1416 2335 1488 quod
2371 1417 2559 1473 tenuit
2590 1432 2646 1472 a.
2681 1423 2704 1472 1
2741 1421 2799 1473 et
2830 1433 2903 1474 m.
2937 1423 2986 1474 6.

1941 1500 2274 1574 [Aro].Quo
2302 1502 2371 1537 ²⁰⁶
2401 1504 2454 1559 in
2489 1510 2749 1575 tempore
2813 1506 3107 1563 Deodatus
3166 1508 3510 1567 Viennensis

1866 1591 2181 1662 episcopus
2205 1590 2451 1649 ﬂorebat
2476 1593 2563 1649 vir
2591 1608 2810 1663 magna:
2835 1595 3222 1666 parsimoniae,
3255 1598 3353 1667 qui
3382 1612 3513 1656 suc-

1869 1681 2047 1737 cessit
2084 1680 2449 1752 Blidraunus,
2484 1686 2543 1737 et
2575 1683 2626 1738 ei
2659 1683 3510 1758 successitColdusepiscOpus

1870 1768 1966 1839 qui
1996 1775 2051 1824 et
2070 1769 2448 1825 Viennensem
2465 1770 2772 1827 ecclesiam
2797 1773 2973 1827 rebus
2989 1773 3186 1839 auxit;
3229 1774 3336 1830 fuit
3359 1775 3508 1832 enim

113 1857 234 1914 lius
267 1860 631 1915 Constantini
666 1875 911 1930 regnare
935 1878 1108 1919 orsus
1141 1865 1402 1932 regnavit
1453 1865 1620 1922 annis
1668 1871 1752 1922 10.

1950 1858 2055 1913 inis
2087 1859 2324 1927 regibus
2346 1859 2714 1915 Francorum.
2751 1861 3040 1917 Successit
3074 1862 3126 1917 ei
3169 1862 3507 1936 Bobolinus,

115 1947 224 2003 Hic
256 1962 460 2019 papam
477 1949 736 2019 Sergium
772 1951 894 2022 rapi
923 1951 1099 2021 jussit
1128 1952 1200 2008 de
1227 1953 1475 2010 ecclesia
1535 1959 1593 2009 et
1623 1955 1762 2011 Con-

114 2036 562 2109 stantinopolim
591 2038 912 2110 deportari,
931 2044 1064 2110 quia
1088 2043 1355 2100 erraticae
1380 2058 1503 2100 suae
1540 2044 1760 2115 synodo

115 2138 292 2196 quam
325 2127 541 2182 fecerat
576 2127 631 2182 in
665 2129 808 2183 urbe
844 2129 998 2197 regia
1042 2132 1235 2186 favere
1267 2136 1326 2187 et
1392 2133 1764 2188 subscribere

114 2213 337 2269 noluit.
379 2213 487 2270 Sed
521 2216 804 2286 praevenit
838 2217 1042 2273 militia
1069 2220 1416 2275 Ravennatze
1450 2220 1761 2276 urbisviei'

114 2317 443 2372 uarumque
468 2304 900 2375 partiumjussa
935 2306 1108 2376 regis,
1129 2312 1184 2362 et
1212 2307 1570 2379 missosejus
1587 2324 1765 2379 expu-

114 2390 185 2445 lit
222 2392 296 2447 ab
326 2392 471 2448 urbe
503 2393 700 2448 Roma.
735 2393 1100 2450 Iustinianus
1119 2396 1192 2451 ob
1215 2396 1446 2467 culpam
1507 2397 1764 2469 perfidiae

114 2493 303 2549 regno
329 2481 615 2552 privatus,
649 2482 858 2538 exulin
894 2484 1139 2540 Pontum
1164 2484 1763 2557 secedit;postquem

116 2568 432 2641 imperavit
457 2572 569 2626 Leo
603 2571 768 2626 annis
799 2575 851 2641 3,
868 2577 1072 2627 contra
1093 2588 1259 2642 quem
1287 2574 1561 2645 pugnavit
1590 2576 1766 2646 Tybe-

114 2658 245 2714 rius
275 2664 334 2714 et
356 2660 426 2714 de
452 2674 630 2728 regno
652 2660 899 2729 ejectum
918 2666 1179 2731 tempore
1195 2677 1308 2732 quo
1331 2662 1457 2733 ipse
1501 2665 1764 2732 regnavit

115 2746 175 2803 in
209 2747 484 2803 custodia
541 2749 732 2803 tenuit
786 2749 842 2803 in
883 2750 1084 2804 eadem
1147 2751 1407 2806 civitate.
1456 2754 1597 2808 Post
1640 2752 1767 2810 Ser-

111 2835 276 2906 gium
308 2838 562 2893 Ioannes
592 2838 681 2905 Vl,
707 2837 944 2892 natione
989 2838 1229 2907 Grecus,
1282 2838 1667 2911 interpositis,
1691 2857 1761 2897 m.

114 2928 168 2996 1,
207 2924 266 2981 d.
296 2929 380 2981 13.
400 2925 715 2982 Romanam
743 2926 1219 2982 rexitecclesiam
1241 2932 1359 2998 n.3,
1383 2932 1524 2997 m.2,
1561 2928 1767 2986 diebus

106 3013 411 3086 (Gestap.
445 3016 572 3087 12)..
620 3057 632 3070 .
680 3056 694 3083 ,
730 3015 897 3084 cujus
926 3020 1333 3085 temporecum
1358 3016 1616 3074 Gisulfus
1650 3019 1767 3074 dux

115 3101 638 3172 Langobardorum
673 3102 1036 3173 Campaniam
1070 3103 1219 3174 igne,
1251 3104 1446 3173 gladio
1498 3112 1557 3161 et
1584 3108 1769 3179 capti-

115 3190 312 3247 vitate
352 3194 634 3259 vastaret,
667 3198 727 3246 et
755 3206 865 3246 non
895 3195 1054 3247 esset
1081 3192 1177 3261 qui
1198 3192 1248 3247 ei
1284 3193 1616 3265 resisteret,
1645 3197 1769 3267 ipse

116 3292 278 3350 papa
312 3279 510 3338 missis
533 3279 604 3335 ad
627 3294 757 3335 eum
791 3280 1200 3337 sacerdotibus
1242 3285 1299 3336 et
1355 3282 1589 3340 clericis
1637 3300 1767 3342 cum

117 3366 387 3425 donariis
413 3367 678 3439 plurimis
718 3369 1022 3424 universos
1079 3370 1347 3440 captivos
1386 3372 1653 3443 redemit,
1710 3380 1770 3431 et

113 3457 579 3514 hostesdomum
636 3458 828 3514 redire
887 3458 1043 3513 fecit.
1108 3458 1324 3531 [Beoa].
1381 3462 1677 3518 Successit
1717 3463 1769 3519 ei

114 3547 420 3602 Iohannes
436 3547 550 3614 Vl’,
569 3546 799 3601 natione
814 3546 1226 3617 Crecus,patre
1240 3548 1525 3619 Platonio,
1549 3552 1701 3606 sedit
1716 3566 1767 3606 a.

115 3639 171 3705 2,
198 3649 277 3690 m.
312 3640 363 3703 7,
393 3634 448 3690 d.
478 3638 566 3690 27.
603 3634 764 3690 Sedit
794 3636 1210 3693 Constantinus
1240 3639 1419 3709 Syrus
1478 3643 1647 3711 patre
1681 3640 1775 3696 Io-

118 3722 340 3793 hanne,
366 3727 485 3793 a.7,
517 3722 572 3779 d.
608 3727 692 3778 15.
728 3723 933 3792 (Gesta
950 3739 1008 3795 ρ.
1045 3726 1164 3797 12.).

197 3812 398 3884 [Pacta
434 3811 590 3879 Duc,
619 3826 691 3880 vr,
725 3812 837 3882 46.]
863 3814 941 3868 Eo
971 3811 1040 3846 ²⁰⁵
1074 3819 1337 3885 tempore
1375 3830 1519 3886 gens
1577 3817 1775 3874 Sarra-

117 3914 410 3959 cenorum
434 3900 489 3956 in
511 3900 638 3957 loco
653 3900 749 3971 qui
767 3901 996 3972 Septem
1014 3902 1230 3958 dicitur
1244 3917 1318 3958 ex
1341 3904 1551 3961 Aﬂ‘rica
1589 3911 1775 3963 trans-

117 3991 454 4047 fretrantes
486 3990 818 4059 Hispaniam
852 3990 1213 4061 invaserunt,
1243 3997 1301 4047 et
1335 3998 1463 4063 post
1499 3998 1564 4049 10
1593 4008 1775 4052 annos

117 4093 258 4136 cum
288 4078 580 4135 uxoribus
609 4082 669 4132 et
692 4076 826 4133 filiis
858 4078 1245 4148 Aquitaniam,
1271 4080 1541 4151 ingressi,
1568 4083 1775 4139 Carolo

115 4182 258 4226 cum
286 4166 526 4223 Eudone
543 4165 866 4235 Aquitaniae
883 4166 1145 4237 principe
1168 4182 1346 4239 super
1365 4184 1466 4226 eos
1490 4170 1774 4241 irruente,

116 4258 229 4312 370
264 4251 429 4310 milia
459 4266 489 4308 a
517 4251 752 4307 Francis
776 4257 1070 4322 perempta
1092 4259 1339 4323 sunt,ex
1368 4258 1605 4314 Francis
1635 4273 1775 4315 vero

118 4342 292 4400 mille
325 4340 867 4413 quingentitantum
887 4340 1250 4398 ceciderunt.
1277 4344 1778 4418 Eudoquoqueir-

118 4446 312 4492 ruens
339 4446 519 4503 super
549 4445 651 4488 eo;
682 4428 804 4502 pari
840 4430 1009 4486 modo
1043 4430 1259 4489 multos
1317 4433 1635 4507 interemit,
1715 4442 1774 4492 et

116 4522 426 4595 fugientes
459 4518 763 4577 Sarraceni
792 4533 922 4575 cum
947 4518 1124 4576 nimio
1144 4521 1411 4579 exercitu
1431 4522 1776 4596 Constanti-

115 4610 388 4685 nopolim
422 4608 673 4667 triennio
703 4608 1078 4665 obsederunt.

198 4699 430 4775 [Beas].
470 4697 834 4756 Iustinianus
862 4696 1041 4768 igitur
1069 4712 1238 4769 quem
1276 4700 1549 4772 superius
1595 4717 1775 4774 regno

118 4790 427 4866 privatum
453 4787 726 4858 diximus,
749 4786 966 4847 auxilio
986 4787 1235 4844 Terbelli
1279 4789 1665 4860 Vul‘garorum
1689 4808 1778 4850 re-

115 4880 215 4954 gis
250 4892 498 4950 regnum
528 4876 820 4949 recipiens
849 4880 882 4933 ϐ
912 4876 1081 4934 annis
1114 4877 1322 4947 tenuit,
1358 4884 1414 4935 et
1447 4881 1778 4941 occiditeos

117 4966 422 5044 patricios
453 4966 550 5037 qui
582 4980 646 5023 se
669 4964 1037 5038 expulerant,
1063 4971 1123 5022 et
1157 4966 1398 5024 Leonem
1458 4969 1555 5040 qui
1585 4969 1777 5028 locum

114 5056 256 5129 ejus
279 5059 689 5127 usurpaverat,
715 5059 776 5110 et
801 5068 1199 5112 successorem
1230 5054 1432 5113 LLOJiS
1472 5058 1777 5127 Tyherium

118 5147 225 5220 qui
246 5160 325 5204 eo
356 5144 427 5201 de
460 5159 638 5216 regno
658 5144 909 5215 ejectum
933 5146 987 5201 in
1001 5146 1268 5203 custodia
1301 5152 1587 5205 tenuerat.
1607 5149 1779 5206 Galli-

114 5250 260 5294 cum
280 5248 421 5292 vero
436 5233 827 5305 patriarchain
842 5241 1029 5291 erutus
1040 5235 1230 5292 oculis
1256 5236 1413 5294 misit
1447 5239 1702 5308 Romam,
1720 5243 1780 5297 et

116 5322 300 5382 dedit
327 5320 730 5392 episcopatum
764 5321 842 5392 Cy
877 5336 910 5377 o
943 5322 1039 5393 qui
1071 5323 1401 5380 eratabbas
1427 5323 1483 5381 in
1507 5326 1694 5383 Ponto
1718 5330 1775 5382 et

112 5426 261 5472 eum
295 5409 526 5468 exulem
556 5409 800 5468 aluerat.
836 5410 942 5467 Hic
965 5411 1406 5471 Constantinum
1445 5429 1652 5488 papam
1707 5414 1780 5471 ad

1871 1950 1931 2001 et
1962 1946 2095 2002 huic
2128 1947 2552 2004 Austrobertus
2584 1949 2670 2003 vir
2699 1954 2973 2005 strenuus
3003 1954 3059 2005 et
3089 1951 3323 2008 nobilis.

1945 2034 2147 2103 (Gesta
2168 2050 2229 2106 ρ.
2265 2036 2362 2107 R.)
2395 2036 2498 2092 llic
2528 2036 2910 2092 Constantino
2926 2038 3511 2113 papzelitteraspravi

1873 2121 2163 2191 dogmatis
2195 2122 2371 2192 misit,
2399 2139 2542 2195 quas
2570 2124 2670 2180 ille
2695 2125 2918 2195 judicio
2965 2127 3306 2198 apostolicae
3356 2130 3512 2187 sedis

1874 2208 2119 2281 respuit,
2137 2209 2462 2280 statuitque
2477 2210 2729 2282 populus
2744 2213 3050 2284 Romanus,
3071 2230 3140 2271 ne
3162 2216 3401 2273 heretici
3419 2217 3515 2274 im-

1871 2297 2164 2367 peratoris
2194 2312 2398 2354 nomen
2423 2304 2733 2356 autcartas
2748 2306 2847 2358 aut
2875 2302 3112 2373 figuram
3148 2305 3514 2363 solidisusci-

1874 2392 2058 2456 peret.
2080 2387 2239 2442 Unde
2272 2402 2377 2443 nec
2392 2388 2749 2458 «juseﬂlgies
2771 2390 2908 2446 inec
2947 2392 3149 2447 lesiam
3175 2393 3510 2453 introducta

1873 2472 1985 2543 est,
2021 2488 2126 2530 nec
2156 2489 2359 2531 nomen
2392 2476 2460 2532 ad
2496 2477 2796 2534 missarum
2827 2479 3145 2550 solempnia
3180 2483 3509 2542 recitatum.

1875 2564 1936 2618 In
1968 2567 2233 2635 tempore
2248 2564 2375 2633 ejus
2394 2567 2738 2622 Anastasius
2760 2570 3023 2638 regnavit
3041 2571 3207 2626 annis
3231 2576 3281 2641 3,
3308 2578 3364 2628 et
3387 2573 3514 2628 Phi-

1876 2652 2117 2723 lippium
2149 2661 2380 2724 captum
2410 2655 2597 2712 oculis
2623 2673 2655 2727 p
2694 2656 2871 2712 ivavit
2892 2672 2997 2713 nec
3029 2659 3262 2715 occidit.
3294 2659 3513 2736 [ΒευΑ.]

1874 2742 1978 2798 Hic
2012 2744 2390 2800 Constantino
2422 2760 2586 2816 papze
2617 2745 2849 2801 litteras
2875 2746 3048 2815 misit,
3084 2747 3295 2817 quibus
3313 2763 3373 2805 se
3400 2750 3517 2807 fau-

1877 2836 2062 2887 torem
2092 2833 2399 2889 catholicze
2433 2833 2588 2898 liJei,
2623 2838 2679 2889 et
2699 2840 2915 2891 sanctae
2938 2840 2990 2904 6,
3017 2835 3221 2906 synodi
3241 2838 3517 2906 praedica-

1878 2924 2061 2977 torem
2084 2935 2214 2977 esse
2238 2921 2457 2978 docuit.
2487 2924 2625 2977 Post
2648 2924 3088 2979 Coustan.inum
3109 2925 3426 2995 Gregorius
3447 2928 3514 2999 Ii,

1877 3010 2167 3067 Romanus
2199 3026 2228 3066 a
2264 3012 2438 3066 Petro
2466 3016 2555 3081 92,
2590 3017 2757 3082 patre
2790 3012 3069 3069 Marcello
3111 3013 3265 3070 sedit
3320 3028 3371 3070 a.
3430 3019 3516 3085 16,

1879 3104 2029 3168 111.9,
2065 3100 2119 3155 d.
2157 3105 2240 3155 12.
2277 3100 2568 3172 (Gestap.
2612 3103 2712 3173 Β.)
2747 3102 3063 3158 Constituit
3091 3108 3153 3158 ut
3186 3103 3239 3159 in
3275 3105 3521 3175 quadra-

1878 3190 2093 3258 gesima
2127 3193 2184 3244 5.
2228 3190 2367 3246 feria
2396 3190 2673 3260 jejunium
2708 3190 2890 3259 fieret,
2919 3191 3071 3261 quod
3096 3197 3265 3249 antea
3296 3209 3406 3250 non
3425 3194 3523 3250 fie-

1883 3279 2000 3347 bat,
2026 3286 2085 3333 et
2110 3278 2416 3334 missarum
2439 3278 2833 3335 celebritates.
2864 3279 3081 3353 [Euam]
3108 3282 3244 3352 Ejus
3266 3283 3523 3339 admoni-

1880 3367 2042 3422 tione
2075 3367 2465 3423 Liutbrandus
2485 3382 2583 3422 rex
2612 3369 3119 3436 Langobardorum
3149 3371 3520 3430 donationem

1882 3457 2215 3529 patrimonii
2240 3456 2465 3529 Alpium
2492 3471 2661 3528 quam
2688 3459 3155 3517 Hereberechtus
3179 3475 3281 3517 rex
3309 3462 3521 3520 fecerat

1881 3552 1939 3602 et
1974 3546 2071 3602 ille
2104 3546 2441 3616 repetierat,
2468 3546 2726 3603 Secundo
2758 3546 3144 3604 confirmavit.
3170 3551 3324 3607 Tunc
3348 3552 3528 3622 pluri-

1884 3648 2008 3690 mas
2038 3628 2311 3690 Scotticae
2342 3635 2535 3703 gentis
2566 3635 2896 3705 provincias
2939 3637 3261 3695 Echbertus
3288 3639 3376 3694 vir
3399 3654 3529 3696 san-

1883 3728 2017 3780 ctus
2046 3722 2117 3779 de
2147 3730 2320 3792 gente
2345 3723 2660 3793 Anglorum
2697 3724 2766 3778 ad
2782 3725 3116 3781 canonicam
3175 3729 3404 3797 pascha)
3435 3731 3530 3786 ob-

1884 3812 2240 3870 servantiam
2272 3811 2367 3884 pia
2403 3812 2825 3885 praedicatione
2843 3814 3132 3870 convertit
3154 3830 3303 3874 anno
3323 3817 3523 3875 abinc.

1882 3904 2042 3959 Dom.
2078 3906 2199 3958 717.

1954 3990 2310 4048 Theodosius
2344 3991 2524 4061 igitur
2553 3990 2782 4049 electus
2803 3990 2859 4048 in
2890 3992 3301 4064 imperatorem
3325 4010 3375 4052 a.
3403 4000 3524 4053 708.

1888 4080 2257 4136 Anastasium
2288 4080 2440 4149 apud
2472 4080 2704 4135 Niceam
2724 4080 2888 4149 gravi
2915 4082 3373 4153 praeliovicit,et
3395 4084 3533 4144 dato

1887 4168 1997 4224 sibi
2029 4172 2396 4224 sacramento
2427 4167 2703 4224 clericum
2738 4168 2940 4224 fieriet
2965 4171 3372 4240 presbyterum
3398 4173 3533 4230 fecit

1886 4254 2167 4311 ordinari.
2191 4254 2474 4323 Regnavit
2506 4268 2555 4309 a.
2595 4261 2646 4324 1-,
2677 4260 2735 4310 et
2763 4270 2893 4312 eum
2917 4263 3077 4313 esset
3103 4260 3448 4333 catholicus,
3476 4261 3532 4319 in

1888 4344 2046 4414 regia
2080 4344 2223 4400 urbe
2257 4343 2565 4412 imaginem
2598 4343 2754 4399 illam
2778 4343 2831 4399 in
2865 4359 2976 4415 qua
3028 4352 3246 4413 saneta
3276 4350 3529 4421 ﬁsynodi

1886 4437 2056 4489 erant
2076 4431 2323 4504 depicta;
2349 4436 2451 4488 eta
2469 4431 2794 4504 Philippico
2818 4433 3303 4506 fuerantdejectae
3334 4438 3533 4509 pristi-

1888 4536 1961 4578 no
1992 4522 2047 4578 in
2078 4519 2205 4577 loco
2235 4519 2444 4576 erexit.
2480 4521 2620 4579 Post
2653 4534 2785 4579 eum
2844 4521 3151 4594 imperavit
3214 4525 3326 4583 Leo
3380 4541 3530 4588 anno

1803 4601 1859 4663 D
1886 4616 2010 4680 709,
2045 4610 2211 4667 annis
2230 4614 2317 4666 26.

1962 4701 2154 4774 (Pace,
2190 4698 2370 4771 Dum]
2414 4697 2518 4754 Hic
2543 4697 2614 4732 ²⁰⁷
2643 4704 2981 4758 sanctorum
3020 4700 3302 4773 imagines
3361 4702 3533 4779 depo-

1887 4790 2002 4847 suit
2026 4797 2086 4845 et
2118 4786 2397 4855 incendit,
2430 4792 2489 4844 et
2512 4788 2766 4844 Romano
2798 4788 3056 4860 pontifici
3076 4790 3125 4846 si
3150 4807 3310 4849 suam
3352 4792 3529 4851 vellet

1888 4876 2363 4947 haberegratiam
2383 4876 3533 4954 inaudavit.Quodpontifexcontcmpsit.

1889 4967 2217 5036 Omnesque
2249 4964 2463 5021 talibus
2484 4964 2663 5034 jussis
2688 4980 2799 5022 uno
2822 4966 3013 5024 animo
3074 4969 3441 5040 restiterunt,
3474 4975 3533 5028 et

1888 5056 1998 5114 nisi
2028 5070 2128 5112 eos
2162 5054 2422 5128 pontifex
2452 5054 2595 5126 ipse,
2628 5053 2902 5112 videlicet
2933 5056 3249 5128 Gregorius
3286 5059 3374 5129 ιν,
3404 5074 3534 5133 pro-

1889 5145 2197 5213 hibuisset,
2236 5144 2647 5215 imperatorem
2707 5157 2886 5215 super
2941 5159 3006 5202 se
3059 5146 3528 5206 constituissent.

1890 5233 2071 5303 Quem
2104 5238 2297 5290 tamen
2331 5235 2531 5304 postea
2562 5246 2707 5304 papa
2733 5233 3026 5305 deposuit.
3059 5235 3378 5293 Germanus
3394 5236 3535 5294 Con-

1890 5322 2447 5399 stantjnopoiitanus
2479 5321 2808 5394 patriarcha
2832 5322 3017 5379 errori
3034 5322 3409 5397 imperatoris
3425 5339 3538 5384 non

1891 5411 2282 5483 consentiens,
2317 5424 2348 5468 a
2376 5410 2517 5468 sede
2548 5409 2756 5484 pulsus
2784 5413 2894 5468 est.
2931 5410 3234 5471 Sarraceni
3261 5428 3392 5473 cum
3424 5427 3540 5472 ma-

1503 5565 1741 5622 VARL‘E
1778 5562 2179 5622 LECTIONES.

187 5687 267 5723 ’σε
300 5687 385 5744 Eo
414 5685 774 5743 obsederunt
797 5689 866 5745 in
882 5699 1075 5758 marg.
1106 5684 1175 5720 ²⁰⁶
1201 5686 1328 5755 Quo
1357 5717 1420 5729 —
1448 5687 1665 5747 nobilis
1684 5688 1754 5749 in
1778 5700 1970 5762 marg.
1999 5685 2070 5721 ὀτ
2096 5684 2199 5743 Hic
2227 5714 2298 5727 —
2329 5682 2535 5758 pulsus
2562 5686 2651 5744 est
2688 5684 2759 5747 in
2774 5697 2966 5761 marg.

374 5783 641 5849 ernon.
673 5782 881 5849 CLIV.
