3922 6414
344 389 455 456 107
1304 389 1675 457 HUGONIS
1719 382 2070 455 ABBATIS
2115 380 2795 453 FLAVINIACENSIS
3645 388 3777 457 108

339 566 454 623 gno
482 550 742 608 exercitu
772 546 1333 618 Constantinopolim
1381 548 1702 619 venientes,
1739 543 1990 603 triennio
2021 520 2079 584 Α
2108 522 2325 630 άιθυξηεῖ
2352 526 2547 630 effeta
2585 524 2745 630 π’θὲῐξί
2779 527 3019 630 ηθὲεξοίξ
3045 526 3235 630 .majffl‘
3265 532 3467 590 domus
3508 530 3773 630 ὃάφίῑξί-

339 613 638 697 civitatem
661 637 955 707 obsident,
984 635 1089 692 sed
1112 613 1340 693 civibus
1365 637 1542 693 multa
1601 634 1874 693 instantia
1920 633 1989 688 ad

2177 613 2348 667 rabat.
2380 613 2673 684 Oratergo
2694 614 2925 672 decerni
2944 618 3076 688 sibi,
3105 620 3236 689 quis
3260 636 3457 678 eorum
3479 619 3771 689 rexjuste

338 732 514 786 Deum
544 701 981 783 revertentibus
1007 725 1239 797 plurimi
1292 740 1492 781 eorum
1525 726 1692 792 fame,
1751 724 1985 792 frigore,
2105 701 2390 807 deﬁgam"
2419 702 2533 800 ξῘίθί
2570 707 2627 758 et
2661 705 2884 803 esseals
2909 705 3446 807 ξίυίάοιηίδθςῖυῐξξιε
3479 709 3765 807 εθάεῗξηιν

341 816 679 891 pestilentia
715 788 1036 887 perierunt,
1059 818 1117 869 et
1138 814 1221 870 sic
1242 816 1464 885 pertesi
1488 788 1853 869 obsidionem
1904 788 1991 865 re-
2102 788 2304 891 f’nlmf
2337 790 2434 891 (Ιξλί
2467 794 2844 891 (ξυνθηηθὲἔξὶί
2871 798 2927 891 (ἶὲ
2949 810 3150 891 omnes
3172 796 3467 891 ηᾏυξεῗδιίδε
3491 796 3767 891 “wine-

340 877 629 977 linquunt.
657 877 794 960 Inde
818 877 1204 972 Vulgarorum
1222 877 1453 971 gentem
1478 902 1801 973 pecierunt,
1818 915 1846 955 a
1869 899 1987 969 qui-

2179 882 2220 932 t.
2256 878 2652 935 Zachariasex
2676 881 3030 937 auctoritate
3054 884 3378 953 apostolica
3398 884 3631 940 mandat
3658 900 3769 955 po-

342 964 615 1053 bus-victi
651 1008 830 1051 naves
855 1007 993 1050 suas
1011 993 1395 1065 repetierunt.
1429 991 1537 1048 Sed
1560 1005 1689 1048 cum
1747 989 1860 1045 alta
1895 1004 1990 1061 pe-

2182 964 2238 1022 lo
2275 968 2643 1035 Francorum,
2682 972 2742 1022 ut
2778 968 3076 1039 Pippinus,
3117 972 3213 1041 qui
3248 978 3545 1044 potestate
3585 973 3767 1042 regia

341 1090 550 1153 terent,
579 1084 887 1155 ingruente
918 1055 1270 1153 tempestate
1301 1080 1588 1137 submersi
1623 1083 1775 1136 sunt.
1824 1055 1985 1135 Intus

2177 1055 2396 1123 ebatur,
2423 1055 2674 1110 nominis
2708 1070 2938 1125 quoque
2963 1058 3247 1127 dignitate
3305 1062 3616 1119 frueretur.
3662 1062 3755 1115 lta

338 1172 407 1205 ²⁰⁸
429 1140 989 1242 ConstantinOpolim
1015 1140 1153 1226 v'ero
1180 1174 1437 1225 trecenta
1492 1169 1645 1223 milia
1696 1167 1986 1223 hominum

2177 1140 2426 1197 ldericus
2460 1142 2821 1198 ultimusrex
2842 1145 2912 1199 de
2945 1146 3129 1215 stirpe
3183 1149 3629 1220 Mervingiornm
3658 1151 3766 1206 de-

340 1260 677 1333 pestilentia
693 1233 1415 1332 peri-eruntLiutbrandus
1437 1256 1677 1313 audiens
1692 1254 1843 1325 quod
1862 1256 1988 1309 Sar-
2991 1237 3189 1336 "USU‘S
3204 1240 3313 1336 σξιο
3340 1238 3624 1336 Ρξριξὶηυε
3657 1254 3761 1336 ‘fo

342 1320 537 1406 raceni
569 1320 709 1405 Ιοοει⁸
729 1346 826 1402 illa
859 1346 1145 1415 fedarent,
1180 1347 1277 1403 ubi
1310 1361 1438 1402 ossa
1458 1345 1645 1401 sancti
1681 1343 1984 1412 Augustini

2186 1320 2241 1371 in
2282 1320 2522 1373 civitate
2555 1320 2903 1374 Suessonum
2938 1334 2967 1375 a
3001 1325 3525 1382 sanctoBonefacio
3559 1328 3769 1383 archi-

340 1438 477 1495 olim
495 1444 735 1509 propter
759 1436 1044 1492 barbaros
1084 1412 1369 1490 translata
1385 1438 1443 1490 et
1487 1433 1805 1489 honoriﬁce
1855 1444 1988 1487 con-
2097 1412 2375 1509 θβίῗεοβο
2407 1412 2463 1461 ῙΠ
2498 1421 2690 1476 regem
2723 1412 2933 1463 ιιηοιυϐ
2966 1412 3127 1477 regni
3153 1416 3243 1467 est
3278 1413 3499 1469 honore
3567 1415 3768 1471 subli-

340 1526 461 1582 dita
495 1500 746 1594 fuerant,
784 1524 962 1592 misit,
998 1528 1056 1578 et
1078 1522 1214 1579 dato
1239 1537 1443 1591 magno
1468 1522 1679 1593 pretio,
1729 1520 1985 1576 Ticinum
2100 1500 2309 1550 malus-

341 1629 407 1670 ea
440 1628 570 1670 cum
601 1615 823 1669 honore
854 1611 1053 1667 debito
1079 1610 1400 1666 transtulit.
1437 1610 1755 1677 Gregorius
1786 1608 1859 1663 III
1892 1608 1989 1677 Sy-
2171 1609 2329 1664 Obiit
2355 1608 2421 1641 ²¹⁶
2452 1610 2760 1666 Zacharias
2792 1625 2935 1682 papa
2968 1612 3104 1668 Idus
3160 1614 3366 1681 Martii,
3430 1615 3771 1674 indictione

342 1717 460 1772 rus,
480 1701 937 1772 patreJohanne,
960 1699 1279 1764 sedita.10,
1308 1713 1380 1753 m.
1407 1703 1458 1767 8,
1495 1698 1549 1753 d.
1596 1703 1681 1753 25.
1713 1696 1981 1766 (Gestap.
2100 1697 2298 1768 quinta
2336 1696 2616 1768 (Gestap.
2654 1700 2747 1769 Β).

343 1792 454 1862 Βο)
490 1791 591 1846 Hic
612 1789 682 1823 ²⁰⁹
714 1790 959 1846 ι’θῐηονίί
990 1789 1226 1881 Βοῐξτθῐη
1259 1792 1315 1843 et
1341 1787 1563 1881 “aliam
1584 1792 1643 1881 εξ
1661 1787 1986 1881 οξξιηίθῐίξξη
2018 1874 2063 1881 _
2171 1803 2453 1859 Defuncto
2480 1803 2757 1860 ’“autem
2801 1806 2856 1860 in
2900 1806 3131 1863 Christo
3192 1808 3526 1865 beatissimo
3597 1825 3761 1881 papa

346 1877 710 1948 reipublicae
761 1891 930 1969 quam
990 1875 1561 1969 ecclesiasticaajura
1615 1872 1986 1969 inllesperiis
2017 1874 2071 1936 Β
2099 1892 2371 1946 Zacharia
2406 1893 2643 1947 Romani
2672 1894 2975 1962 elegerunt
3036 1895 3389 1966 Stephanum
3461 1872 3764 1969 quendam

346 1966 612 2037 Partibus
632 1966 704 2021 ab
742 1965 1077 2021 Obediemia
1128 1964 1337 2019 Leonis
1394 1968 1454 2018 εί
1495 1963 1718 2033 imperii
1763 1963 1872 2017 θυι)
1918 1976 1987 2017 θο
2105 1981 2527 2050 presbyterum,
2563 1986 2618 2037 et
2651 1986 3033 2039 consecratus
3055 1963 3330 2053 cstpapa.
3359 1963 3628 2050 Qui'cum
3660 1986 3764 2041 die

345 2054 673 2111 constituti.
697 2054 884 2124 (Hist.
920 2052 1120 2123 Misc.)
1158 2053 1265 2108 Sed
1292 2056 1348 2107 et
1371 2052 1684 2119 Iohannes,
1706 2066 1817 2144 non
1846 2064 1988 2121 papa

2177 2068 2283 2122 rtio
2316 2083 2343 2122 a
2378 2069 2601 2124 somnio
2625 2084 2871 2139 surgens
2887 2086 3095 2127 causas
3121 2052 3437 2128 familiares
3484 2073 3766 2144 dispone-

346 2147 446 2199 δαί
475 2143 809 2215 episcopus»
847 2143 951 2197 sed
977 2141 1296 2197 monachus
1328 2145 1382 2195 θῐ
1439 2141 1744 2230 ΡνθὲΙὟῑθΓ
1760 2140 1991 2194 Damas'
2104 2160 2214 2223 ret,
2246 2156 2440 2212 subita
2473 2158 2806 2225 egritudine
2837 2174 3155 2230 percussus
3196 2161 3510 2230 obmutuit,
3566 2140 3626 2216 et
3662 2162 3763 2218 die

345 2246 525 2289 cenus
554 2236 613 2287 et
655 2232 861 2287 doctor
898 2232 1177 2301 optimus,
1229 2230 1493 2284 eumdem
1560 2229 1802 2283 Leonem
1860 2243 1990 2283 cum
2104 2244 2667 2314 sequentimormus
2702 2250 2813 2302 εει,

349 2320 606 2376 Orientis
637 2318 1423 2391 episcopisanathemizavit,
1459 2317 1738 2387 scriptum
1784 2317 1837 2371 in
1884 2316 1995 2372 Ro-

350 2423 514 2465 mana
537 2408 779 2465 historia
805 2407 958 2464 libro
990 2408 1174 2463 XXIII.
1205 2405 1361 2461 Obiit
1391 2408 1498 2460 Lco
1529 2420 1678 2461 anno
1704 2406 1775 2460 ab
1810 2404 1994 2461 incar-

350 2498 585 2554 natione
613 2496 835 2553 Domini
873 2499 994 2551 735.

2177 2354 2339 2406 Anno
2356 2350 2442 2407 ab.
2463 2352 2573 2406 inc.
2609 2352 2767 2407 Dom.
2786 2356 2909 2422 752,
2939 2352 3257 2409 indictione
3281 2359 3334 2424 5,
3361 2361 3759 2411 concurrente

2108 2445 2157 2508 ’1,
2190 2444 2395 2509 epacta
2428 2444 2480 2507 6,
2514 2441 2840 2511 Stephanus
2865 2442 3175 2509 Romanus,
3220 2447 3384 2513 patre
3425 2444 3759 2499 Constanti-

2106 2542 2199 2596 no,
2236 2528 2387 2582 sedit
2420 2528 2612 2583 Romae
2654 2542 2703 2582 a.
2748 2534 2801 2598 5,
2836 2529 2890 2583 d.
2927 2534 2994 2584 29
3010 2528 3194 2598 (Hist.
3211 2529 3411 2601 Μὶεσ.)
3445 2531 3546 2586 Hic
3580 2546 3765 2603 prop-

2109 2619 2197 2669 ter
2222 2615 2651 2671 infestationem
2672 2616 2901 2671 Aistulﬁ
2948 2617 3103 2686 regis
3135 2618 3650 2686 Langobardorum
3685 2619 3760 2674 ad

2108 2702 2411 2773 Pippinum
2453 2705 2613 2759 venit
2652 2706 2707 2759 in
2739 2705 2999 2773 Francia,
3034 2709 3089 2759 et
3126 2707 3435 2762 constituit
3462 2722 3591 2763 eum
3645 2708 3762 2762 Ro-

2108 2805 2289 2847 manze
2318 2791 2581 2847 ecclesia:
2614 2793 2975 2849 defensorem
3005 2798 3062 2849 et
3096 2794 3440 2865 principem,
3474 2800 3754 2851 etconse-

2106 2880 2291 2935 cravit
2324 2895 2454 2935 eum
2487 2880 2864 2950 regem..(Fol.
2901 2886 3013 2951 39.)
3049 2883 3128 2936 Ex
3166 2887 3299 2939 tunc
3324 2883 3515 2939 ablata
3540 2888 3627 2939 est
3644 2885 3759 2939 Ro-

2110 2981 2196 3021 ma
2221 2983 2250 3022 a
2286 2968 2649 3037 subjectione
2684 2969 2908 3039 imperii
2941 2971 3275 3026 Grecorum.
3325 2971 3467 3037 Quia
3487 2972 3753 3042 ergojam

2111 3058 2224 3111 Deo
2255 3056 2506 3111 donante
2530 3056 2600 3111 ad
2625 3057 2680 3111 id
2713 3057 2969 3113 locorum
2994 3058 3351 3129 devenimus,
3384 3065 3446 3115 ut
3469 3060 3539 3115 de
3582 3061 3754 3115 Fran-

2111 3159 2308 3200 corum
2339 3144 2575 3213 regibus
2597 3146 3064 3216 prosequendum
3087 3148 3376 3216 videatur,
3412 3152 3747 3219 repetamus

2032 3224 2082 3288 C
2114 3232 2408 3303 paululum
2438 3234 2745 3303 superiora
2777 3240 2832 3288 et
2869 3236 3081 3303 quibus
3112 3235 3475 3306 temporibus
3499 3236 3553 3291 in
3583 3237 3755 3291 Fran-

2111 3334 2309 3374 corum
2335 3322 2487 3374 terra
2522 3335 2689 3388 reges
2710 3335 2953 3390 regnare
2976 3322 3260 3392 ceperint,
3302 3322 3472 3393 quive
3515 3322 3751 3391 fuerint,

2112 3407 2200 3463 vel
2229 3409 2376 3463 unde
2412 3411 2823 3480 processerint,
2851 3414 3081 3480 patrum
3097 3410 3255 3467 dicta
3279 3415 3594 3482 sequentes
3630 3412 3757 3467 bre-

2113 3495 2262 3551 viter
2296 3496 2703 3553 dilucidemus.

421 2660 560 2714 Post
594 2656 665 2690 ²¹⁰
686 2657 930 2712 Leonem
957 2655 1217 2725 suscepit
1245 2654 1547 2724 imperium
1578 2653 1995 2709 Constantinus

351 2747 563 2819 impius
584 2760 733 2802 anno
755 2746 827 2800 ab
852 2745 961 2799 inc.
990 2745 1148 2798 Dom.
1174 2746 1297 2811 736,
1323 2743 1490 2811 cujus
1520 2742 1682 2811 regni
1726 2756 1894 2796 anno.
1933 2782 1943 2794 .
1980 2783 1990 2794 .

349 2836 417 2868 ²¹¹
448 2836 777 2906 Stephanus
802 2847 948 2904 papa
968 2831 1263 2887 Franciam
1286 2831 1438 2886 venit
1464 2849 1477 2895 ;
1503 2832 1768 2900 regnavit
1804 2837 1996 2885 autem

353 2940 402 2979 a.
436 2928 542 2989 43;
576 2928 632 2979 et
669 2923 954 2979 successit
988 2921 1099 2975 Leo
1125 2919 1276 2975 filius
1295 2921 1586 2990 ejusanno
1609 2920 1681 2975 ab
1706 2920 1992 2973 inc.Dom.

351 3016 457 3069 770
489 3029 504 3077 ;
539 3011 804 3081 regnavit
825 3026 874 3065 a.
911 3014 962 3078 5,
996 3008 1050 3063 d.
1079 3012 1111 3064 6
1137 3008 1346 3077 minus,
1374 3013 1431 3063 ct
1459 3008 1745 3063 successit
1773 3009 1997 3077 Hyrenc

352 3114 483 3155 cum
517 3099 636 3165 filio
695 3097 1074 3154 Constantino
1136 3096 1335 3151 decem
1386 3110 1666 3151 annorum
1725 3095 1793 3128 ²¹²
1854 3111 1998 3150 uxor

358 3187 725 3244 Constantini
760 3185 1109 3257 superioris,
1136 3200 1186 3239 a.
1213 3190 1337 3240 775.
1392 3184 1594 3239 indict.
1626 3187 1709 3238 13.
1734 3182 1802 3215 ’1³
1836 3186 1997 3238 Anno

353 3280 480 3347 787,
514 3275 772 3346 synodus
799 3276 949 3330 facta
972 3278 1065 3329 est
1090 3273 1241 3345 apud
1273 3272 1502 3328 Niceam
1544 3272 1862 3327 indictione
1885 3272 2000 3341 pri-

360 3381 469 3437 ma,
505 3366 615 3421 sub
644 3365 899 3419 Adriano
920 3377 1086 3434 papa.
1117 3361 1536 3417 Constantinus
1579 3361 1829 3415 factione
1887 3375 2002 3414 ma-

360 3455 470 3511 tris
490 3467 611 3509 suas
644 3456 981 3523 peremptus
1012 3455 1125 3519 est,
1159 3449 1416 3518 suscepit
1440 3448 1744 3518 imperium
1790 3449 1915 3518 ipsa
1946 3462 1996 3502 a.

359 3546 484 3606 792,
518 3546 578 3597 et
611 3538 901 3595 successit
928 3538 981 3593 ei
1015 3538 1378 3607 Nicephorus
1410 3551 1459 3591 a.
1484 3540 1611 3604 795,
1636 3540 1693 3590 et
1720 3536 1772 3591 ei
1807 3550 2002 3590 suces-

362 3632 434 3685 sit
469 3599 708 3686 Michael
739 3642 790 3683 a.
825 3631 949 3693 804,
972 3631 1031 3681 et
1060 3626 1110 3679 ei
1135 3599 1426 3681 successit
1457 3626 1567 3679 Leo
1594 3599 1777 3693 (Hist.
1803 3624 2001 3693 Misc.)
2114 3690 2153 3702 ﬁ
2184 3599 2539 3702 1)“?me
2572 3602 2941 3702 Ρνξωξλῗηνθξ
2978 3605 3350 3702 ,θ’νξληξῗνξυη·
3426 3603 3629 3702 Frigus?
3688 3603 3757 3702 ²ξ⁶

2114 3689 2357 3744 Francio
2378 3686 2465 3756 ²¹⁶,
2496 3690 2749 3744 Turchot
2778 3688 2864 3744 ’1‘.
2892 3690 3109 3745 Deinde
3129 3688 3197 3722 ²¹⁶
3232 3691 3391 3747 fuere
3434 3693 3543 3747 sub
3594 3692 3754 3749 duci-

435 3796 589 3851 Obiit
625 3793 941 3863 Gregorius
968 3807 1111 3864 papa
1137 3792 1833 3862 4.KalendasDecembr.,
1860 3792 2004 3847 indi-
2117 3777 2225 3832 bus
2258 3776 2525 3845 usque”
2549 3778 2618 3832 ad
2685 3778 3083 3835 Μενοοιηίνθιη
3126 3779 3332 3835 ducem
3379 3779 3445 3812 ²¹⁶
3496 3786 3753 3851 tempore

360 3885 555 3940 ctione
587 3881 851 3952 3,die10,
878 3881 1133 3936 cessavit
1159 3880 1534 3951 episcopatus
1565 3880 1619 3936 d.
1647 3885 1696 3937 8.
1725 3880 2000 3951 (Gestap.
2114 3865 2443 3921 TheOdOSii-
2500 3867 2877 3922 Marcomil'us
2934 3867 3002 3899 m
3047 3868 3245 3937 ἕθηιιίί
3311 3867 3746 3925 “immundum

362 3973 459 4043 R.)
492 3971 560 4026 Et
590 3973 719 4041 post
745 3983 876 4024 eum
898 3968 1209 4023 Zacharias
1225 3969 1443 4023 Grecus
1464 3983 1613 4023 anno
1656 3968 2005 4025 incarnatio-
2117 3952 2409 4043 (“Odiin
2444 3954 2596 4010 ﬁlius
2626 3956 2771 4025 Plus»
2810 3956 3193 4025 MGI'OVingiUS
3214 3956 3283 3989 m
3335 3955 3507 4013 ﬁlius-
3540 3956 3759 4013 Childe'

258 4079 263 4085 ·
362 4059 453 4117 nis
481 4058 703 4115 Domini
734 4060 857 4127 742,
895 4062 1061 4130 patre
1084 4056 1479 4127 Policbronio,
1511 4072 1561 4112 a.
1600 4063 1684 4128 10,
1749 4074 1821 4113 m.
1857 4063 1908 4127 3,
1945 4057 1995 4115 d.

2177 4058 2273 4099 cus
2300 4042 2367 4075 ²ί⁶
2423 4046 2686 4113 tempore
2722 4044 2999 4099 Mauricii.
3030 4044 3350 4102 Clodeveus
3371 4044 3438 4078 9“
3486 4060 3588 4102 rex
3604 4050 3758 4102 octa-

370 4150 449 4204 14.
485 4146 659 4216 (Ann.
692 4146 895 4217 Γαῖα.)
950 4146 1109 4201 Hunc
1169 4145 1342 4201 missa
1400 4145 1689 4215 legatione
1725 4146 1995 4218 Pippinus

2177 4146 2224 4187 IS
2253 4145 2281 4186 a
2304 4131 2488 4202 primo
2523 4130 2706 4200 (Hist.
2740 4132 2956 4189 17mm.
2991 4134 3153 4204 epit,
3188 4148 3238 4188 c.
3271 4137 3350 4205 2.)

363 4236 549 4307 major
581 4235 787 4291 domus
811 4235 865 4290 in
890 4249 1068 4304 regno
1088 4236 1438 4291 Francorum
1480 4235 1894 4305 interrogatde
1916 4250 2005 4291 re-
2189 4241 2351 4293 Anno
2384 4238 2472 4293 ab.
2510 4238 2619 4293 inc.
2654 4240 2814 4293 Dom.
2853 4240 2975 4307 446,
2999 4239 3313 4295 indictione
3340 4242 3424 4307 14,
3459 4244 3661 4310 epacta
3698 4246 3747 4311 9,

360 4325 535 4395 gibus
567 4325 915 4380 Francorum
949 4339 1020 4378 ex
1052 4324 1291 4393 antiqua
1324 4324 1769 4393 Mervingiorum
1817 4325 2004 4396 stirpe
2118 4332 2505 4383 concurrente
2538 4331 2585 4395 1,
2610 4327 2988 4397 pontificatus
3009 4327 3203 4384 domui
3229 4329 3432 4385 Leonis
3456 4328 3638 4399 Magni
3661 4344 3752 4400 pa-

364 4413 867 4479 descendentium,
893 4411 990 4482 qui
1014 4425 1183 4481 reges
1215 4411 1447 4481 quidem
1505 4412 1871 4481 dicebantur,
1900 4412 2004 4467 sed
2118 4431 2205 4486 βω
2228 4429 2377 4470 anno
2408 4419 2463 4485 ‘2,
2487 4415 2541 4469 in
2565 4416 2915 4471 Francorum
2958 4422 3113 4473 terra
3149 4431 3317 4485 reges
3372 4430 3617 4487 regnare
3663 4431 3751 4472 ce-

362 4505 485 4559 tota
509 4502 670 4570 regni
698 4505 962 4573 potestas
994 4500 1147 4570 apud
1182 4501 1457 4570 majorem
1517 4500 1724 4555 domus
1755 4501 2007 4557 habeba-
2121 4508 2352 4574 perunt,
2379 4508 2439 4559 et
2470 4504 2691 4574 primus
2712 4519 2911 4560 eorum
2946 4505 3174 4561 nomine
3200 4506 3400 4563 Clodio
3448 4505 3753 4575 regnavita

364 4595 481 4660 tur,
507 4594 755 4661 excepto
779 4589 929 4660 quod
954 4593 1133 4644 certae
1156 4592 1211 4643 et
1244 4588 1548 4659 privilegia
1573 4589 1728 4658 regis
1777 4590 2005 4645 nomine
2036 4581 2090 4641 D
2118 4595 2205 4649 20.
2235 4592 2528 4663 [Fumea]
2552 4593 2770 4648 Deinde
2803 4593 3166 4660 Childericus
3199 4594 3352 4651 ﬁlius
3385 4595 3758 4664 Merovei,ex-

364 4680 798 4747 scribebantur,
824 4684 884 4734 et
918 4678 1014 4748 qui
1047 4692 1149 4732 rex
1179 4677 1488 4733 dicebatur
1521 4677 1576 4731 in
1626 4678 1824 4734 Martis
1857 4694 2007 4735 cam-
2120 4681 2289 4753 pulso
2314 4680 2515 4750 Egidio
2540 4681 2684 4737 duce
2704 4682 3090 4737 Romanorum
3109 4682 3180 4738 de
3197 4698 3374 4753 regno
3393 4684 3749 4753 atqueinter-

363 4782 498 4839 pum
529 4767 795 4839 plaustro
828 4770 1034 4822 vectus
1063 4766 1435 4821 trahentibus
1478 4765 1666 4821 bobus
1713 4774 1889 4838 atque
1948 4769 2004 4825 in
2122 4770 2294 4839 fecto,
2327 4784 2569 4838 regnum
2602 4770 2819 4825 invadit
2844 4785 2992 4826 anno
3019 4770 3109 4826 ab.
3142 4771 3253 4827 inc.
3272 4773 3431 4828 Dom.
3455 4774 3579 4841 466,
3598 4774 3651 4826 et
3677 4785 3757 4828 re-

363 4854 641 4913 eminenti
673 4854 907 4925 sedens,
932 4854 1112 4909 semel
1146 4852 1201 4907 in
1235 4864 1424 4908 annoa
1448 4854 1662 4924 populo
1694 4856 1875 4925 visus,
1907 4873 2008 4928 pu-
2117 4858 2313 4927 gnavit
2337 4873 2388 4913 a.
2419 4860 2508 4927 24,
2541 4858 2638 4928 qui
2667 4859 2871 4927 genuit
2900 4858 3075 4915 filium
3094 4875 3164 4914 ex
3220 4861 3460 4916 Bassina
3498 4860 3757 4930 Toringo—

367 4942 517 5001 blica
550 4943 697 4999 dona
721 4941 1105 5013 solempniter
1130 4941 1684 5012 sibioblata,stante
1719 4950 1852 5000 ante
1874 4960 2005 5001 eum
2119 4961 2245 5002 rum
2278 4947 2479 5016 regina
2518 4947 2747 5003 nomine
2779 4948 3154 5019 Clodoveum,
3178 4948 3364 5004 virum
3395 4948 3755 5005 bellicossisi-

365 5033 585 5103 majore
616 5030 843 5097 domus,
877 5033 937 5085 et
969 5044 1097 5099 qua:
1129 5028 1407 5099 deinceps
1448 5044 1516 5086 eo
1574 5045 1725 5087 anno
1785 5035 2006 5102 agenda
2119 5051 2270 5091 mum
2303 5042 2361 5090 et
2391 5035 2879 5105 potentissimum,
2916 5036 2970 5091 in
3004 5037 3207 5107 primis
3247 5034 3528 5107 g'entilem
3559 5040 3748 5107 postea

364 5124 529 5176 erant
565 5117 801 5192 populis
824 5117 1233 5187 annunciante,
1259 5117 1308 5173 ci
1340 5118 1427 5174 sic
1455 5132 1593 5189 rege
1644 5119 1876 5178 domum
1919 5140 2007 5180 re-
2118 5124 2521 5181 christianum.
2555 5124 2883 5181 Cbilderico
2907 5140 3046 5195 ergo
3101 5126 3378 5184 defuncto
3448 5125 3754 5181 Clodeveus

1726 5272 1895 5328 VARI
1901 5276 1961 5330 ΔΕ
2001 5274 2402 5333 LECTlONES.

438 5390 507 5424 ²⁰⁸
541 5394 797 5471 Intus—3
851 5392 1182 5471 perierun_t_
1214 5394 1571 5471 tantum."
1603 5392 1672 5425 ²⁰⁰
1724 5396 1825 5471 Hic
1871 5376 1947 5471 -ζ
1994 5403 2098 5454 735
2151 5400 2218 5455 in
2254 5399 2575 5471 φγιαινθηῖιο
2630 5401 2857 5455 Post—
2937 5400 3222 5455 successit
3280 5400 3417 5471 Leo;
3451 5401 3519 5457 in
3575 5412 3748 5471 marg.

367 5462 435 5543 fff
463 5473 706 5543 (castra,
742 5462 809 5542 ira
836 5465 1009 5543 cujus
1028 5463 1217 5543 ﬁnitio
1243 5462 1647 5543 distinguitur
1675 5482 1727 5536 p.
1759 5466 1826 5499 ²³²
1851 5468 1904 5523 d.
1940 5485 1988 5525 a.
2017 5462 2772 5543 superscriptizﬂipostligec
2798 5471 3064 5543 quinque
3076 5472 3219 5543 fere
3246 5469 3543 5543 vocabula,
3571 5462 3747 5528 παεᾶ.

367 5533 435 5567 ’1⁸
468 5533 652 5613 Obiit.
680 5563 750 5572 ——
780 5532 911 5613 ind.
933 5539 981 5589 5.
1014 5535 1078 5613 ἰῇ
1106 5547 1279 5604 marg
1337 5534 1405 5613 ῗίδ
1437 5532 1732 5613 :Defu-ncto
1759 5571 1832 5613 ﬁ
1858 5532 2124 5598 mortuu's
2183 5548 2272 5598 est
2302 5532 2370 5597 in
2398 5532 2588 5613 marg.
2635 5541 2702 5573 ²¹⁶
2740 5532 3003 5599 Priamus
3060 5532 3305 5599 octavus
3373 5557 3403 5598 a
3462 5542 3657 5613 primo
3694 5543 3753 5613 in

364 5604 917 5742 zzogzaaatramento
954 5605 1149 5662 eodem
1174 5619 1290 5678 quo
1323 5607 1540 5665 textus.
1565 5606 1763 5667 Im‘tia
1787 5610 2087 5671 linearum
2118 5615 2210 5685 Pr,
2244 5614 2358 5681 Fri,
2390 5614 2481 5683 Fr,
2506 5604 2637 5683 Tur,
2662 5612 2825 5682 Dein,
2860 5626 2947 5683 us,
2971 5613 3104 5685 duc,
3130 5614 3235 5684 Ma,
3278 5613 3400 5685 Clo,
3435 5604 3538 5685 Me,
3566 5612 3679 5686 Chi,
3698 5611 3750 5668 Cl
