3922 6446
208 411 326 480 109

1462 398 1961 475 CHRONICON.
1997 440 2073 453 --
2104 402 2257 468 LIB.
2304 400 2350 470 Ῑ.

3500 410 3614 477 110

207 550 501 609 successit
557 547 692 619 (42).
756 548 918 603 Anno
949 549 980 601 5
1011 546 1172 617 regni
1204 547 1332 616 ejus
1374 545 1667 619 Syagrius,
1707 543 1853 613 :Egi-
1883 544 1936 604 A
1967 540 2215 598 radaver
2245 539 2505 599 exanime
2538 541 2652 599 ruit
2688 542 2834 599 flens
2858 543 3237 616 amarissime,
3263 546 3395 603 etin
3422 562 3633 605 mona-‘

211 640 292 696 dii
324 640 715 696 Romanorum
747 636 915 693 ducis
948 635 1123 706 filius,
1156 635 1309 707 apud
1340 635 1640 691 civitatem
1689 635 1855 688 Sues-

212 728 496 785 sionicam
557 726 751 782 sedem
813 724 1085 793 habebat,
1122 739 1299 796 super
1331 738 1500 795 quem
1532 722 1859 778 Clodoveus

214 818 408 874 irruit.
446 819 519 871 At
554 814 651 871 ille
683 813 891 869 elisum
926 828 1174 870 cernens
1205 813 1530 869 exercitum
1564 826 1753 881 suum,
1787 810 1858 866 ad

217 906 511 962 Alaricum
544 903 862 959 Gothorum
898 917 1092 972 regem
1151 917 1329 959 cursu
1378 901 1567 958 veloci
1597 899 1861 955 Tolosam

217 993 563 1066 perlabitur.
588 992 785 1063 [GM-:6.
810 992 942 1047 Tur.
972 1007 1023 1057 υ,
1047 991 1160 1062 27.]
1182 989 1290 1047 Sed
1313 989 1581 1046 Alaricus
1603 988 1863 1059 acceptis

219 1081 376 1152 regis
398 1081 627 1138 nunciis
656 1093 788 1136 cum
820 1079 1208 1135 intentatione
1242 1079 1545 1149 minarum,
1569 1083 1633 1134 ut
1657 1077 1867 1133 Gotho-

220 1186 349 1228 rum
374 1184 497 1227 mos
509 1177 596 1226 est
614 1183 847 1241 pavere,
867 1168 1165 1238 Syagrium
1181 1169 1438 1225 vinctum
1454 1166 1665 1236 legatis
1687 1166 1869 1221 tradi-

220 1260 327 1316 dit.
364 1261 544 1326 Quem
578 1257 906 1315 Glodoveus
938 1257 1225 1313 custodiae
1262 1255 1519 1312 mandari
1561 1254 1864 1325 prtecepit,

222 1363 518 1420 regnoque
541 1348 668 1418 ejus
691 1350 934 1417 accepto
952 1360 1082 1402 eum
1103 1345 1249 1402 clam
1274 1344 1468 1415 gladio
1488 1344 1645 1400 feriri
1664 1343 1865 1412 jussit.

224 1439 528 1509 [Hmcuam
575 1437 672 1493 Vit
698 1436 955 1507 Romig.)
1008 1436 1318 1491 Remorum
1367 1438 1509 1490 tunc
1558 1432 1868 1489 ecclesiam

225 1528 435 1584 beatus
466 1525 708 1595 regebat
742 1523 1058 1593 Remigius,
1095 1524 1192 1594 qui
1226 1524 1416 1580 factus
1446 1526 1535 1578 est
1569 1536 1599 1577 a
1632 1522 1870 1577 Domino

226 1615 444 1687 populo
470 1614 586 1684 jam
606 1614 727 1669 fere
751 1611 1065 1685 deSperato
1084 1612 1140 1667 in
1166 1616 1425 1683 tempore
1452 1610 1767 1668 iracundiae
1790 1624 1874 1665 re-

222 1703 560 1760 conciliato.
585 1703 725 1758 Post
754 1702 1072 1758 vindictam
1105 1701 1256 1756 enim
1290 1700 1598 1757 scelerum:
1634 1715 1761 1771 quae
1795 1700 1872 1755 fa-

226 1796 325 1848 cta
356 1794 443 1848 est
476 1805 506 1846 a
532 1792 771 1847 Domino
787 1792 946 1847 caede
969 1789 1303 1859 Galliarum,
1327 1788 1739 1845 Wandalorum
1765 1788 1874 1859 pri-

228 1895 345 1950 mo,
380 1880 591 1936 deinde
624 1881 917 1936 Hunorum
950 1882 1339 1971 persequente
1371 1876 1873 1971 crudelitate,‘mi-
1901 1911 1955 1971 B

229 1968 612 2025 serieordiam
646 1967 773 2025 caeli
806 1966 1190 2037 distillarunt,
1218 1966 1352 2023 dum
1385 1966 1456 2022 ad
1490 1965 1870 2035 mitigandum

226 2058 485 2113 furorem
508 2056 793 2114 Altissimi
815 2056 1136 2126 Remigium
1159 2055 1372 2112 mundo
1396 2054 1728 2126 pontificem
1751 2069 1876 2127 pro-

228 2144 514 2203 tulerunt.

303 2342 596 2414 [Faunae]
632 2341 1064 2398 Gundebaudus
1081 2345 1221 2396 tunc
1244 2341 1524 2410 regnabat
1540 2341 1595 2396 in
1616 2342 1874 2410 Burgun-

228 2429 325 2486 dia
350 2430 673 2487 Gundiochi
698 2429 855 2500 regis
882 2428 1056 2498 filius,
1083 2430 1179 2499 qui
1215 2429 1318 2484 fuit
1353 2430 1423 2484 de
1454 2444 1668 2498 genere
1702 2431 1875 2484 Atha-

229 2519 412 2575 narici
446 2519 910 2590 persequutoris.
949 2519 1159 2574 Habuit
1211 2517 1583 2575 Gundiochus
1625 2523 1683 2573 et
1730 2518 1875 2574 alios

235 2607 411 2678 filios,
465 2607 883 2677 Godegisilum,
920 2606 1308 2678 Chilpericum
1359 2610 1415 2662 et
1466 2607 1870 2664 Godemarum.

230 2697 669 2754 Gundebaudus
699 2696 1087 2768 Chilpericum
1124 2696 1362 2752 fratrem
1394 2711 1560 2752 suum
1582 2696 1877 2752 interfecit

230 2784 453 2857 gladio,
490 2799 733 2841 uxorem
765 2784 891 2855 ejus
921 2784 1102 2854 ligato
1134 2785 1203 2840 ad
1235 2783 1446 2839 collum
1489 2784 1680 2855 lapide
1713 2786 1879 2856 aquis

232 2874 542 2944 immersit,
569 2874 716 2930 duos
746 2887 945 2930 eorum
980 2872 1130 2929 filios
1151 2873 1347 2942 gladio
1370 2874 1706 2944 trucidavit,
1735 2875 1878 2931 duas

230 2962 384 3019 filias
416 2962 594 3018 exilio
626 2962 1054 3018 condemnavit.
1085 2963 1297 3018 Harum
1328 2964 1523 3019 senior
1555 2962 1877 3020 Sedeleuba

231 3066 294 3109 se
326 3051 566 3108 Domino
607 3054 827 3108 mutata
870 3055 1036 3106 veste
1066 3050 1301 3121 dicavit,
1340 3052 1527 3107 minor
1560 3053 1878 3110 Crothildis

232 3142 664 3197 nominabatur.
720 3143 853 3197 Haec
904 3140 1146 3211 qumsita
1197 3144 1285 3195 est
1319 3155 1349 3196 a
1401 3140 1691 3198 Clodoveo
1740 3158 1876 3213 rege

230 3230 604 3301 Francorum,
634 3234 691 3286 ut
726 3230 836 3285 sibi
868 3244 993 3285 eam
1027 3229 1289 3285 traderet
1321 3230 1753 3287 Gundebaudus
1785 3248 1879 3303 pa-

235 3324 406 3375 truus
430 3320 574 3391 ejus.
612 3320 775 3386 Quod
807 3334 934 3375 cum
971 3318 1066 3374 ille
1099 3333 1312 3388 negare
1344 3334 1455 3375 non
1487 3321 1752 3391 auderet,
1786 3337 1880 3378 ve-

233 3407 465 3463 nientes
507 3407 710 3464 Franci
762 3412 1116 3479 acceperunt
1164 3422 1288 3463 eam
1321 3422 1352 3464 a
1384 3409 1773 3466 Gcndebaudo
1821 3415 1877 3467 et

232 3511 365 3554 eum
397 3496 597 3554 multis
628 3497 925 3554 thesauris
957 3496 1028 3552 ad
1054 3496 1403 3554 Clodoveum
1427 3498 1705 3569 dirigunt.
1735 3498 1874 3569 (Fel.

235 3588 351 3655 40.)
386 3586 642 3643 Consilio
674 3591 868 3644 autem
902 3586 1097 3643 Aredii
1131 3586 1222 3643 sui
1255 3587 1633 3645 reminiscens
1658 3589 1882 3646 Gunde-

241 3675 467 3732 baudus
500 3675 633 3733 mali
667 3677 817 3746 quod
855 3676 1092 3746 fecerat,
1130 3676 1260 3746 quia
1314 3676 1587 3733 videlicet
1634 3685 1879 3749 patrem,

239 3767 483 3819 matrem
504 3769 559 3820 et
579 3764 793 3820 fratres
810 3764 1122 3822 Chrotildze
1142 3766 1555 3837 interfecisset,
1574 3772 1632 3822 et
1648 3766 1878 3838 timens,

240 3867 312 3909 ne
345 3853 393 3908 si
428 3853 706 3910 Crotildis
742 3852 1110 3924 praevaleret,
1146 3858 1391 3910 mortem
1426 3860 1730 3927 parentum
1763 3858 1884 3913 vin-

243 3941 487 4013 dicaret,
515 3948 646 4014 post
676 3936 800 3999 eam
823 3943 980 3998 misit
1003 3943 1325 4000 exercitum
1350 3944 1447 4014 qui
1474 3946 1801 4003 hasten-nam
1826 3954 1882 4003 et

238 4030 555 4089 thesauros
578 4035 873 4088 retentant
893 4049 907 4098 ;
926 4030 1116 4102 puella
1138 4030 1327 4088 levata
1348 4032 1404 4087 in
1423 4047 1635 4103 equum
1660 4050 1689 4090 a
1715 4037 1887 4092 Fran-

242 4119 328 4176 cis
359 4119 431 4176 ad
464 4120 815 4176 Clodoveum
848 4119 1142 4189 dirigitur,
1167 4134 1337 4190 quam
1372 4120 1550 4190 regali
1583 4137 1884 4182 assumens

242 4209 465 4265 honore
507 4208 562 4262 in
605 4206 1033 4263 matrimonium
1092 4208 1354 4278 perfecto
1407 4208 1611 4265 dilexit
1669 4226 1880 4269 amore.

245 4295 848 4368 (Hi3t.Franc.epit.)
875 4296 1135 4352 Habebat
1166 4296 1283 4366 jam
1316 4302 1456 4355 tunc
1485 4299 1888 4360 Clodoveusfi-

243 4386 385 4443 lium
401 4385 472 4443 de
486 4386 831 4456 concubina,
850 4386 1079 4442 nomine
1102 4386 1538 4459 Theodericum,
1557 4390 1653 4460 qui
1686 4405 1889 4462 regna-

243 4476 476 4548 vitpost
491 4490 621 4532 eum
638 4476 803 4532 annis
826 4474 1031 4545 viginti
1052 4474 1264 4532 tribus.
1282 4475 1576 4551 [Famae]
1594 4480 1805 4538 Habuit
1828 4487 1885 4539 et

236 4564 528 4622 .aliostres
544 4564 696 4622 ﬁlios
722 4580 791 4621 ex
823 4563 1080 4622 Crotilde
1114 4565 1889 4637 Clodomereni,Childeber-

245 4658 442 4711 tumet
458 4654 797 4726 Clotarium,
815 4654 910 4726 qui
937 4660 1067 4727 post
1089 4671 1219 4713 eum
1254 4631 1665 4725 regnaverunt.
1687 4660 1883 4731 [Gaza
1917 4631 1972 4692 Β

245 4744 702 4817 Tur.]Del‘uncto
724 4748 917 4802 autem
942 4746 1359 4810 Gundebaudo,
1378 4760 1616 4818 regnum
1636 4750 1892 4821 Burgun-

250 4834 360 4892 diae
376 4834 703 4904 Sigismund
715 4850 782 4891 us
798 4834 953 4891 filius
976 4834 1103 4905 ejus
1123 4835 1397 4905 obtinuit,
1416 4836 1736 4910 habuitque
1756 4857 1895 4899 uxo-

251 4938 371 4981 rem
389 4923 565 4980 ﬁliam
578 4924 918 4982 Theoderici
933 4925 1087 4995 regis
1100 4924 1656 5001 Italiae.[Fnensc.]Q
1667 4945 1733 4987 ua
1749 4947 1899 4989 mor-

249 5017 375 5083 tua,
409 5011 579 5070 aliam
613 5011 802 5083 duxit,
836 5018 894 5070 et
927 5014 1142 5085 prioris
1171 5014 1437 5085 conjugis
1486 5015 1665 5074 filium
1699 5035 1902 5076 nover-

254 5117 338 5160 cae
362 5101 592 5160 insidiis
618 5102 796 5173 jussit
831 5102 1111 5163 interfici.
1130 5105 1266 5159 Nam
1290 5104 1543 5175 sepitum
1568 5106 1701 5163 vino
1722 5108 1900 5167 ﬁlium

257 5191 515 5248 dormire
550 5195 682 5264 pest
716 5191 1017 5249 meridiem
1044 5191 1251 5262 jussit;
1283 5194 1375 5249 cui
1410 5194 1723 5252 dormienti
1780 5214 1907 5256 ora-

256 5281 406 5338 rium
422 5282 533 5337 sub
554 5279 706 5337 collo
730 5280 980 5352 positum
995 5284 1106 5353 est,
1126 5284 1186 5337 et
1210 5284 1320 5339 sub
1344 5289 1538 5341 mento
1561 5285 1821 5357 ligatum,
1848 5291 1906 5344 et

258 5370 344 5428 sic
380 5370 751 5427 trahentibus
783 5372 853 5428 ad
887 5385 949 5427 se
983 5371 1230 5428 invicem
1263 5373 1463 5445 pueris
1487 5373 1718 5433 duobus
1738 5374 1910 5446 sugil-

1969 631 2153 687 sterio
2205 636 2543 687 sanctorum
2594 633 3043 701 Agaunensium,
3080 634 3230 704 quod
3282 636 3407 706 ipse
3468 637 3612 693 miro

1968 733 2144 790 opere
2175 734 2205 775 a
2240 720 2631 776 fundamentis
2656 727 3088 789 construxerat,
3117 738 3223 794 per
3248 724 3374 780 dies
3399 726 3616 783 multos

1970 808 2196 863 veniam
2232 813 2458 880 petens,
2491 813 2549 864 et
2585 809 2954 881 psallentium
2988 813 3228 868 chorum
3277 813 3612 885 instituens,

1974 897 2313 965 Lugdunum
2348 897 2540 966 rediit,
2577 897 2799 954 ultione
2842 899 3033 955 divina
3068 915 3099 956 e
3134 901 3384 971 vestigio
3417 905 3620 960 subse-

1976 992 2211 1055 quente.
2249 985 2432 1056 Hujus
2471 985 2645 1042 filiam
2695 988 3088 1045 Theodericus
3137 990 3411 1047 Clodovci
3466 992 3620 1049 filius

1977 1088 2216 1130 uxorem
2248 1074 2492 1145 accepit.

2051 1162 2246 1233 [ϐκεα.
2281 1165 2411 1219 Tur.
2462 1179 2522 1234 ιι,
2575 1169 2663 1236 30,
2717 1165 2828 1237 31.]
2881 1167 3160 1223 Crotildis
3210 1182 3350 1239 ergo
3401 1170 3619 1240 regina,

1979 1267 2106 1307 cum
2139 1254 2295 1307 esset
2328 1252 2832 1324 christianissima,
2866 1258 2926 1310 et
2976 1256 3305 1313 Clodoveus
3359 1258 3625 1315 fanaticis

1982 1342 2249 1396 uteretur
2275 1340 2522 1411 legibus,
2541 1346 2991 1414 monereturque
3017 1344 3424 1415 frequentibus
3457 1348 3528 1402 ab
3560 1363 3623 1403 ea

1984 1434 2045 1485 ut
2069 1428 2221 1485 idola
2246 1444 2389 1486 vana
2406 1430 2749 1500 negligeret,
2766 1437 2824 1486 et
2844 1433 3019 1487 Deum
3038 1449 3237 1491 verum
3253 1442 3621 1507 agnosceret,

1984 1517 2037 1572 in
2069 1518 2239 1588 cujus
2270 1533 2440 1574 manu
2472 1523 2561 1576 est
2597 1535 2699 1576 cor
2729 1537 2930 1591 regum
2962 1525 3020 1577 et
3041 1524 3293 1580 omnium
3317 1524 3628 1595 dispositio

1982 1610 2363 1678 potestatum,
2391 1609 2768 1679 acquiescere
2791 1610 2997 1681 noluit,
3020 1611 3201 1668 donec
3237 1612 3390 1669 bello
3425 1618 3627 1671 contra

1984 1694 2333 1752 Alamannos
2347 1702 2644 1769 suscepto,
2660 1699 3000 1771 compulsus
3025 1701 3289 1757 confiteri
3314 1706 3629 1760 necessita-

1986 1785 2225 1855 te,quod
2242 1785 2404 1856 prius
2419 1792 2726 1855 negaverat
2742 1787 3065 1844 voluntate.
3087 1790 3223 1845 Cum
3239 1792 3390 1848 enim
3407 1799 3631 1853 exerci-

1983 1879 2081 1930 tus
2103 1874 2227 1943 ejus
2251 1874 2320 1930 ad
2342 1875 2797 1931 internecionem
2823 1892 3010 1946 usque
3032 1877 3378 1951 crederetur,
3403 1883 3631 1942 invoca-

1989 1971 2045 2019 to
2068 1964 2295 2018 nomine
2312 1965 2442 2019 Jesu
2472 1962 2597 2018 Filii
2622 1965 2742 2033 Dei,
2759 1980 2928 2035 quem
2946 1966 3301 2037 praedicabat
3328 1972 3629 2046 Crotildis,

1983 2052 2289 2110 victoriam
2339 2052 2611 2109 obtinuit.
2646 2053 2809 2120 Quod
2844 2070 2973 2111 cum
3006 2055 3159 2111 domi
3190 2059 3431 2117 veniens
3464 2066 3630 2121 uxori

1986 2145 2306 2211 narrasset,
2334 2141 2433 2196 illa
2461 2141 2609 2197 clam
2628 2145 2921 2199 accersito
2948 2144 3118 2200 beato
3143 2147 3404 2217 Remigio
3430 2151 3634 2209 Remo-

1987 2246 2112 2287 rum
2141 2230 2587 2301 archiepiscopo
2620 2231 2845 2301 suadet,
2883 2238 2947 2289 ut
2979 2235 3100 2304 regi
3132 2237 3371 2293 verbum
3421 2240 3632 2301 salutis

1987 2320 2263 2375 insinuet.
2301 2318 2465 2385 Quod
2499 2334 2627 2375 cum
2674 2320 3131 2378 faceret—crat
3182 2326 3333 2381 enim
3378 2332 3628 2400 egregiae

1986 2409 2268 2478 scientiaa,
2296 2413 2353 2463 et
2386 2408 2699 2464 rhetoricis
2731 2410 2990 2481 adprime
3022 2412 3282 2470 imbutus
3327 2419 3540 2475 studiis
3561 2453 3629 2461 —

1987 2499 2183 2554 divina
2214 2497 2489 2569 przeduce
2520 2498 2708 2567 gratia
2744 2514 2845 2554 rex
2878 2500 3150 2572 credidit,
3187 2507 3244 2559 et
3293 2521 3420 2561 eum
3469 2522 3634 2565 exer-

1987 2587 2109 2643 citu
2143 2586 2476 2657 baptizatus
2510 2590 2599 2642 est
2628 2590 2692 2640 15
2721 2601 2871 2643 anno
2904 2590 3066 2658 regni
3100 2592 3212 2661 sui,
3241 2592 3449 2651 Albino
3478 2597 3540 2652 V.
3569 2601 3627 2656 C.

1988 2674 2249 2747 consule,
2292 2675 2511 2731 incarn.
2546 2677 2704 2732 Dom.
2744 2693 2792 2733 a.
2830 2682 2950 2734 502.

2062 2782 2257 2854 [ὓπερ.
2291 2782 2421 2839 Tur.
2457 2798 2496 2852 ι,
2521 2785 2632 2855 32.]
2660 2784 3100 2854 Burgundiones
3125 2792 3261 2847 tunc
3286 2793 3632 2851 Arianorum

1991 2878 2206 2929 sectam
2254 2876 2523 2928 tenentes
2570 2872 2913 2930 habitabant
2941 2876 3097 2934 circa
3133 2880 3355 2936 Ararim
3387 2887 3445 2937 et
3476 2884 3631 2940 circa

1989 2962 2349 3031 Rhodanum,
2385 2961 2481 3032 qui
2516 2961 2702 3017 fluunt
2729 2962 2896 3032 juxta
2932 2967 3133 3021 urbem
3168 2968 3631 3045 Lugdunensem,

1991 3050 2205 3121 quibus
2244 3056 2534 3123 praaerant
2569 3051 3001 3115 Gundebaudus
3034 3060 3091 3111 et
3123 3057 3492 3128 Godegisilus
3527 3064 3638 3121 fra-

1992 3145 2129 3196 tres.
2154 3142 2234 3209 (η,
2253 3142 2364 3211 34.)
2383 3140 2779 3208 Godegisilum
2796 3142 3226 3202 Gundebaudus
3244 3148 3557 3221 interfecit,
3577 3162 3633 3211 et

1990 3230 2114 3301 ipse
2128 3244 2257 3284 cum
2274 3234 2611 3285 moneretur
2625 3245 2653 3284 a
2670 3236 2872 3286 saneto
2887 3232 3057 3288 Avito
3077 3235 3383 3293 Viennensi
3419 3243 3639 3298 archie-

1990 3318 2248 3389 piscopo,
2269 3321 2330 3373 ut
2345 3317 2726 3375 confiteretur
2748 3319 3039 3376 Christum
3057 3323 3260 3379 Filium
3278 3327 3373 3381 Dei
3390 3334 3446 3382 et
3463 3330 3639 3402 Sipri-
3666 3314 3669 3315 ν

1992 3409 2112 3462 tum
2130 3410 2395 3462 sanctum
2409 3406 2691 3475 aequalem
2708 3408 2864 3463 Patri
2884 3442 2945 3448 —
2970 3414 3095 3464 erat
3122 3412 3273 3467 enim
3300 3415 3550 3473 Arianus
3571 3451 3639 3460 -—

1992 3493 2140 3549 clam
2159 3499 2218 3550 ut
2235 3495 2658 3551 chrismaretur
2673 3497 3059 3567 expetiit.Sed
3076 3499 3175 3555 illo
3190 3502 3640 3576 adhortante,ne

1994 3583 2334 3639 formidaret
2350 3598 2451 3638 rex
2464 3585 2811 3641 seditionem
2830 3587 3244 3660 populi,neque
3259 3595 3636 3653 erubesceret

1993 3672 2048 3728 in
2069 3671 2283 3729 saecula
2308 3677 2644 3743 regnantem
2670 3674 2724 3729 in
2750 3675 2966 3732 sarculo
2984 3678 3273 3750 confiteri,
3292 3680 3417 3752 ipse
3432 3683 3541 3740 hac
3554 3702 3642 3742 ra—

1993 3763 2152 3818 tione
2184 3763 2460 3819 confusus
2493 3778 2672 3834 usque
2704 3764 2773 3820 ad
2809 3765 2942 3820 vitae
2966 3767 3185 3823 exitum
3211 3768 3265 3824 in
3292 3786 3392 3827 sua
3419 3773 3639 3834 insania

1996 3851 2373 3925 perduravit;
2405 3852 2496 3909 cui
2551 3852 2956 3921 Sigismundus
3002 3859 3307 3914 successit.
3362 3861 3479 3931 (fol.
3537 3867 3642 3939 40⁸)

1998 3941 2322 3998 Clodoveus
2352 3942 2548 4013 itaque
2599 3957 2727 3997 cum
2775 3949 2929 3999 e.-set
2975 3945 3152 4002 armis
3185 3952 3463 4007 strenuus
3495 3959 3553 4009 et
3588 3956 3641 4010 in

1998 4030 2108 4085 fide
2141 4036 2344 4087 saneta
2367 4031 2890 4102 nominatissimus,
2912 4038 2970 4089 et
2992 4034 3217 4091 videret
3241 4038 3480 4111 Gothos,
3508 4058 3644 4113 quo-

1997 4134 2123 4176 rum
2154 4124 2281 4176 erat
2315 4120 2587 4190 princeps
2637 4125 2697 4176 et
2744 4136 2845 4177 rex
2898 4122 3185 4193 Alaricus,
3219 4132 3275 4181 et
3326 4129 3644 4190 dominatio

1997 4223 2196 4264 eorum
2232 4208 2385 4264 ultra
2418 4209 2686 4278 Ligerim,
2714 4211 2956 4266 Arriana
2981 4218 3146 4283 peste
3170 4220 3229 4270 et
3250 4220 3644 4287 perversitate

1998 4299 2333 4369 corruptos,
2368 4297 2661 4366 velletque
2694 4301 2777 4368 ut,
2813 4301 3111 4369 superatis
3153 4302 3240 4359 eis
3282 4320 3411 4362 cum
3447 4308 3642 4367 divino

1998 4387 2237 4457 auxilio,
2273 4392 2430 4442 terra
2465 4386 2832 4455 redigeretur
2872 4387 3079 4444 ditioni
3114 4407 3253 4461 suae,
3288 4403 3643 4456 commotum

1999 4477 2321 4534 exercitum
2351 4476 2628 4545 Pictavis,
2658 4475 2754 4531 ubi
2780 4492 2882 4533 rex
2907 4477 3172 4536 Alaricus
3195 4486 3535 4542 morabatur
3560 4489 3641 4545 di-
3730 4542 3733 4543 ν

2000 4568 2173 4623 rexit.
2203 4566 2283 4637 (η,
2319 4570 2430 4627 37.)
2452 4566 2493 4620 Ε
2515 4565 2812 4621 contrario
2835 4566 3101 4623 Alaricus
3124 4584 3251 4625 cum
3276 4573 3399 4628 suis
3423 4575 3646 4636 decimo

2003 4660 2074 4716 ab
2111 4659 2251 4714 urbe
2282 4654 2554 4711 milliario
2583 4654 2813 4710 obviam
2846 4655 3000 4712 venit
3035 4656 3410 4733 adversariis,
3433 4668 3489 4718 et
3514 4681 3650 4723 con-

2006 4746 2341 4819 ﬂigentibus
2370 4745 2452 4801 eis
2486 4744 2541 4800 in
2576 4744 2882 4815 Campania
2935 4745 3296 4816 Voglanense
3343 4751 3650 4814 victoriam

2008 4837 2335 4895 Clodoveus
2356 4833 2424 4890 de
2450 4833 2715 4891 Arrianis
2731 4833 3005 4891 obtinuit.
3036 4835 3330 4913 [Faunae]
3356 4841 3648 4901 Alaricum

2009 4941 2138 4984 cum
2163 4923 2407 4997 plurima
2434 4922 2750 4980 Gothorum
2776 4938 2943 4981 manu
2963 4924 3653 5003 interfecit,regnuinque

2011 5015 2138 5085 ejus
2169 5013 2373 5071 amari
2425 5014 2721 5084 Tyrrheno
2767 5017 2824 5067 et
2876 5013 3075 5084 Ligere
3126 5016 3300 5073 ﬂllVlO
3348 5034 3533 5090 usque
3583 5023 3656 5077 ad

2016 5109 2244 5160 montes
2274 5105 2582 5174 Pyrenaeos
2602 5106 2663 5158 et
2686 5117 2841 5158 mare
2868 5103 3155 5160 Oceanum
3180 5109 3508 5179 occupavit,
3536 5111 3658 5167 the-

2017 5207 2344 5264 saurosque
2375 5192 2499 5262 ejus
2532 5207 2563 5248 a
2595 5191 2801 5248 Tolosa
2836 5195 3125 5265 auferens,
3160 5210 3352 5253 secum
3399 5200 3657 5258 Parisius

2019 5283 2273 5340 advexit.
2312 5283 2394 5353 (η,
2431 5284 2543 5354 38.)
2593 5283 2701 5336 Per
2744 5282 2895 5338 idem
2948 5288 3177 5355 tempus
3227 5287 3300 5341 ab
3349 5289 3660 5348 Anastasio

2022 5374 2377 5445 imperatore
2396 5370 2703 5428 codicillos
2732 5386 2838 5444 pro
2870 5372 3179 5431 consulatu
3214 5377 3465 5449 accepit,
3484 5382 3541 5433 et
3567 5394 3664 5436 ce-

259 5459 417 5518 latus
448 5462 560 5517 est.
590 5458 786 5531 [ϐιιεο.
814 5459 970 5531 Tur.]
994 5460 1105 5518 Sed
1122 5461 1238 5530 jam
1264 5477 1396 5519 sero
1418 5464 1709 5536 paenitens
1732 5479 1913 5537 super
2021 5478 2223 5521 ronam
2248 5475 2483 5520 auream
2505 5464 2562 5518 et
2589 5460 2842 5519 tunicam
2866 5462 3166 5536 blatteam,
3184 5478 3255 5523 ex
3280 5481 3389 5539 qua
3416 5466 3507 5524 die
3529 5483 3664 5525 con-

1851 5579 2072 5637 NOTAE.

333 5662 721 5737 (42)74Textum
756 5664 1029 5737 foliorum
1063 5671 1122 5722 3t
1158 5698 1227 5707 —
1258 5668 1326 5722 40
1356 5666 1636 5726 debemus
1664 5668 1790 5726 viro
1832 5668 1906 5726 cl.

259 5737 323 5797 D.
358 5735 595 5794 Urlichs
631 5736 951 5810 professori
984 5737 1147 5809 regio
1178 5737 1546 5813 Gryphiensi,
1580 5740 1714 5816 quia
1745 5754 1814 5801 ea
1844 5741 1908 5800 D.

2018 5668 2232 5750 Thema
2283 5667 2571 5800 Phillipgs
2617 5670 2747 5726 Bar.
2780 5668 3216 5749 'benignissime
3274 5670 3501 5752 favente
3554 5670 3663 5729 hoc

2023 5753 2173 5800 anno
2201 5754 2258 5798 m
2292 5739 2502 5799 bibliot
2547 5754 2648 5800 eca
2681 5739 3141 5800 Mediomontana
3182 5743 3517 5800 exscrmmt.

2023 5753 2173 5802 anno
2201 5740 2258 5798 in
2292 5739 2648 5802 bibliotheca
2681 5739 3141 5802 Mediomdntana
3182 5741 3517 5812 exscripsit.
