3922 6416
288 373 396 439 111

1244 366 1610 435 HUGONIS
1655 368 2013 432 ABBA'l‘lS
2061 367 2756 433 FLAVINIACENSIS

3591 354 3729 433 112

286 512 379 568 sul
408 514 764 580 etaugustus
796 514 888 565 cst
920 507 1273 579 appellatus.
1321 507 1518 580 {Cum}.
1540 508 1699 578 Tur,,
1731 522 1789 578 η,
1815 504 1925 576 40.]
1960 509 2012 567 Α
2044 502 2443 576 apostolorum
2480 502 2777 575 principis,
2816 501 2910 559 ubi
2944 518 3046 574 per
3080 503 3260 562 multa
3303 509 3561 577 tempora
3600 506 3720 563 de-

290 601 429 657 Cum
444 613 585 668 ergo
602 601 933 653 moraretur
947 596 1295 665 Parisius,et
1311 595 1931 667 cogitaretadjungere

288 688 498 744 ditioni
532 701 651 744 sua:
688 700 927 755 regnum
958 685 1245 755 Sigebcrti
1282 686 1592 757 propinqui
1622 684 1729 754 sui,
1764 685 1932 753 cujus

287 777 450 847 regni
467 776 640 833 sedes
664 774 900 830 Colonia
920 774 1128 830 civitas
1141 780 1289 843 erat,
1306 788 1474 844 quem
1498 774 1672 829 etiam
1698 773 1753 827 in
1779 771 1931 827 bello

284 871 485 921 contra
518 863 810 919 Alaricum
847 862 1171 932 adjutorem
1223 861 1450 918 fidelem
1495 862 1799 927 habuerat,
1834 860 1933 916 do-

285 953 408 1010 lose
422 952 755 1023 egitmissis
770 951 998 1007 nunciis
1018 951 1087 1007 ad
1109 951 1525 1007 Theodericum
1552 952 1736 1021 ipsius
1752 949 1827 1004 fili
1840 965 1931 1005 um

285 1041 557 1113 Sigiberti
595 1045 679 1112 (ιι,
716 1042 829 1111 37,)
863 1040 959 1110 qui
992 1055 1096 1110 pro
1140 1047 1324 1110 patre,
1362 1040 1492 1109 quia
1528 1045 1694 1110 pater
1726 1043 1928 1094 contra

286 1130 635 1186 Alamannos
656 1143 919 1199 pugnans
939 1143 1260 1199 percussus
1284 1129 1336 1183 in
1356 1128 1625 1197 geniculo
1648 1126 1932 1183 claudica-

284 1220 403 1289 bat,
439 1218 594 1275 bello
637 1218 881 1289 praefato
931 1216 1299 1287 interfuerat,
1336 1222 1397 1273 ut
1432 1217 1587 1273 filius
1618 1222 1837 1287 patrem
1874 1215 1929 1270 in

281 1307 534 1364 tentorio
565 1304 809 1362 meridie
839 1306 1246 1375 dormientem,
1276 1306 1440 1376 quasi
1474 1319 1712 1374 regnum
1745 1304 1928 1375 ipsius

280 1409 685 1465 possessurus,
704 1394 977 1451 immissis
993 1409 1201 1465 perseq
1215 1394 1528 1451 uutoribus
1548 1394 1923 1449 interficeret.

280 1485 364 1553 (η,
391 1484 657 1556 60.)(Ζιιη]
681 1497 820 1553 ergo
845 1485 1010 1554 quasi
1031 1482 1502 1552 gratulabundus
1528 1483 1597 1537 de
1624 1486 1807 1537 morte
1833 1496 1930 1551 pa-

282 1573 389 1627 tris
415 1573 662 1629 nuncios
685 1572 976 1628 Clodoveo
997 1572 1277 1641 mitteret,
1300 1578 1363 1627 ut
1384 1572 1455 1628 ad
1476 1586 1536 1628 sc
1562 1570 1764 1626 ﬁdeles
1788 1584 1927 1626 suos

278 1660 581 1730 dirigeret,
600 1660 696 1730 qui
723 1660 793 1715 de
814 1660 1111 1715 thesauris
1126 1659 1332 1730 patris,
1350 1659 1506 1730 quod
1521 1659 1780 1730 placeret
1794 1673 1928 1714 ocu-

276 1747 348 1803 lis
376 1748 501 1819 ejus
534 1746 801 1817 cﬂ‘erent,
836 1747 1163 1803 Clodoveus
1194 1748 1405 1803 iterum
1455 1747 1658 1803 dolose
1687 1747 1828 1816 egit,
1868 1750 1929 1802 ut

2045 592 2204 649 lituit
2237 593 2556 651 thesaurus
2580 593 2674 649 hic
2698 591 3090 663 delectabilis,
3116 608 3147 650 a
3176 599 3443 665 tempore
3466 593 3719 651 scilicet

2045 682 2320 738 Clodovei
2355 697 2539 753 nsque
2577 682 2648 737 ad
2694 687 2926 753 tempus
2956 681 3202 739 Othonis
3232 682 3435 752 Magni.
3473 683 3715 739 Verum

2044 770 2115 825 ad
2149 785 2269 826 rem
2300 770 2627 827 redeamus.

2115 875 2254 949 (1b.)
2288 876 2524 933 Obsessi
2558 890 2718 945 ergo,
2744 891 2897 945 cum,
2924 883 2985 931 ut
3010 876 3284 947 diximus,
3307 877 3489 933 clausi
3528 882 3633 931 ten
3647 892 3717 932 e-

2055 968 2258 1020 rentur
2286 966 2626 1034 viribusqne
2678 962 3026 1034 difﬁderent,
3061 970 3121 1020 et
3153 969 3384 1021 mortuo
3413 965 3713 1036 episcopo

2058 1052 2257 1108 nullus
2285 1057 2597 1123 putaretur
2628 1056 2803 1123 aptus
2832 1053 3077 1122 reperiri
3132 1054 3229 1122 qui
3266 1067 3468 1124 preces
3500 1049 3712 1125 populi

2043 1142 2462 1197 convenienter
2486 1140 2767 1210 allegaret
2786 1154 2984 1194 coram
3010 1142 3271 1212 principe
3295 1142 3377 1197 ira
3407 1142 3713 1207 fervente,

2044 1243 2246 1285 omnes
2276 1229 2329 1283 in
2364 1243 2534 1285 unam
2564 1229 2759 1284 coiere
2791 1228 3162 1296 sententiam,
3201 1234 3261 1283 ut
3306 1234 3571 1286 sanctum
3622 1228 3716 1283 vi-

2042 1332 2169 1373 rum
2201 1317 2560 1388 Euspicium,
2589 1317 2685 1387 qui
2713 1318 2822 1373 sub
2854 1316 3031 1373 titulo
3055 1318 3499 1387 presbyteratus
3525 1318 3581 1372 in
3608 1330 3717 1372 ea-

2041 1406 2171 1462 dem
2204 1406 2349 1462 urbe
2383 1406 2653 1475 degebal,
2680 1406 2748 1460 ad
2776 1406 3094 1476 principem
3121 1406 3421 1461 mitterent
3446 1406 3706 1461 misero-

2046 1510 2170 1551 rum
2201 1494 2414 1551 civium
2450 1508 2657 1565 preces
2689 1494 3059 1563 allegantem,
3092 1499 3153 1548 et
3180 1494 3307 1563 ejus
3355 1494 3673 1549 misericor

2042 1583 2195 1639 diam
2229 1583 2661 1654 deprecantem.
2689 1583 2741 1638 Is
2763 1589 2955 1637 autem
2988 1583 3228 1637 Domino
3262 1579 3710 1637 misericordia-

2042 1686 2154 1743 que
2176 1670 2383 1743 plenus
2403 1686 2639 1727 suorum
2664 1670 2875 1727 civium
2902 1670 3195 1741 postulata
3222 1684 3332 1724 non
3351 1669 3566 1738 renuit,
3588 1668 3707 1725 sed

2044 1761 2098 1816 in
2130 1775 2200 1816 eo
2228 1759 2547 1829 conlidens,
2575 1760 2672 1829 qui
2706 1760 2855 1814 dixit
2887 1758 3197 1829 discipulis
3216 1758 3379 1813 suis:
3411 1758 3559 1813 Cum
3581 1757 3710 1813 ste-

277 1835 532 1932 (ξξιωξηθ
558 1835 929 1932 κξεηξίῗιὶξίδυε
950 1835 1176 1932 "ﬁngis
1200 1836 1383 1905 Patris
1404 1836 1713 1891 thesauros
1737 1840 1930 1890 οεῑοη·
1957 1872 2012 1932 Β
2043 1849 2241 1906 teritis
2254 1849 2572 1919 antereges
2586 1846 3709 1919 etprasidesmolitecogitarequaliter

278 1923 385 1991 dit,
411 1922 546 1979 dum
578 1921 812 1978 inclinis
846 1922 1144 1979 arcellulze
1179 1937 1427 1991 manum,
1454 1930 1512 1978 et
1533 1929 1743 1979 cuncta
1768 1938 1930 1979 scru-

281 2016 461 2081 tetur,
485 2010 769 2080 immittit,
795 2026 946 2066 unus
972 2012 1281 2081 bipennem
1317 2013 1563 2067 cerebro
1595 2011 1721 2080 ejus
1752 2010 1932 2068 illide-

280 2104 388 2155 ret.
423 2101 493 2155 Et
524 2098 605 2155 sic
635 2113 763 2169 quae
795 2099 847 2153 in
882 2102 1102 2171 patrem
1138 2105 1359 2171 egerat,
1395 2100 1443 2155 is
1486 2100 1726 2171 recepit.
1763 2100 1929 2166 Quod

282 2187 524 2243 audiens
556 2186 881 2243 Clodoveus
901 2188 969 2242 ad
991 2188 1235 2243 eundem
1262 2188 1450 2245 locum
1476 2188 1654 2258 venit,
1678 2195 1736 2242 et
1762 2188 1927 2258 quasi

279 2276 375 2346 qui
406 2283 560 2332 esset
594 2275 863 2331 innoxius
896 2290 925 2330 a
960 2276 1241 2345 sanguine
1300 2281 1603 2347 parentum
1664 2291 1926 2346 suorum,

282 2364 499 2437 populo
524 2364 831 2433 satisfecit,
857 2368 913 2419 et
941 2364 994 2419 in
1021 2380 1213 2434 regem
1236 2365 1601 2421 constitutus
1625 2372 1736 2420 est.
1763 2363 1929 2430 Quod

280 2453 640 2522 quarundam
675 2452 981 2512 civitatum
1009 2452 1373 2508 habitatores
1399 2452 1631 2522 indigne
1653 2453 1925 2521 ferentes,

280 2544 487 2595 contra
510 2555 640 2596 eum
672 2541 719 2596 si
755 2540 957 2597 fuisset
990 2540 1271 2612 possibile
1303 2540 1413 2595 nisi
1448 2545 1581 2595 sunt
1612 2540 1923 2595 rebellare.

277 2629 447 2697 (Vita
467 2628 750 2699 Alexim,
776 2646 829 2701 p.
852 2631 997 2700 582).
1018 2632 1173 2685 Inter
1196 2644 1343 2699 quos
1362 2629 1523 2684 cives
1548 2628 1928 2684 Virdunensis

277 2718 477 2789 oppidi
508 2718 896 2773 defectionem
937 2725 1112 2788 atque
1146 2716 1497 2774 ducllionem
1545 2722 1747 2773 contra
1795 2732 1927 2773 eum

279 2807 555 2862 dicuntur
605 2806 870 2861 meditati
922 2806 1119 2877 (Gneo.
1152 2807 1308 2876 Tur.,
1340 2820 1400 2871 η,
1436 2806 1547 2877 41.]
1602 2805 1927 2861 Clodoveus

278 2899 413 2966 post
444 2895 566 2950 haec
597 2894 970 2950 Chararicum
1003 2908 1196 2963 regem
1226 2900 1284 2949 et
1318 2894 1497 2950 filium
1520 2895 1668 2963 ejus,
1695 2894 1929 2965 propin-

279 2996 579 3054 quossuos
593 2982 745 3038 dolis
758 2984 1194 3039 circumventos
1208 2982 1383 3053 cepit,
1405 2982 1632 3037 vinctos
1648 2983 1923 3051 totondit,

277 3076 335 3127 et
365 3076 591 3143 patrem
625 3070 856 3141 quidem
895 3064 1325 3141 presbyterum,
1360 3070 1539 3125 filium
1570 3086 1706 3126 vero
1736 3069 1928 3127 diaco-

288 3173 417 3215 nem
445 3158 703 3214 ordinari
736 3158 891 3214 fecit.
930 3159 1040 3215 Sed
1085 3166 1345 3215 sentiens
1394 3158 1546 3230 quod
1595 3158 1706 3214 sibi
1751 3172 1928 3214 czcsa-

281 3248 425 3303 riem
464 3247 533 3302 ad
582 3247 965 3304 crescendum
1016 3248 1346 3303 niterentur
1393 3247 1611 3317 laxare,
1647 3253 1927 3318 utrosque

271 3336 447 3405 jussit
476 3336 667 3407 capite
696 3336 898 3407 plecti,
923 3351 1284 3407 regnumque
1312 3351 1514 3393 eorum
1539 3351 1669 3392 cum
1694 3338 1928 3393 thesau-

277 3425 359 3481 ris
388 3431 446 3481 et
476 3424 709 3496 populis
740 3425 1081 3496 adquisivit.

349 3531 520 3599 (Vita
546 3530 827 3601 Mazim.,
856 3548 907 3602 p.
944 3534 1092 3604 582.)
1128 3532 1341 3588 Audita
1375 3536 1567 3589 autem
1599 3531 1926 3588 defectione

282 3618 749 3685 Virdunensium,
784 3623 840 3673 et
871 3623 1035 3674 ratus
1066 3635 1177 3674 non
1211 3634 1342 3675 esse
1375 3619 1926 3691 procrastinandum

279 3707 334 3763 in
372 3706 610 3775 talibus,
637 3705 860 3762 viribus
888 3708 1289 3777 undecumque
1314 3709 1561 3766 coact's.
1588 3723 1714 3764 cum
1736 3706 1928 3763 valida

283 3808 452 3851 manu
486 3794 722 3849 militari
754 3795 823 3849 ad
854 3795 1094 3849 eandem
1123 3796 1323 3850 urbem
1348 3795 1527 3861 venit,
1556 3794 1781 3865 injurias
1802 3810 1930 3867 gra-

283 3883 364 3941 tia
397 3881 771 3939 ulciscendae.
798 3881 973 3952 Cujus
996 3897 1189 3938 muros
1211 3897 1425 3938 corona
1457 3883 1703 3939 militum
1736 3886 1930 3940 obam-

283 3972 389 4042 bit,
425 3984 668 4041 aggeres
707 3970 905 4040 struit,
942 3985 1147 4042 aspera
1195 3971 1545 4043 eomplanat,
1580 3976 1637 4028 et
1685 3988 1928 4043 quaeque

282 4060 411 4115 urbi
444 4059 745 4130 capiendae
781 4060 1083 4115 commoda
1124 4059 1379 4130 orciaat,
1417 4061 1601 4132 portis
1630 4061 1928 4117 custodias

280 4146 572 4217 admovet,
597 4154 652 4203 et
681 4162 750 4203 ne
776 4148 906 4218 quis
940 4154 1063 4203 tutc
1100 4156 1290 4217 exeat,
1315 4164 1521 4218 magno
1545 4150 1928 4221 studiosoque

278 4236 579 4292 conamine
608 4236 896 4308 prohibet.
918 4236 1056 4304 (l’ol.
1078 4237 1329 4308 At.)Quo
1363 4239 1415 4293 in
1456 4244 1714 4309 tempore
1730 4239 1929 4294 Firmi-

279 4339 387 4382 nus
400 4325 711 4397 episc0pus
726 4324 982 4395 ejusdem
1000 4326 1450 4396 civitatis,mirae
1465 4329 1801 4384 sanctitatis
1817 4328 1923 4399 vir,

278 4414 429 4471 diem
456 4413 667 4469 clausit
691 4413 977 4470 ultimum.
1003 4415 1105 4470 Hic
1128 4413 1382 4471 Tullensi
1407 4416 1709 4473 territorio
1734 4422 1923 4487 ortus,

277 4509 337 4559 et
354 4502 576 4559 civitati
602 4502 1052 4560 Virdunensium
1077 4508 1213 4575 post
1235 4508 1498 4560 sanctum
1522 4506 1925 4562 Posscssorem

2040 1938 2153 1994 ant
2168 1937 2321 2008 quid
2343 1935 2973 2007 loquamini;datitur
2992 1934 3322 1991 enimvobis
3339 1934 3532 1990 initia
3544 1934 3707 1991 liora

2039 2026 2193 2097 quid
2206 2026 2657 2098 [conamina-ad
2682 2025 3021 2095 principem,
3041 2030 3103 2080 ut
3122 2024 3453 2094 petebatur,
3475 2022 3560 2078 ire
3585 2022 3703 2077 dis-

2043 2115 2256 2186 posuit.
2276 2117 2532 2185 Cumque
2566 2128 2628 2169 se
2660 2112 2960 2169 humiliter
2980 2127 3173 2168 coram
3201 2127 3337 2179 rege
3365 2115 3538 2167 terra
3563 2125 3704 2182 pro-

2040 2203 2372 2268 stravisset,
2407 2204 2477 2257 ab
2509 2217 2578 2257 eo
2614 2206 2950 2257 reverenter
2987 2204 3315 2269 surgere,et
3341 2213 3566 2255 causam
3598 2198 3701 2253 ad-

2039 2295 2249 2347 ventus
2278 2290 2362 2347 sui
2400 2290 2593 2347 dicere
2624 2296 2713 2345 est
2740 2290 2966 2358 jussus.
3014 2291 3153 2345 Tum
3207 2288 3308 2343 ille
3358 2285 3430 2343 ad
3480 2302 3613 2344 eum
3644 2286 3700 2343 is

2041 2380 2230 2435 fertur
2253 2380 2448 2435 verbis
2475 2393 2615 2435 usus
2644 2398 2655 2431 :
2679 2378 3085 2446 Nobilissim'e,
3114 2377 3324 2447 inquit,
3350 2378 3614 2433 omnium
3636 2376 3701 2431 et

2025 2466 2309 2540 piissime
2326 2482 2555 2539 regum,
2566 2481 2724 2539 pene
2747 2467 3024 2523 universo
3026 2466 3395 2538 pervulgata
3408 2465 3512 2521 tua
3525 2463 3688 2519 boni-

2041 2556 2132 2612 tas
2145 2556 2441 2625 etseecuto,
2447 2570 2560 2626 per
2572 2569 2753 2625 quam
2769 2555 3087 2611 bonitatem
3106 2555 3270 2610 tuam
3284 2554 3336 2609 te
3348 2551 3600 2622 obsecro,
3617 2553 3691 2609 at

2024 2646 2331 2715 patienter
2346 2659 2436 2700 me
2448 2659 2529 2700 an
2543 2646 2669 2701 tias
2681 2658 2839 2699 meor
2848 2658 2943 2699 am
2957 2645 3178 2700 eiciam
3189 2655 3395 2713 preces
3414 2640 3694 2712 allegan-

2039 2735 2151 2789 tem
2175 2735 2233 2790 et
2251 2734 2414 2791 tuam
2434 2732 2917 2791 misericordiam
2958 2732 3391 2803 deprecantem.
3420 2730 3693 2787 Emersit

2037 2822 2277 2894 quidem
2294 2822 2451 2879 inter
2470 2836 2574 2879 nos
2596 2822 2969 2894 quorundam
2984 2819 3337 2891 improbitas
3359 2819 3686 2887 hominum,

2036 2925 2169 2981 qua
2190 2912 2250 2966 et
2264 2912 2587 2967 multorum
2607 2910 2944 2966 maculavit
2958 2909 3329 2979 imperitiam
3341 2908 3688 2977 etjacenum

2035 3000 2937 3071 sustulitstaltamproterziam.
2949 2998 3280 3068 thuidem
3295 2997 3398 3053 tua
3410 2997 3582 3067 digni
3594 3008 3687 3052 sit-

2033 3103 2166 3145 mas
2179 3089 2833 3157 animairersionemec
2847 3088 2909 3145 di
2902 3088 3190 3157 ﬁtemur:
3202 3086 3307 3142 sed
3317 3084 3546 3141 obsecro
3545 3097 3688 3155 pro-

1962 3226 2003 3286 ί,
2033 3178 2165 3248 pter
2182 3177 2519 3241 Dominum,
2548 3178 2789 3232 interim
2808 3175 3251 3233 subtralzantur
3268 3175 3406 3244 culp
3422 3171 3686 3286 isgebit'a

1994 3264 2007 3282 .
2044 3279 2183 3286 --.μ
2373 3265 2570 3286 nunc
2586 3266 2632 3286 μ-
3128 3264 3261 3286 -,,,,-
3277 3263 3430 3286 ,,,ι;-
3526 3274 3625 3286 η..

2035 3265 2778 3336 supplicia,etporrzyatnr
2792 3266 3108 3321 immeritis
3121 3259 3688 3320 clementia.Necab-

2038 3353 2310 3409 horreret
2326 3366 2365 3410 a
2386 3354 2638 3409 rictoria
2664 3355 2766 3409 tua
2789 3353 2996 3410 nostra
3030 3353 3366 3423 persuasio,
3385 3351 3532 3422 quia
3551 3363 3686 3405 cum

2037 3442 2225 3499 tictcr
2248 3443 2330 3498 sis
2362 3441 2685 3511 hominum,
2697 3442 3003 3512 passionis
3032 3454 3264 3512 quoque
3279 3437 3688 3511 propria/or-

2041 3531 2156 3587 tior
2170 3536 2290 3589 (ris
2307 3532 2791 3603 triumphator,si
2802 3530 3091 3587 malueris
3092 3529 3411 3601 patientia
3419 3528 3577 3584 vires
3589 3539 3687 3581 ea:-

2040 3621 2758 3691 ercere,qnamsanyuine
2778 3620 3001 3679 eiciam
3025 3619 3188 3673 tuum
3205 3616 3449 3688 feedare
3479 3614 3687 3671 trirem-

2028 3708 2236 3779 plmm.
2258 3710 2357 3764 His
2373 3723 2474 3763 rex
2491 3708 2795 3773 auditis,et
2820 3707 3170 3763 vidictorum
3186 3705 3589 3776 gravitateque
3606 3702 3685 3759 vi-

2041 3797 2088 3851 ri
2115 3802 2440 3868 perSpecta,
2466 3797 2642 3867 cmpit
2669 3797 2835 3866 vigor
2866 3795 3039 3851 animi
3071 3794 3196 3864 ejus
3230 3791 3592 3849 mansuefieri
3623 3797 3678 3846 et

2041 3886 2368 3941 amaritudo
2386 3886 2537 3942 fellis
2552 3884 2866 3941 dulcorari.
2886 3884 2982 3940 Dei
3001 3885 3202 3954 utique
3223 3888 3363 3939 nutu
3382 3881 3434 3937 id
3450 3885 3676 3949 agente,

2040 3974 2209 4044 cujus
2234 3974 2560 4030 fortitudini
2586 3974 2858 4029 immania
2882 3974 3193 4042 cedunt,et
3219 3972 3362 4028 dura
3385 3970 3674 4026 fatiscunt.

2042 4063 2181 4132 (Fol.
2211 4061 2624 4136 41’).Deniquc
2657 4069 2854 4119 tactus
2884 4062 3081 4120 divino
3112 4066 3257 4117 nutu
3291 4073 3392 4116 rex
3422 4057 3565 4114 adeo
3587 4063 3676 4113 est

2039 4152 2304 4216 aﬂ‘ectus,
2332 4156 2395 4207 ut
2422 4151 2690 4222 petitioni
2715 4166 3017 4208 assensum
3043 4152 3352 4222 praeberet,
3375 4151 3432 4204 et
3455 4145 3677 4203 veniam

2038 4241 2268 4297 civibus
2292 4241 2556 4311 quamvis
2582 4240 2830 4310 ingratis
2856 4241 3165 4308 tribueret,
3182 4237 3598 4308 utiinplerctur
3612 4234 3678 4289 de

2038 4344 2107 4384 eo
2145 4329 2289 4385 illud
2334 4328 2627 4399 Sapientis
2659 4331 2873 4387 :Hane
2912 4341 3165 4401 quoque,
3191 4326 3400 4396 inquit,
3423 4323 3556 4382 vidi
3576 4320 3679 4380 sub

2037 4417 2533 4490 solesapientiam
2547 4417 2856 4489 etprobavi
2867 4418 3220 4473 maximam:
3237 4415 3462 4473 Civitas
3459 4425 3674 4485 parca,

2040 4508 2100 4563 et
2104 4509 2294 4578 pauci
2315 4508 2338 4563 i
2361 4528 2379 4562 ιι
2402 4521 2472 4563 ea
2490 4508 2649 4574 viri;
2660 4508 2825 4563 venit
2835 4507 3043 4563 contra
3059 4519 3189 4562 eam
3206 4518 3320 4561 rea:
3339 4514 3611 4574 magnus,
3626 4501 3680 4556 et

278 4596 483 4664 pastor
505 4591 889 4663 constitutus,
916 4598 1150 4663 quantae
1174 4593 1511 4649 sanctitatis
1535 4594 1727 4663 fuerit,
1755 4609 1924 4665 quam
1954 4587 2010 4648 D
2040 4596 2466 4666 eallaoiteam,
2482 4596 2871 4667 extraxitque
2886 4595 3247 4652 munitiones
3249 4603 3606 4665 pergyrum.
3627 4589 3684 4645 et

276 4680 565 4738 sollicitas
589 4680 868 4737 excubias
886 4696 1064 4753 super
1081 4695 1318 4751 gregem
1338 4681 1449 4736 sibi
1475 4681 1763 4738 creditum
1787 4698 1926 4739 cura

277 4769 542 4841 pervigili
572 4769 926 4839 exercuerit,
963 4784 1133 4839 quam
1175 4772 1308 4841 pius
1341 4770 1395 4823 in
1429 4770 1718 4839 subditos,
1756 4787 1926 4842 quam

275 4858 562 4915 terribilis
592 4872 731 4929 erga
767 4858 1050 4929 reprobos
1083 4858 1278 4929 fuerit,
1304 4862 1602 4915 testantur
1624 4860 1922 4931 miracula,

276 4964 404 5020 quae
419 4949 490 5005 ad
509 4948 845 5019 sepulcrum
872 4947 999 5017 ejus
1025 4946 1424 5017 saepenumero
1450 4948 1685 5005 ﬂebant.
1705 4950 1929 5005 Inveni-

274 5041 374 5093 tur
406 5038 581 5093 etiam
612 5036 900 5107 scriptum
935 5035 989 5089 in
1030 5036 1238 5106 gestis,
1271 5036 1424 5107 quod
1477 5037 1604 5106 ejus
1644 5038 1926 5093 instinctu

278 5126 530 5196 populus
558 5122 944 5181 Virdunensis
963 5123 1301 5179 desciverit.
1332 5124 1489 5180 Obiit
1513 5131 1706 5182 autem
1732 5140 1925 5182 mense

276 5213 638 5282 Decembrio,
670 5212 765 5268 die
816 5212 1096 5283 secundo,
1133 5223 1282 5269 anno
1327 5219 1604 5285 quantum
1646 5213 1925 5283 colligere

276 5314 592 5374 possumus
621 5303 693 5358 ab
744 5301 854 5358 inc.
892 5303 1049 5357 Dom.
1088 5303 1210 5372 504,
1246 5301 1571 5374 imperante
1620 5303 1926 5359 Anastasio

274 5403 425 5446 anno
448 5384 533 5461 1i,
553 5389 731 5447 tertio
756 5390 1158 5447 conversionis
1182 5390 1455 5447 Clodovei
1474 5406 1641 5461 anno,
1660 5391 1845 5448 Athco
1857 5394 1920 5450 V.

274 5479 332 5532 Ω.
367 5477 630 5548 consule,
666 5479 1066 5549 pontificatum
1101 5480 1297 5535 Romae
1332 5484 1542 5549 agente
1572 5481 1743 5535 beato
1777 5495 1923 5554 papa

272 5565 611 5637 Symmacho
626 5584 641 5634 ;
656 5572 714 5623 et
742 5566 933 5623 soluta
953 5567 1262 5624 obsidione
1281 5581 1383 5638 sep
1397 5567 1578 5623 ultum
1594 5572 1682 5625 est
1706 5583 1924 5642 corpus

271 5653 397 5725 ejus
427 5654 888 5713 sacratissimum
917 5654 989 5711 ad
1017 5655 1319 5713 dexteram
1341 5656 1548 5714 altaris
1577 5656 1731 5716 beati
1762 5659 1921 5716 Petri

2027 4684 2303 4757 perfecta
2324 4684 2418 4741 est
2431 4682 2677 4741 obsidio.
2707 4683 3107 4756 Inoentusqne
3126 4682 3299 4740 estin
3319 4694 3391 4738 ea
3418 4679 3676 4750 τετραα-

2026 4786 2141 4845 per
2163 4773 2224 4829 et
2237 4773 2501 4844 sapiens,
2523 4772 2877 4829 etliberacit
2889 4771 3093 4828 urbem
3107 4770 3414 4842 sapientia
3427 4780 3557 4825 sua.
3576 4765 3676 4835 lgi-

2042 4866 2138 4917 tur
2159 4861 2285 4916 viro
2302 4860 2400 4916 Dci
2417 4860 2724 4917 Ordinante
2738 4864 2793 4917 et
2815 4874 3043 4917 manum
3065 4859 3221 4930 regis
3239 4861 3495 4926 tenente,
3521 4868 3673 4925 repa-

2039 4948 2172 5019 gula
2191 4952 2491 5020 portarum
2509 4948 2710 5006 reduci
2726 4948 2845 5006 visa
2869 4953 3005 5006 sunt
3028 4954 3085 5005 et
3110 4952 3296 5019 portae
3316 4943 3550 5018 aperiri.
3567 4940 3672 4998 Sed

2039 5040 2096 5093 et
2112 5036 2308 5093 clerus
2333 5036 2655 5109 procedere
2675 5041 2765 5094 est
2792 5037 3121 5108 ordinatus,
3137 5050 3333 5107 regem
3346 5049 3476 5091 cum
3500 5030 3669 5089 laudi-

2039 5126 2150 5182 bus
2170 5132 2229 5181 et
2246 5127 2361 5181 Deo
2376 5126 2568 5196 dignis
2581 5127 2893 5185 cantilenis
2912 5131 3315 5198 suscepturus,
3334 5138 3438 5195 per
3452 5136 3594 5194 quas
3613 5124 3664 5178 et

2036 5214 2279 5269 Domino
2302 5228 2423 5270 suae
2446 5214 2814 5273 liberationis
2836 5216 3068 5271 offerret
3085 5212 3501 5285 tripudium,ac
3528 5209 3672 5282 prin-

2036 5303 2086 5358 ci
2097 5302 2151 5374 pi
2168 5302 2504 5360 sedulitatis
2518 5322 2535 5357 ς
2549 5320 2637 5362 uae
2653 5306 2925 5362 devotum
2943 5306 3298 5360 monstraret
3311 5298 3666 5371 obsequium.

2035 5390 2159 5446 Rex
2192 5391 2387 5462 itaque
2421 5397 2727 5464 postquam
2761 5393 2841 5449 ira
2872 5393 3221 5462 refrigerata
3254 5404 3358 5463 per
3400 5386 3664 5445 famulum

2034 5478 2161 5548 ejus
2189 5493 2253 5536 se
2282 5481 2461 5537 sensit
2498 5482 2731 5538 immani
2778 5486 3045 5554 ereptum
3080 5477 3331 5552 piaculo,
3365 5476 3587 5548 gratias
3618 5475 3669 5531 in

2034 5567 2281 5626 ecclesia
2302 5571 2420 5626 Deo
2444 5570 2719 5641 reddidit,
2736 5571 3036 5628 etcivibua
3051 5566 3362 5641 principali
3377 5566 3673 5636 indulgen-

2035 5657 2117 5715 tia
2146 5658 2306 5731 data,
2331 5660 2403 5717 ad
2428 5661 2687 5718 curanda
2715 5659 2884 5731 juxta
2913 5672 3133 5717 morem
3164 5655 3356 5732 epulis
3386 5653 3673 5726 regalibus
