3922 6400
237 427 344 489 118

1495 425 1997 493 CHRONIGON.
2029 464 2106 476 —-—
2135 427 2267 490 LIB
2316 431 2383 490 .I.

3534 427 3643 491 114

227 575 474 633 corpora
506 566 959 624 seseconvertit.
997 566 1209 639 quibus
1242 567 1418 625 biduo
1450 566 1783 638 indulgens,
1817 568 1880 622 et
1908 562 1964 624 Α
1990 564 2257 622 Justinus
2289 563 2583 623 Anastasii
2636 579 2949 624 successor
2994 562 3323 637 imperabat
3356 561 3414 621 in
3447 577 3511 621 re
3540 577 3644 637 pu-

228 655 559 709 recreatum
590 654 913 711 exercitum
948 660 1079 727 post
1110 656 1367 715 laborem
1401 657 1625 727 videns,
1662 655 1733 711 ad
1767 654 1875 711 alia

228 740 389 811 paria
415 742 647 811 negotia
663 744 915 800 curanda
945 744 1162 804 dueere
1186 746 1407 813 volens,
1432 746 1618 802 virum
1633 744 1729 801 Dei
1759 758 1885 801 san—

226 834 386 883 ctum
420 830 758 900 Euspieium
793 833 916 889 suis
950 835 1290 905 aspectibus
1313 834 1655 906 prasentari
1682 832 1879 903 jussit,

226 919 292 971 et
323 921 386 973 ut
421 919 576 989 urbi,
611 920 777 989 cujus
807 922 1127 978 subventor
1158 924 1456 992 extiterat,
1493 936 1780 993 quamque
1812 920 1884 977 ab

231 1002 570 1063 imminente
605 1009 869 1079 periculo
917 1011 1238 1082 eripuerat,
1277 1010 1559 1083 pastorali
1601 1008 1884 1066 sollicitu-

227 1092 348 1148 dini
401 1102 684 1166 praesset
731 1098 1033 1155 admonuit
1063 1106 1119 1156 et
1153 1099 1514 1156 admonendo
1543 1097 1767 1169 petivit.
1810 1100 1880 1151 At

227 1181 318 1237 vir
349 1183 444 1239 Dei
482 1198 597 1240 non
650 1185 950 1243 immemor
998 1190 1330 1258 verborum,
1366 1189 1581 1259 quibus
1612 1186 1831 1242 dicitur
1866 1204 1876 1238 :

231 1270 465 1336 Quanto
488 1287 744 1345 magnus
758 1290 837 1346 es,
862 1275 1121 1334 humilia
1144 1277 1273 1333 tein
1294 1276 1583 1343 cornibus,
1603 1277 1660 1331 et
1683 1289 1882 1331 coram

220 1357 476 1415 Domino
511 1363 777 1421 iacentes
824 1365 1115 1435 gratiam,
1164 1366 1421 1422 oblatum
1481 1365 1755 1419 honorem
1788 1361 1878 1417 vel

223 1447 425 1516 potius
455 1463 605 1507 onus
663 1454 975 1509 sacerdotii
1013 1455 1310 1511 humiliter
1352 1452 1662 1521 recusavit,
1706 1451 1877 1505 immo

224 1536 512 1604 prascius
526 1540 835 1597 brevitatis
852 1542 984 1597 vita
1000 1559 1278 1614 sua,qua
1293 1542 1663 1614 postmodum
1692 1538 1880 1595 termi-

225 1624 415 1680 nanda
448 1633 595 1697 erat,
652 1634 714 1685 ut
754 1630 803 1685 ei
839 1630 988 1687 alter
1020 1633 1386 1695 succederet,
1439 1630 1648 1687 cedere
1682 1627 1873 1684 libuit.

224 1710 382 1769 Tunc
414 1729 513 1771 rex
541 1723 781 1774 evocata
817 1721 1083 1790 protin'is
1110 1721 1163 1776 in
1198 1736 1371 1776 unum
1408 1718 1658 1775 ﬁdelium
1687 1714 1878 1772 multi-

224 1799 451 1871 tudine,
487 1810 551 1860 ut
589 1806 660 1863 de
709 1810 1117 1866 constituendo
1157 1815 1387 1882 pastore
1438 1806 1785 1865 sententiam
1820 1805 1872 1859 in

1994 654 2164 711 blica.

2065 740 2169 813 (ιη,
2203 746 2280 816 1.)
2308 745 2570 813 Regnum
2605 743 2785 814 igitur
2816 742 3088 799 Clodovei
3115 744 3367 813 quatuor
3391 739 3517 812 ejus
3542 740 3642 799 filii

1991 845 2154 902 aqua
2186 832 2339 888 inter
2367 847 2430 889 se
2463 832 2628 889 lance
2684 831 2949 888 dividunt
2981 830 3394 900 Theodericus,
3442 830 3647 887 Clodo-

1995 921 2191 990 meris,
2229 919 2641 977 Childebertus
2669 924 2725 977 et
2761 920 3112 977 Clotharius.
3144 917 3437 993 [Faunae]
3463 918 3643 975 Sedes

1995 1009 2153 1078 regni
2185 1009 2521 1065 Theoderici
2547 1010 2738 1066 Mettis
2761 1010 2972 1065 civitas
2997 1009 3122 1071 fuit.
3147 1006 3641 1079 CledomerisAu-

1994 1098 2249 1163 relianis,
2286 1097 2639 1154 Childeberti
2666 1098 2947 1165 Parisius,
2974 1096 3253 1154 Clotharii
3287 1094 3639 1152 Suessienis.

1993 1185 2189 1256 [6000.
2224 1188 2381 1255 Tur.,
2410 1201 2492 1252 Ill,
2529 1188 2598 1259 1].
2639 1187 2899 1242 Habebat
2925 1186 3040 1257 jam
3076 1190 3215 1242 tunc
3247 1182 3643 1241 Theodericus

1993 1274 2191 1344 filium,
2217 1275 2678 1332 Theodebertum
2707 1275 2957 1339 nomine,
2983 1275 3309 1344 elegantem
3333 1276 3391 1330 et
3414 1270 3639 1341 utilem,

1990 1369 2047 1417 et
2084 1362 2278 1433 ﬁl’am,
2335 1378 2502 1434 quam
2542 1363 2789 1434 .accepit
2841 1378 3079 1420 uxorem
3116 1362 3479 1418 Amalaricus
3536 1374 3639 1417 rex

1993 1452 2279 1521 Hispania
2341 1452 2552 1508 Alarici
2616 1452 2790 1517 ﬁlius,
2825 1453 2922 1523 qui
2981 1451 3135 1523 apud
3195 1451 3641 1507 Barciuenama

1990 1540 2226 1595 Francis
2245 1541 2479 1597 occisus
2500 1546 2605 1597 est.
2634 1541 2927 1612 [Fuscum]
2955 1543 3112 1597 Inter
3132 1539 3551 1597 Theodericum
3575 1540 3637 1594 et

1990 1628 2420 1686 Childebertun
2480 1631 2780 1687 contentio
2828 1645 3029 1699 magna
3065 1643 3297 1701 semper
3344 1628 3474 1698 fuit,
3509 1640 3636 1699 qua

1989 1716 2201 1773 multas
2228 1720 2402 1774 nrbes
2427 1718 2647 1775 afﬂixit.
2679 1718 3293 1791 [Gnec.Tur.,m,15].
3324 1716 3452 1791 Fuit
3482 1716 3630 1773 enim

1984 1806 2374 1863 Theodericus
2392 1808 2800 1877 iugcniosuset
2818 1807 3088 1878 callidus,
3105 1806 3477 1879 postmodum
3491 1818 3632 1861 vero

224 1888 475 1978 medium
527 1896 854 1964 proferrent
905 1899 1202 1970 praeepit.
1249 1900 1497 1954 Noverat
1537 1896 1685 1953 enim
1719 1893 1870 1964 quod
1904 1918 1956 1978 Β
1985 1907 2115 1949 cum
2151 1895 2329 1951 fratre
2362 1895 2719 1967 faJusiniit,
2766 1896 2985 1952 etdato
3016 1899 3403 1962 sacramento,
3429 1897 3492 1949 ut
3513 1891 3640 1949 nul-

219 1974 387 2045 juxta
422 1979 721 2040 decretum
757 1986 962 2043 Leonis
986 1987 1165 2057 Magni
1192 2003 1355 2060 papa
1370 1985 1526 2042 nulla
1552 1984 1703 2040 ratio
1727 1983 1875 2040 sine-

226 2064 346 2135 bat,
382 2074 441 2122 ut
469 2068 620 2128 inter
642 2074 952 2145 episcopos
977 2077 1350 2147 haberentur,
1387 2076 1483 2146 qui
1515 2090 1617 2131 nec
1641 2089 1669 2128 a
1704 2072 1874 2132 cleri-

226 2152 312 2210 cis
334 2164 531 2213 essent
555 2160 748 2232 electi,
774 2178 881 2219 nec
904 2180 931 2220 a
959 2164 1229 2235 plebibus
1251 2165 1514 2236 expetiti,
1541 2180 1646 2221 nec
1671 2181 1698 2221 a
1724 2180 1873 2221 com-

222 2245 688 2312 provincialibus
720 2253 1013 2324 episcopis
1042 2268 1170 2310 cum
1198 2254 1871 2325 metropolitanijudicio

218 2338 572 2392 consecrati.
595 2340 846 2396 Noverat
867 2342 1040 2397 etiam
1060 2344 1350 2411 quoniam,
1371 2343 1504 2399 licet
1530 2343 1871 2414 praesideret

221 2422 479 2479 seculari
512 2425 816 2497 dignitate,
850 2445 1038 2485 rerum
1068 2438 1255 2486 tamen
1279 2432 1633 2502 praesulibus
1653 2432 1872 2487 divina-

222 2521 372 2578 rum,
410 2515 469 2566 ut
490 2513 695 2569 scribit
730 2517 1215 2575 beatusCelasius
1239 2534 1401 2590 papa,
1431 2520 1871 2576 devotusdcbc-

221 2603 314 2655 ret
339 2600 487 2656 colla
514 2602 859 2660 submittere
890 2612 1066 2676 atque
1098 2608 1166 2662 ab
1190 2608 1274 2664 eis
1297 2622 1502 2665 causas
1523 2623 1643 2665 sua
1666 2608 1871 2665 salutis

218 2694 503 2758 expetere
528 2689 700 2759 inque
720 2694 1136 2751 submittendis
1151 2695 1470 2752 celestibus
1490 2697 1870 2753 sacramentis

217 2774 427 2847 eisque
461 2782 522 2833 ut
552 2781 828 2850 competit
860 2782 1232 2854 disponendis
1256 2784 1424 2841 subdi
1450 2799 1510 2840 se
1543 2786 1755 2841 debere
1775 2800 1869 2842 00-

214 2866 543 2934 gnoscebat
574 2866 873 2938 religionis
918 2870 1119 2927 ordine
1160 2873 1342 2942 magis
1374 2887 1543 2943 quam
1588 2888 1862 2944 praesse.

214 2951 461 3009 Volebat
496 2969 726 3027 quoque
749 2972 955 3029 parere
987 2959 1224 3017 decreto
1255 2962 1479 3032 prafati
1522 2961 1727 3019 Leonis
1760 2963 1869 3018 Ma-

212 3041 335 3111 gni,
369 3042 425 3097 in
460 3056 572 3113 quo
604 3045 685 3100 ait
717 3047 983 3104 scribens
1016 3049 1257 3105 Rustico
1289 3051 1645 3106 Narbonensi
1680 3052 1864 3107 archi-

211 3128 494 3202 episcopo
510 3136 662 3189 inter
675 3140 903 3190 cetera:
925 3136 1149 3193 C'umde
1167 3138 1384 3196 summi
1406 3140 1735 3196 sacerdotis
1757 3140 1866 3195 ete-

1986 1981 2077 2039 lus
2105 1990 2311 2041 contra
2336 1985 2508 2041 alium
2537 1990 2835 2043 moveretu
2860 2002 2887 2053 ·,
2915 1985 3152 2042 obsides
3175 1984 3244 2040 ad
3272 1983 3517 2039 invicem
3541 1995 3635 2037 ac-

1984 2079 2286 2142 ceperunt.
2339 2073 2449 2129 Sed
2481 2077 2613 2130 orto
2665 2074 2876 2130 iterum
2930 2075 3283 2143 interreges
3334 2068 3629 2139 seandalo,

1982 2160 2218 2217 obsides
2245 2161 2365 2218 dati
2418 2162 2516 2219 filii
2553 2169 2888 2220 senatorum
2940 2163 3183 2219 servitio
3228 2160 3465 2234 publico
3497 2161 3636 2215 sunt

1980 2249 2220 2306 addicti.
2258 2254 2395 2309 Nam
2428 2255 2778 2332 quicumque
2809 2269 2910 2310 eos
2938 2251 3362 2309 custodiendos
3394 2262 3633 2319 accepe-

1982 2344 2139 2408 runt,
2167 2355 2370 2398 servos
2393 2343 2502 2399 sibi
2526 2344 2807 2400 fecerunt.
2833 2343 3006 2412 (Vita
3031 2341 3325 2411 Uarileﬂ).
3351 2340 3631 2409 Tempore

1983 2427 2265 2485 Clotharii
2298 2436 2355 2485 et
2398 2432 2759 2488 Childeberti
2795 2436 3034 2487 sanctus
3069 2430 3275 2485 Avitus
3306 2432 3365 2483 et
3393 2429 3632 2482 sanctus

1982 2515 2107 2571 Cari
2122 2517 2172 2570 le
2184 2518 2327 2586 phus
2351 2521 2421 2574 ab
2440 2521 2716 2576 Arvernis
2738 2520 2808 2575 de
2831 2518 3185 2576 monasterio
3203 2519 3421 2573 Menate
3437 2527 3633 2584 egres-

1980 2604 2408 2668 si,ltliciacense
2440 2608 2786 2677 coenobium,
2820 2609 2970 2678 quod
2998 2612 3236 2664 sanctus
3269 2605 3627 2672 Maximinus,

1982 2691 2164 2749 frater
2196 2696 2381 2750 sancti
2417 2696 2631 2767 Vitoni,
2669 2696 3034 2767 fundaverat,
3065 2695 3463 2767 expetierunt,
3494 2691 3626 2748 etei

1980 2796 2042 2836 se
2079 2784 2488 2839 subdiderunt.

2051 2869 2343 2943 [Fumea]
2378 2872 2657 2929 Crotildis
2686 2887 2825 2929 vero
2856 2874 3055 2943 regina
3082 2876 3212 2945 post
3250 2874 3495 2928 mortem
3517 2868 3627 2925 viri

1977 2960 2065 3015 sui
2100 2961 2367 3016 monebat
2396 2960 2564 3030 111108,
2601 2966 2845 3018 mortem
2883 2962 3068 3033 patris
3098 2966 3157 3017 et
3192 2960 3396 3017 matris
3427 2964 3485 3017 et
3517 2960 3627 3015 fra-

1979 3051 2129 3103 trum
2168 3048 2389 3105 ulcisci.
2437 3050 2615 3116 Quam
2648 3051 2722 3107 ob
2749 3064 2981 3107 causam
3014 3050 3095 3105 illi
3136 3048 3499 3120 Burgundias
3530 3064 3627 3121 ap-

1976 3142 2202 3208 petunt,
2236 3137 2661 3207 Sigismundum
2713 3138 3092 3194 Gundebaudi
3128 3138 3306 3195 filiuni
3339 3142 3398 3194 et
3439 3136 3623 3194 Gede-

211 3217 407 3276 ctione
429 3220 812 3292 tractabitur,
845 3224 949 3281 ille
975 3226 1245 3283 omnibus
1255 3228 1662 3297 praeponatur,
1693 3243 1866 3300 quem
1896 3274 1942 3300 η
1978 3240 2190 3280 marem
2225 3226 2432 3297 proelio
2464 3227 2724 3284 vincunt.
2777 3227 3138 3284 Cledomeris
3168 3225 3619 3297 Sigismundum,

222 3274 227 3275 κ
307 3274 317 3276 -
360 3274 363 3275 ν
434 3274 439 3275 κ
976 3274 1662 3297 -..-.-,--.νι..,.λ.,.-η...,,
1978 3274 2190 3280 ψη---
2226 3274 2429 3297 νην-.-
2477 3274 2724 3284 μανψ--.
2782 3274 3138 3284 νηηη-η..-
3169 3274 3619 3297 -.ο.--.--.--,...,

212 3306 361 3363 σιενί
385 3307 702 3381 plebisque
721 3325 1035 3370 consensus
1057 3316 1425 3372 unanimiter
1447 3274 1859 3386 postula’zerit.
1895 3274 1945 3338 δ
1976 3314 2109 3370 dum
2153 3315 2224 3371 ad
2259 3316 2669 3372 monasterium
2709 3320 3046 3373 sanctorum
3083 3314 3507 3385 Agauncnsium
3540 3314 3622 3371 fu-

211 3394 442 3454 Nullus
454 3398 877 3459 autemineitis
893 3403 1074 3459 etnon
1075 3403 1251 3473 peten
1260 3403 1415 3461 tibus
1429 3404 1620 3475 detur,
1636 3419 1708 3461 ne
1724 3405 1864 3463 eiei-

213 3483 313 3540 tas
335 3486 660 3558 episcopum
680 3503 797 3546 non
816 3491 1080 3561 optatura
1100 3493 1213 3549 aut
1226 3492 1599 3566 conteinpuat
1615 3494 1864 3550 aulas/e-

208 3572 317 3642 rit,
352 3574 414 3629 et
422 3576 765 3645 ﬂatmiuus
782 3580 1074 3650 religiosa
1095 3583 1191 3638 cui
1222 3596 1340 3637 non
1374 3582 1618 3639 licuerit
1648 3581 1865 3639 habere

211 3674 388 3733 quem
415 3664 620 3720 coluit.
673 3666 1000 3725 Celestinus
1027 3684 1259 3741 quoque
1291 3670 1347 3726 in
1398 3671 1653 3727 decretis
1687 3670 1811 3727 suis
1845 3691 1856 3725 :

210 3748 438 3808 Nullus
463 3752 675 3811 inritis
705 3754 877 3811 detur
906 3758 1246 3828 episcopus;
1272 3758 1436 3828 cleri,
1450 3758 1651 3831 plebis
1680 3760 1741 3815 et
1774 3773 1864 3814 or-

214 3836 378 3897 dinis
406 3839 531 3899 desi
542 3843 768 3900 teriam
785 3846 1165 3916 requiratur.

287 3925 427 3995 (Fel.
465 3932 578 4002 42.)
613 3931 938 3990 Clodoveus
970 3934 1167 4006 itaque
1188 3936 1609 3995 Ranacharium
1644 3952 1858 4009 regem,

211 4016 380 4086 cujus
405 4018 563 4088 regni
587 4021 759 4077 sedes
781 4012 908 4077 erat
930 4023 1275 4082 Cameracus
1297 4026 1527 4095 civitas,
1562 4010 1859 4097 parentem

210 4118 379 4162 suum
413 4106 549 4162 dolo
581 4122 749 4164 manu
775 4110 1006 4181 prepria
1042 4111 1357 4181 interfecit,
1383 4119 1442 4169 et
1466 4115 1704 4171 fratrem
1737 4114 1863 4184 ejus

203 4193 575 4250 Racharium.
607 4196 1298 4269 [Fnse.]Dederatautem
1325 4201 1714 4259 traditoribus
1735 4203 1861 4274 ejus

209 4286 550 4339 ornamenta
567 4285 851 4356 quadam,
872 4302 982 4343 non
997 4289 1304 4357 aurea,sed
1321 4304 1468 4347 area
1485 4293 1541 4346 et
1559 4290 1855 4348 deaurata.

209 4368 406 4442 [0080.
442 4372 597 4440 Tur.,
637 4389 693 4443 η,
729 4373 839 4445 42].
876 4376 1015 4431 Post
1065 4382 1309 4434 mortem
1345 4393 1484 4436 vero
1516 4378 1733 4435 domini
1768 4380 1858 4436 sui

207 4466 632 4530 cognoscentes
662 4463 999 4534 proditores
1027 4480 1252 4535 aurum,
1300 4467 1452 4538 quod
1476 4482 1504 4524 a
1529 4482 1666 4537 rege
1701 4483 1858 4526 acce-

205 4551 430 4620 perant,
465 4562 577 4606 non
628 4565 848 4623 verum,
886 4554 986 4610 sed
1041 4554 1457 4627 adulterinum,
1495 4560 1713 4613 etcum
1749 4557 1857 4614 hoc

1971 3409 2409 3476 geretcaptum,
2434 3420 2563 3461 cuzn
2588 3420 2767 3461 uxore
2789 3410 2844 3462 et
2873 3404 3073 3461 liberis
3092 3404 3408 3460 interfecit.
3435 3402 3621 3459 Gede-

1973 3491 2150 3548 maris
2178 3496 2339 3561 terga
2370 3496 2611 3549 vertens
2638 3493 2833 3562 latuit,
2858 3496 2918 3549 et
2942 3493 3260 3564 resumptis
3283 3492 3509 3549 viribus
3534 3504 3621 3548 re-

1970 3594 2145 3649 gnum
2170 3582 2515 3652 Burgundia
2539 3582 2745 3638 tenuit.
2789 3583 2995 3638 Avitus
3012 3596 3152 3639 vero
3187 3582 3369 3638 abbas
3393 3594 3619 3639 monas-

1975 3669 2105 3725 terii
2140 3670 2575 3727 Aurelianensis
2598 3670 2866 3742 pradixit
2900 3668 3244 3740 Clodomeri,
3274 3669 3427 3743 quod
3448 3669 3619 3741 Sigis-

1975 3759 2189 3815 mundo
2240 3759 2484 3827 fccerat,
2531 3759 2846 3817 identidem
2898 3759 3083 3830 ipsum
3112 3774 3243 3816 esse
3286 3772 3614 3830 passurum.

1974 3847 2233 3917 Cumque
2282 3849 2624 3904 Veserontia
2683 3848 2885 3905 Franci
2919 3863 3048 3905 cum
3108 3847 3621 3918 Burgundionibus

1974 3935 2189 3993 bellum
2232 3936 2497 4007 inissent,
2531 3936 2892 3994 Cledomeris
2924 3937 3116 4010 capite
3147 3940 3457 3993 truncatus
3502 3939 3616 4007 est,

1973 4025 2261 4096 deceptus
2289 4027 2361 4081 ab
2389 4024 2627 4081 auxiliis
2654 4026 2995 4083 Theoderici
3029 4026 3181 4097 regis
3214 4025 3413 4094 Italia,
3448 4024 3619 4095 cujus

1973 4113 2147 4169 tiliam
2181 4112 2586 4183 Sigismundus
2617 4128 2855 4170 uxorem
2890 4114 3092 4170 habuit
3125 4133 3137 4168 :
3172 4127 3282 4184 qua
3315 4113 3489 4170 etiam
3523 4113 3619 4170 de-

1973 4201 2188 4267 functa,
2218 4200 2407 4269 aliam,
2437 4207 2494 4255 ut
2520 4202 2988 4273 prataxavimus,
3014 4201 3200 4259 duxit.
3226 4202 3422 4273 [GREG.
3457 4202 3614 4270 Tur.,

1970 4304 2031 4359 ιι,
2065 4291 2171 4363 18].
2209 4290 2466 4359 Cumque
2521 4289 2801 4346 Crotildis
2852 4290 3005 4347 filios
3039 4290 3398 4347 Cledomeris
3442 4290 3612 4347 unico

1970 4377 2181 4435 affectu
2206 4379 2497 4450 diligeret,
2525 4377 2739 4435 invidia
2765 4380 2978 4435 ductus
3000 4377 3408 4435 Childebertus
3432 4378 3615 4434 Clota-

1971 4466 2118 4523 rium
2147 4467 2217 4525 ad
2256 4484 2451 4525 necem
2484 4483 2798 4540 puerorum
2831 4466 3117 4522 incitavit.
3151 4464 3291 4535 (Fel.
3325 4464 3617 4537 62.)[Fne-

1969 4557 2123 4629 uno]
2158 4557 2413 4628 Cumque
2448 4556 2704 4613 Parisius
2757 4553 3168 4612 convenissent
3201 4553 3366 4626 quasi
3398 4567 3615 4626 pueros

205 4638 328 4706 regi
363 4638 673 4710 dixissent,
706 4642 1078 4713 respondisse
1105 4644 1289 4701 fertur
1321 4659 1423 4701 rex
1445 4624 1467 4705 γε
1498 4645 1712 4702 Merito
1737 4647 1858 4704 tale
1884 4624 1942 4689 D
1969 4644 2025 4701 in
2063 4624 2239 4716 regno
2269 4624 2455 4718 patris
2484 4644 2876 4713 sublimaturi,
2902 4624 3237 4701 Clotharius
3264 4624 3464 4698 dolose
3488 4655 3614 4698 sus-

207 4738 425 4783 aurum
444 4729 688 4801 accipit,
720 4732 828 4801 qui
850 4732 1151 4789 dominum
1165 4747 1339 4790 suum
1352 4735 1433 4792 ad
1444 4735 1687 4792 mortem
1721 4751 1855 4808 pre-

193 4815 344 4888 pria
362 4817 664 4875 voluntate
670 4819 967 4890 perducit.
986 4820 1213 4877 Tertius
1238 4822 1415 4892 igitur
1430 4825 1849 4896 fratereorum,

206 4904 566 4977 propinquus
605 4911 663 4964 et
696 4908 821 4979 ipse
846 4909 1141 4979 Clodovei,
1176 4910 1329 4983 apud
1373 4912 1850 4982 Cynomannicam

204 4991 500 5051 civitatem
527 4994 696 5065 jussu
718 4996 904 5069 ipsius
927 4997 1274 5056 interfectus
1305 5005 1416 5056 est.
1450 5000 1672 5067 Quibus
1704 5017 1853 5060 mor-

204 5084 323 5142 tuis
350 5099 518 5143 omne
550 5099 787 5156 regnum
820 5100 1018 5143 eorum
1053 5092 1111 5143 et
1141 5088 1454 5147 thesauros
1483 5091 1732 5162 accepit,
1771 5091 1851 5147 in-

203 5174 586 5246 terfectisque
617 5179 676 5230 et
698 5173 826 5230 aliis
849 5175 1047 5232 multis
1070 5176 1330 5248 regibus,
1368 5183 1427 5234 et
1451 5179 1731 5250 proximis
1756 5195 1851 5252 pa-

203 5263 472 5321 rentibus
503 5263 648 5333 suis,
675 5277 820 5334 quos
853 5270 1159 5336 suspectos
1176 5265 1427 5323 habebat
1450 5273 1508 5323 ut
1534 5267 1585 5325 ei
1608 5283 1849 5339 regnum

205 5352 523 5422 auferrent,
548 5366 788 5424 regnum
811 5367 977 5409 suum
1002 5367 1104 5424 per
1126 5357 1284 5411 totas
1322 5355 1535 5413 Gallias
1557 5357 1844 5414 dilatavit.

206 5441 364 5500 Obiit
396 5441 550 5514 apud
583 5441 937 5499 Parisiorum
970 5443 1173 5499 urbem
1196 5457 1346 5499 anno
1376 5446 1544 5502 Dom.
1583 5446 1694 5503 inc.
1722 5451 1843 5504 518.

204 5530 363 5603 regni
397 5529 486 5586 sui
517 5544 666 5587 anno
696 5533 783 5600 30,
817 5531 1009 5589 atatis
1030 5533 1118 5600 45,
1142 5531 1526 5605 sepultusque
1557 5535 1726 5591 estin
1753 5537 1849 5593 ba-

202 5619 364 5679 silica
398 5622 734 5677 sanctorum
777 5620 1174 5692 apostolorum
1208 5634 1378 5690 quam
1410 5628 1842 5681 construxerat.

206 5707 571 5769 Prasidebat
596 5712 735 5764 tunc
758 5709 1029 5767 Romana
1050 5708 1320 5767 ecclesia
1341 5711 1650 5768 Hormisda
1675 5728 1841 5785 papa,

1966 4735 2158 4805 ceptis
2191 4736 2278 4790 eis
2312 4749 2340 4791 a
2376 4739 2578 4796 matre.
2604 4732 2994 4790 Theodaldum
3022 4736 3082 4787 et
3106 4729 3486 4787 Guntharium
3519 4745 3615 4786 oc-

1963 4823 2125 4893 cidit,
2162 4824 2377 4881 tertius
2409 4822 2765 4880 Clodealdus
2798 4822 2854 4877 in
2882 4820 3162 4877 clericum
3197 4817 3473 4876 tondetur
3498 4836 3511 4872 :
3537 4817 3608 4875 ad

1964 4913 2131 4983 cujus
2143 4912 2473 4985 sepulcrum
2490 4912 2607 4968 virt
2636 4916 2742 4968 tes
2764 4912 2929 4967 fiunt.
2950 4910 3148 4981 [8000.
3164 4910 3319 4977 Tur.,
3338 4909 3604 4977 nr,13;m,

1966 5006 2069 5069 16;
2102 5017 2184 5072 ιιι,
2218 5001 2327 5073 12.]
2357 4999 2752 5057 Theodericus
2781 4997 2853 5055 ad
2882 4998 3269 5071 direptionem
3303 4995 3607 5054 Arvernici

1962 5089 2246 5148 territorii
2282 5088 2584 5160 festinans,
2636 5086 2992 5159 Sigivaldum
3025 5101 3156 5145 cum
3205 5083 3361 5142 omni
3394 5082 3608 5140 familia

1961 5180 2081 5236 illic
2113 5179 2498 5250 commigrare
2530 5177 2828 5250 praecepit,
2865 5175 2963 5248 qui
2988 5174 3149 5249 plura
3176 5173 3324 5230 mala
3358 5170 3606 5246 peregit,

1960 5273 2021 5325 et
2051 5270 2177 5341 ipse
2223 5274 2424 5341 postea
2466 5266 2614 5324 male
2664 5266 2858 5339 periit.
2892 5264 3023 5321 Tale
3053 5267 3248 5321 autem
3306 5261 3602 5319 excidium

1961 5358 2181 5429 regioni
2213 5356 2400 5415 eidem
2434 5370 2534 5412 rex
2559 5356 2839 5429 praefatus
2870 5351 3089 5423 intulit,
3122 5355 3186 5409 ut
3213 5364 3403 5424 neque
3426 5350 3606 5408 mino-

1961 5448 2126 5504 ribus
2155 5450 2296 5504 natu
2325 5458 2513 5517 neque
2545 5443 2862 5516 majoribus
2885 5440 3199 5514 quidquam
3230 5438 3451 5512 proprii
3476 5435 3610 5495 reli-

1957 5540 2114 5592 ctum
2135 5534 2231 5605 sit,
2257 5538 2474 5605 prater
2496 5537 2714 5589 terram
2728 5530 2929 5601 solam,
2952 5544 3121 5601 quam
3147 5526 3382 5586 barbari
3404 5540 3604 5584 secum

1960 5624 2113 5681 ferre
2141 5638 2253 5679 non
2286 5626 2581 5695 poterant.
2614 5622 2831 5679 Eduam
2863 5631 3096 5690 quoque
3124 5615 3382 5686 obsedit,
3403 5619 3465 5672 et
3485 5627 3605 5673 om-

1960 5713 2115 5770 mino
2148 5711 2524 5785 depradatus
2551 5715 2664 5767 est.
