  <div class='ocr_page' id='page_1' title='image "/cluster/home/n/w/nwhite01/storage/ocr_20150623/153-154/uc1.31175019678096/649.png"; bbox 0 0 3922 6428; ppageno 0'>
   <div class='ocr_carea' id='block_1_1' title="bbox 295 393 408 457">
    <p class='ocr_par' dir='ltr' id='par_1_1' title="bbox 295 393 408 457">
     <span class='ocr_line' id='line_1_1' title="bbox 295 393 408 457; baseline 0.009 -2"><span class='ocrx_word' id='word_1_1' title='bbox 295 393 408 457; x_wconf 77' lang='grc'>115</span> 
     </span>
    </p>
   </div>
   <div class='ocr_carea' id='block_1_2' title="bbox 1250 396 2744 471">
    <p class='ocr_par' dir='ltr' id='par_1_2' title="bbox 1250 396 2744 471">
     <span class='ocr_line' id='line_1_2' title="bbox 1250 396 2744 471; baseline 0.006 -10"><span class='ocrx_word' id='word_1_2' title='bbox 1250 398 1620 464; x_wconf 87' lang='lat' dir='ltr'>HUGONIS</span> <span class='ocrx_word' id='word_1_3' title='bbox 1665 396 2016 461; x_wconf 81' lang='lat' dir='ltr'>ABBATIS</span> <span class='ocrx_word' id='word_1_4' title='bbox 2059 399 2744 471; x_wconf 84' lang='lat' dir='ltr'>FLAVINIACENSIS</span> 
     </span>
    </p>
   </div>
   <div class='ocr_carea' id='block_1_3' title="bbox 3585 405 3724 472">
    <p class='ocr_par' dir='ltr' id='par_1_3' title="bbox 3585 405 3724 472">
     <span class='ocr_line' id='line_1_3' title="bbox 3585 405 3724 472; baseline -0.014 0"><span class='ocrx_word' id='word_1_5' title='bbox 3585 405 3724 472; x_wconf 82' lang='grc'>116</span> 
     </span>
    </p>
   </div>
   <div class='ocr_carea' id='block_1_4' title="bbox 363 528 3722 616">
    <p class='ocr_par' dir='ltr' id='par_1_4' title="bbox 363 528 3722 616">
     <span class='ocr_line' id='line_1_4' title="bbox 363 528 3722 616; baseline 0.002 -15"><span class='ocrx_word' id='word_1_6' title='bbox 363 543 731 616; x_wconf 85' lang='lat' dir='ltr'>Beatoigitur</span> <span class='ocrx_word' id='word_1_7' title='bbox 754 541 1032 601; x_wconf 85' lang='lat' dir='ltr'>Vitonoin</span> <span class='ocrx_word' id='word_1_8' title='bbox 1056 539 1505 613; x_wconf 88' lang='lat' dir='ltr'>gaudioDomini</span> <span class='ocrx_word' id='word_1_9' title='bbox 1531 546 1853 613; x_wconf 84' lang='lat' dir='ltr'>assumpto,</span> <span class='ocrx_word' id='word_1_10' title='bbox 1877 544 1935 599; x_wconf 90' lang='lat' dir='ltr'>et</span> <span class='ocrx_word' id='word_1_11' title='bbox 1965 528 2024 594; x_wconf 82' lang='grc' dir='ltr'><strong>Α</strong></span> <span class='ocrx_word' id='word_1_12' title='bbox 2054 535 2208 594; x_wconf 81' lang='lat' dir='ltr'>tione</span> <span class='ocrx_word' id='word_1_13' title='bbox 2234 541 2437 599; x_wconf 84' lang='lat' dir='ltr'>mortis</span> <span class='ocrx_word' id='word_1_14' title='bbox 2467 541 2599 599; x_wconf 63' lang='lat' dir='ltr'>ﬁliai</span> <span class='ocrx_word' id='word_1_15' title='bbox 2629 541 2861 600; x_wconf 87' lang='lat' dir='ltr'>soronis</span> <span class='ocrx_word' id='word_1_16' title='bbox 2890 540 3187 614; x_wconf 88' lang='lat' dir='ltr'>Clodovei,</span> <span class='ocrx_word' id='word_1_17' title='bbox 3222 557 3350 616; x_wconf 70' lang='lat' dir='ltr'>quae</span> <span class='ocrx_word' id='word_1_18' title='bbox 3384 543 3575 605; x_wconf 79' lang='lat' dir='ltr'>fuerat</span> <span class='ocrx_word' id='word_1_19' title='bbox 3601 562 3722 607; x_wconf 87' lang='lat' dir='ltr'>co-</span> 
     </span>
    </p>
   </div>
   <div class='ocr_carea' id='block_1_5' title="bbox 291 632 1940 709">
    <p class='ocr_par' dir='ltr' id='par_1_5' title="bbox 291 632 1940 709">
     <span class='ocr_line' id='line_1_5' title="bbox 291 632 1940 709; baseline -0.005 -15"><span class='ocrx_word' id='word_1_20' title='bbox 291 652 396 709; x_wconf 89' lang='lat' dir='ltr'>pro</span> <span class='ocrx_word' id='word_1_21' title='bbox 422 636 703 691; x_wconf 86' lang='lat' dir='ltr'>ﬁdelitate</span> <span class='ocrx_word' id='word_1_22' title='bbox 718 649 1034 705; x_wconf 87' lang='lat' dir='ltr'>paucorum</span> <span class='ocrx_word' id='word_1_23' title='bbox 1059 639 1113 688; x_wconf 90' lang='lat' dir='ltr'>et</span> <span class='ocrx_word' id='word_1_24' title='bbox 1141 632 1306 689; x_wconf 88' lang='lat' dir='ltr'>lucro</span> <span class='ocrx_word' id='word_1_25' title='bbox 1333 647 1507 704; x_wconf 84' lang='lat' dir='ltr'>supra</span> <span class='ocrx_word' id='word_1_26' title='bbox 1535 632 1713 688; x_wconf 91' lang='lat' dir='ltr'>multa</span> <span class='ocrx_word' id='word_1_27' title='bbox 1738 636 1940 703; x_wconf 88' lang='lat' dir='ltr'>etper-</span> 
     </span>
    </p>
   </div>
   <div class='ocr_carea' id='block_1_6' title="bbox 292 721 1935 798">
    <p class='ocr_par' dir='ltr' id='par_1_6' title="bbox 292 721 1935 798">
     <span class='ocr_line' id='line_1_6' title="bbox 292 721 1935 798; baseline -0.004 -17"><span class='ocrx_word' id='word_1_28' title='bbox 292 732 463 798; x_wconf 87' lang='lat' dir='ltr'>petua</span> <span class='ocrx_word' id='word_1_29' title='bbox 488 727 630 780; x_wconf 90' lang='lat' dir='ltr'>bona</span> <span class='ocrx_word' id='word_1_30' title='bbox 657 724 979 779; x_wconf 89' lang='lat' dir='ltr'>constituto</span> <span class='ocrx_word' id='word_1_31' title='bbox 1000 723 1132 793; x_wconf 77' lang='grc'>(43),</span> <span class='ocrx_word' id='word_1_32' title='bbox 1163 721 1543 778; x_wconf 87' lang='lat' dir='ltr'>Desideratus</span> <span class='ocrx_word' id='word_1_33' title='bbox 1566 721 1856 777; x_wconf 77' lang='lat' dir='ltr'>successit</span> <span class='ocrx_word' id='word_1_34' title='bbox 1880 721 1935 776; x_wconf 91' lang='lat' dir='ltr'>in</span> 
     </span>
    </p>
   </div>
   <div class='ocr_carea' id='block_1_7' title="bbox 287 808 1938 886">
    <p class='ocr_par' dir='ltr' id='par_1_7' title="bbox 287 808 1938 886">
     <span class='ocr_line' id='line_1_7' title="bbox 287 808 1938 886; baseline -0.005 -14"><span class='ocrx_word' id='word_1_35' title='bbox 287 814 677 886; x_wconf 88' lang='lat' dir='ltr'>episcopalem</span> <span class='ocrx_word' id='word_1_36' title='bbox 699 828 895 868; x_wconf 89' lang='lat' dir='ltr'>curam</span> <span class='ocrx_word' id='word_1_37' title='bbox 913 812 1091 867; x_wconf 90' lang='lat' dir='ltr'>multa</span> <span class='ocrx_word' id='word_1_38' title='bbox 1114 811 1411 880; x_wconf 80' lang='lat' dir='ltr'>vigilantia</span> <span class='ocrx_word' id='word_1_39' title='bbox 1430 815 1696 879; x_wconf 78' lang='lat' dir='ltr'>egentem</span> <span class='ocrx_word' id='word_1_40' title='bbox 1721 808 1938 865; x_wconf 89' lang='lat' dir='ltr'>sollici-</span> 
     </span>
    </p>
   </div>
   <div class='ocr_carea' id='block_1_8' title="bbox 290 899 1933 971">
    <p class='ocr_par' dir='ltr' id='par_1_8' title="bbox 290 899 1933 971">
     <span class='ocr_line' id='line_1_8' title="bbox 290 899 1933 971; baseline -0.006 -9"><span class='ocrx_word' id='word_1_41' title='bbox 290 904 551 962; x_wconf 86' lang='lat' dir='ltr'>tudinum</span> <span class='ocrx_word' id='word_1_42' title='bbox 568 899 1761 971; x_wconf 87' lang='lat' dir='ltr'>angoribuscireumseptam.Theodericus</span> <span class='ocrx_word' id='word_1_43' title='bbox 1784 899 1933 953; x_wconf 91' lang='lat' dir='ltr'>enim</span> 
     </span>
    </p>
   </div>
   <div class='ocr_carea' id='block_1_9' title="bbox 287 988 1934 1061">
    <p class='ocr_par' dir='ltr' id='par_1_9' title="bbox 287 988 1934 1061">
     <span class='ocr_line' id='line_1_9' title="bbox 287 988 1934 1061; baseline -0.005 -11"><span class='ocrx_word' id='word_1_44' title='bbox 287 1008 413 1050; x_wconf 91' lang='lat' dir='ltr'>cum</span> <span class='ocrx_word' id='word_1_45' title='bbox 429 996 582 1048; x_wconf 80' lang='lat' dir='ltr'>esset</span> <span class='ocrx_word' id='word_1_46' title='bbox 607 990 922 1061; x_wconf 89' lang='lat' dir='ltr'>pertinacis</span> <span class='ocrx_word' id='word_1_47' title='bbox 936 994 990 1044; x_wconf 88' lang='lat' dir='ltr'>et</span> <span class='ocrx_word' id='word_1_48' title='bbox 1020 989 1149 1045; x_wconf 89' lang='lat' dir='ltr'>mali</span> <span class='ocrx_word' id='word_1_49' title='bbox 1170 989 1340 1043; x_wconf 90' lang='lat' dir='ltr'>animi</span> <span class='ocrx_word' id='word_1_50' title='bbox 1366 992 1425 1044; x_wconf 86' lang='lat' dir='ltr'>et</span> <span class='ocrx_word' id='word_1_51' title='bbox 1448 1004 1552 1060; x_wconf 93' lang='lat' dir='ltr'>pro</span> <span class='ocrx_word' id='word_1_52' title='bbox 1572 988 1934 1044; x_wconf 84' lang='lat' dir='ltr'>dissensione</span> 
     </span>
    </p>
   </div>
   <div class='ocr_carea' id='block_1_10' title="bbox 289 1072 1931 1151">
    <p class='ocr_par' dir='ltr' id='par_1_10' title="bbox 289 1072 1931 1151">
     <span class='ocr_line' id='line_1_10' title="bbox 289 1072 1931 1151; baseline -0.002 -15"><span class='ocrx_word' id='word_1_53' title='bbox 289 1083 439 1138; x_wconf 90' lang='lat' dir='ltr'>inter</span> <span class='ocrx_word' id='word_1_54' title='bbox 472 1098 533 1137; x_wconf 90' lang='lat' dir='ltr'>se</span> <span class='ocrx_word' id='word_1_55' title='bbox 575 1086 633 1136; x_wconf 91' lang='lat' dir='ltr'>et</span> <span class='ocrx_word' id='word_1_56' title='bbox 677 1072 926 1136; x_wconf 88' lang='lat' dir='ltr'>fratrem</span> <span class='ocrx_word' id='word_1_57' title='bbox 950 1096 1114 1137; x_wconf 89' lang='lat' dir='ltr'>suum</span> <span class='ocrx_word' id='word_1_58' title='bbox 1150 1081 1384 1149; x_wconf 87' lang='lat' dir='ltr'>multas,</span> <span class='ocrx_word' id='word_1_59' title='bbox 1440 1086 1501 1136; x_wconf 90' lang='lat' dir='ltr'>ut</span> <span class='ocrx_word' id='word_1_60' title='bbox 1536 1079 1931 1151; x_wconf 63' lang='lat' dir='ltr'>praediximus,</span> 
     </span>
    </p>
   </div>
   <div class='ocr_carea' id='block_1_11' title="bbox 288 1168 1937 1241">
    <p class='ocr_par' dir='ltr' id='par_1_11' title="bbox 288 1168 1937 1241">
     <span class='ocr_line' id='line_1_11' title="bbox 288 1168 1937 1241; baseline -0.002 -12"><span class='ocrx_word' id='word_1_61' title='bbox 288 1174 464 1230; x_wconf 92' lang='lat' dir='ltr'>urbes</span> <span class='ocrx_word' id='word_1_62' title='bbox 488 1172 808 1239; x_wconf 86' lang='lat' dir='ltr'>amixisset,</span> <span class='ocrx_word' id='word_1_63' title='bbox 836 1175 894 1226; x_wconf 92' lang='lat' dir='ltr'>ct</span> <span class='ocrx_word' id='word_1_64' title='bbox 926 1170 1125 1240; x_wconf 75' lang='lat' dir='ltr'>[Gnsc.</span> <span class='ocrx_word' id='word_1_65' title='bbox 1151 1172 1305 1239; x_wconf 90' lang='lat' dir='ltr'>Tur.,</span> <span class='ocrx_word' id='word_1_66' title='bbox 1335 1184 1416 1240; x_wconf 81' lang='lat' dir='ltr'>in,</span> <span class='ocrx_word' id='word_1_67' title='bbox 1444 1168 1530 1241; x_wconf 79' lang='grc'>34]</span> <span class='ocrx_word' id='word_1_68' title='bbox 1558 1169 1937 1225; x_wconf 64' lang='lat' dir='ltr'>Desideratus</span> 
     </span>
    </p>
   </div>
   <div class='ocr_carea' id='block_1_12' title="bbox 287 1259 1933 1333">
    <p class='ocr_par' dir='ltr' id='par_1_12' title="bbox 287 1259 1933 1333">
     <span class='ocr_line' id='line_1_12' title="bbox 287 1259 1933 1333; baseline -0.001 -17"><span class='ocrx_word' id='word_1_69' title='bbox 287 1263 409 1333; x_wconf 89' lang='lat' dir='ltr'>ipse</span> <span class='ocrx_word' id='word_1_70' title='bbox 447 1266 577 1333; x_wconf 83' lang='lat' dir='ltr'>post</span> <span class='ocrx_word' id='word_1_71' title='bbox 604 1260 782 1318; x_wconf 89' lang='lat' dir='ltr'>multa</span> <span class='ocrx_word' id='word_1_72' title='bbox 810 1260 919 1315; x_wconf 85' lang='lat' dir='ltr'><strong>sibi</strong></span> <span class='ocrx_word' id='word_1_73' title='bbox 956 1259 1112 1314; x_wconf 86' lang='lat' dir='ltr'>illata</span> <span class='ocrx_word' id='word_1_74' title='bbox 1142 1260 1368 1328; x_wconf 89' lang='lat' dir='ltr'>damna,</span> <span class='ocrx_word' id='word_1_75' title='bbox 1397 1260 1589 1329; x_wconf 89' lang='lat' dir='ltr'>exilia,</span> <span class='ocrx_word' id='word_1_76' title='bbox 1623 1274 1933 1330; x_wconf 72' lang='lat' dir='ltr'>mrumnas,</span> 
     </span>
    </p>
   </div>
   <div class='ocr_carea' id='block_1_13' title="bbox 289 1348 1930 1419">
    <p class='ocr_par' dir='ltr' id='par_1_13' title="bbox 289 1348 1930 1419">
     <span class='ocr_line' id='line_1_13' title="bbox 289 1348 1930 1419; baseline -0.002 -15"><span class='ocrx_word' id='word_1_77' title='bbox 289 1352 548 1419; x_wconf 82' lang='lat' dir='ltr'>injurias.</span> <span class='ocrx_word' id='word_1_78' title='bbox 572 1350 685 1417; x_wconf 92' lang='lat' dir='ltr'>jam</span> <span class='ocrx_word' id='word_1_79' title='bbox 707 1349 775 1404; x_wconf 93' lang='lat' dir='ltr'>ad</span> <span class='ocrx_word' id='word_1_80' title='bbox 793 1349 1122 1404; x_wconf 87' lang='lat' dir='ltr'>libertatem</span> <span class='ocrx_word' id='word_1_81' title='bbox 1143 1350 1385 1404; x_wconf 84' lang='lat' dir='ltr'>Domino</span> <span class='ocrx_word' id='word_1_82' title='bbox 1402 1349 1642 1417; x_wconf 91' lang='lat' dir='ltr'>jubente</span> <span class='ocrx_word' id='word_1_83' title='bbox 1659 1348 1930 1415; x_wconf 81' lang='lat' dir='ltr'>redisset,</span> 
     </span>
    </p>
   </div>
   <div class='ocr_carea' id='block_1_14' title="bbox 285 1437 1937 1510">
    <p class='ocr_par' dir='ltr' id='par_1_14' title="bbox 285 1437 1937 1510">
     <span class='ocr_line' id='line_1_14' title="bbox 285 1437 1937 1510; baseline -0.003 -15"><span class='ocrx_word' id='word_1_84' title='bbox 285 1445 343 1495; x_wconf 91' lang='lat' dir='ltr'>et</span> <span class='ocrx_word' id='word_1_85' title='bbox 378 1440 529 1510; x_wconf 86' lang='lat' dir='ltr'>apud</span> <span class='ocrx_word' id='word_1_86' title='bbox 563 1439 901 1495; x_wconf 86' lang='lat' dir='ltr'>Virdunum.</span> <span class='ocrx_word' id='word_1_87' title='bbox 942 1442 1001 1493; x_wconf 91' lang='lat' dir='ltr'>ut</span> <span class='ocrx_word' id='word_1_88' title='bbox 1037 1438 1309 1501; x_wconf 88' lang='lat' dir='ltr'>diximus,</span> <span class='ocrx_word' id='word_1_89' title='bbox 1336 1438 1714 1507; x_wconf 89' lang='lat' dir='ltr'>episcopatus</span> <span class='ocrx_word' id='word_1_90' title='bbox 1745 1437 1937 1505; x_wconf 89' lang='lat' dir='ltr'>funge-</span> 
     </span>
    </p>
   </div>
   <div class='ocr_carea' id='block_1_15' title="bbox 286 1525 1931 1597">
    <p class='ocr_par' dir='ltr' id='par_1_15' title="bbox 286 1525 1931 1597">
     <span class='ocr_line' id='line_1_15' title="bbox 286 1525 1931 1597; baseline -0.002 -14"><span class='ocrx_word' id='word_1_91' title='bbox 286 1535 451 1585; x_wconf 81' lang='lat' dir='ltr'>retur</span> <span class='ocrx_word' id='word_1_92' title='bbox 479 1528 684 1597; x_wconf 81' lang='lat' dir='ltr'>oﬁicio,</span> <span class='ocrx_word' id='word_1_93' title='bbox 749 1528 935 1583; x_wconf 82' lang='lat' dir='ltr'>fuerat</span> <span class='ocrx_word' id='word_1_94' title='bbox 969 1527 1119 1583; x_wconf 91' lang='lat' dir='ltr'>enim</span> <span class='ocrx_word' id='word_1_95' title='bbox 1156 1528 1207 1580; x_wconf 94' lang='lat' dir='ltr'>in</span> <span class='ocrx_word' id='word_1_96' title='bbox 1242 1527 1459 1582; x_wconf 73' lang='lat' dir='ltr'>smculo</span> <span class='ocrx_word' id='word_1_97' title='bbox 1508 1525 1931 1589; x_wconf 84' lang='lat' dir='ltr'>nobilissimus,</span> 
     </span>
    </p>
   </div>
   <div class='ocr_carea' id='block_1_16' title="bbox 283 1614 1934 1683">
    <p class='ocr_par' dir='ltr' id='par_1_16' title="bbox 283 1614 1934 1683">
     <span class='ocr_line' id='line_1_16' title="bbox 283 1614 1934 1683; baseline -0.003 -10"><span class='ocrx_word' id='word_1_98' title='bbox 283 1619 504 1674; x_wconf 87' lang='lat' dir='ltr'>habens</span> <span class='ocrx_word' id='word_1_99' title='bbox 535 1632 770 1673; x_wconf 88' lang='lat' dir='ltr'>uxorem</span> <span class='ocrx_word' id='word_1_100' title='bbox 797 1622 851 1672; x_wconf 90' lang='lat' dir='ltr'>et</span> <span class='ocrx_word' id='word_1_101' title='bbox 878 1615 1077 1683; x_wconf 93' lang='lat' dir='ltr'>ﬁlium,</span> <span class='ocrx_word' id='word_1_102' title='bbox 1106 1615 1332 1669; x_wconf 88' lang='lat' dir='ltr'>nomine</span> <span class='ocrx_word' id='word_1_103' title='bbox 1357 1615 1678 1683; x_wconf 69' lang='lat' dir='ltr'>Syagrium.</span> <span class='ocrx_word' id='word_1_104' title='bbox 1699 1614 1934 1683; x_wconf 75' lang='lat'>(&quot;1,35.)</span> 
     </span>
    </p>
   </div>
   <div class='ocr_carea' id='block_1_17' title="bbox 286 1702 1935 1776">
    <p class='ocr_par' dir='ltr' id='par_1_17' title="bbox 286 1702 1935 1776">
     <span class='ocr_line' id='line_1_17' title="bbox 286 1702 1935 1776; baseline -0.002 -15"><span class='ocrx_word' id='word_1_105' title='bbox 286 1706 396 1762; x_wconf 89' lang='lat' dir='ltr'>Sed</span> <span class='ocrx_word' id='word_1_106' title='bbox 420 1722 447 1762; x_wconf 92' lang='lat' dir='ltr'>a</span> <span class='ocrx_word' id='word_1_107' title='bbox 482 1705 781 1776; x_wconf 81' lang='lat' dir='ltr'>Syrivaldo</span> <span class='ocrx_word' id='word_1_108' title='bbox 815 1706 1060 1775; x_wconf 88' lang='lat' dir='ltr'>quodam</span> <span class='ocrx_word' id='word_1_109' title='bbox 1095 1703 1244 1774; x_wconf 89' lang='lat' dir='ltr'>apud</span> <span class='ocrx_word' id='word_1_110' title='bbox 1281 1705 1586 1774; x_wconf 74' lang='lat' dir='ltr'>praefatum</span> <span class='ocrx_word' id='word_1_111' title='bbox 1629 1718 1821 1772; x_wconf 81' lang='lat' dir='ltr'>regem</span> <span class='ocrx_word' id='word_1_112' title='bbox 1856 1702 1935 1757; x_wconf 93' lang='lat' dir='ltr'>in-</span> 
     </span>
    </p>
   </div>
   <div class='ocr_carea' id='block_1_18' title="bbox 287 1791 1932 1864">
    <p class='ocr_par' dir='ltr' id='par_1_18' title="bbox 287 1791 1932 1864">
     <span class='ocr_line' id='line_1_18' title="bbox 287 1791 1932 1864; baseline -0.004 -13"><span class='ocrx_word' id='word_1_113' title='bbox 287 1800 547 1864; x_wconf 88' lang='lat' dir='ltr'>cusatus,</span> <span class='ocrx_word' id='word_1_114' title='bbox 598 1809 710 1850; x_wconf 90' lang='lat' dir='ltr'>non</span> <span class='ocrx_word' id='word_1_115' title='bbox 740 1794 926 1850; x_wconf 91' lang='lat' dir='ltr'>solum</span> <span class='ocrx_word' id='word_1_116' title='bbox 975 1791 1266 1862; x_wconf 91' lang='lat' dir='ltr'>spoliatus</span> <span class='ocrx_word' id='word_1_117' title='bbox 1296 1792 1492 1861; x_wconf 88' lang='lat' dir='ltr'>rebus,</span> <span class='ocrx_word' id='word_1_118' title='bbox 1525 1807 1725 1848; x_wconf 88' lang='lat' dir='ltr'>verum</span> <span class='ocrx_word' id='word_1_119' title='bbox 1758 1793 1932 1848; x_wconf 91' lang='lat' dir='ltr'>etiam</span> 
     </span>
    </p>
   </div>
   <div class='ocr_carea' id='block_1_19' title="bbox 2051 629 3717 702">
    <p class='ocr_par' dir='ltr' id='par_1_19' title="bbox 2051 629 3717 702">
     <span class='ocr_line' id='line_1_19' title="bbox 2051 629 3717 702; baseline 0.008 -20"><span class='ocrx_word' id='word_1_120' title='bbox 2051 629 2248 697; x_wconf 89' lang='lat' dir='ltr'>pulata</span> <span class='ocrx_word' id='word_1_121' title='bbox 2280 635 2521 702; x_wconf 77' lang='lat' dir='ltr'>praefato</span> <span class='ocrx_word' id='word_1_122' title='bbox 2578 633 2930 690; x_wconf 86' lang='lat' dir='ltr'>Theoderico</span> <span class='ocrx_word' id='word_1_123' title='bbox 2962 634 3017 689; x_wconf 91' lang='lat' dir='ltr'>in</span> <span class='ocrx_word' id='word_1_124' title='bbox 3079 634 3507 693; x_wconf 83' lang='lat' dir='ltr'>matrimonium</span> <span class='ocrx_word' id='word_1_125' title='bbox 3535 641 3593 694; x_wconf 91' lang='lat' dir='ltr'>et</span> <span class='ocrx_word' id='word_1_126' title='bbox 3631 652 3717 695; x_wconf 88' lang='lat' dir='ltr'>eo</span> 
     </span>
    </p>
   </div>
   <div class='ocr_carea' id='block_1_20' title="bbox 2050 720 3708 797">
    <p class='ocr_par' dir='ltr' id='par_1_20' title="bbox 2050 720 3708 797">
     <span class='ocr_line' id='line_1_20' title="bbox 2050 720 3708 797; baseline 0.004 -22"><span class='ocrx_word' id='word_1_127' title='bbox 2050 720 2324 778; x_wconf 80' lang='lat' dir='ltr'>defuncto</span> <span class='ocrx_word' id='word_1_128' title='bbox 2351 727 2556 780; x_wconf 88' lang='lat' dir='ltr'>contra</span> <span class='ocrx_word' id='word_1_129' title='bbox 2604 723 2830 780; x_wconf 84' lang='lat' dir='ltr'>natales</span> <span class='ocrx_word' id='word_1_130' title='bbox 2860 739 2998 780; x_wconf 90' lang='lat' dir='ltr'>suos</span> <span class='ocrx_word' id='word_1_131' title='bbox 3030 738 3201 781; x_wconf 88' lang='lat' dir='ltr'>servo</span> <span class='ocrx_word' id='word_1_132' title='bbox 3253 730 3531 797; x_wconf 90' lang='lat' dir='ltr'>nupserat</span> <span class='ocrx_word' id='word_1_133' title='bbox 3566 723 3708 795; x_wconf 90' lang='lat' dir='ltr'>(fol.</span> 
     </span>
    </p>
   </div>
   <div class='ocr_carea' id='block_1_21' title="bbox 2046 810 3714 882">
    <p class='ocr_par' dir='ltr' id='par_1_21' title="bbox 2046 810 3714 882">
     <span class='ocr_line' id='line_1_21' title="bbox 2046 810 3714 882; baseline 0.004 -18"><span class='ocrx_word' id='word_1_134' title='bbox 2046 810 2158 880; x_wconf 80' lang='grc'>43),</span> <span class='ocrx_word' id='word_1_135' title='bbox 2194 816 2253 866; x_wconf 89' lang='lat' dir='ltr'>et</span> <span class='ocrx_word' id='word_1_136' title='bbox 2282 811 2416 881; x_wconf 90' lang='lat' dir='ltr'>quia</span> <span class='ocrx_word' id='word_1_137' title='bbox 2439 818 2625 868; x_wconf 85' lang='lat' dir='ltr'>mater</span> <span class='ocrx_word' id='word_1_138' title='bbox 2644 812 2943 882; x_wconf 89' lang='lat' dir='ltr'>indignata</span> <span class='ocrx_word' id='word_1_139' title='bbox 2972 816 3128 869; x_wconf 89' lang='lat' dir='ltr'>moto</span> <span class='ocrx_word' id='word_1_140' title='bbox 3154 818 3357 869; x_wconf 90' lang='lat' dir='ltr'>contra</span> <span class='ocrx_word' id='word_1_141' title='bbox 3382 830 3504 870; x_wconf 88' lang='lat' dir='ltr'>eam</span> <span class='ocrx_word' id='word_1_142' title='bbox 3530 830 3714 871; x_wconf 86' lang='lat' dir='ltr'>exer-</span> 
     </span>
    </p>
   </div>
   <div class='ocr_carea' id='block_1_22' title="bbox 2047 899 3712 977">
    <p class='ocr_par' dir='ltr' id='par_1_22' title="bbox 2047 899 3712 977">
     <span class='ocr_line' id='line_1_22' title="bbox 2047 899 3712 977; baseline 0.004 -24"><span class='ocrx_word' id='word_1_143' title='bbox 2047 899 2167 953; x_wconf 88' lang='lat' dir='ltr'>citu</span> <span class='ocrx_word' id='word_1_144' title='bbox 2202 915 2433 977; x_wconf 82' lang='lat' dir='ltr'>servum</span> <span class='ocrx_word' id='word_1_145' title='bbox 2466 905 2812 971; x_wconf 88' lang='lat' dir='ltr'>peremerat,</span> <span class='ocrx_word' id='word_1_146' title='bbox 2841 901 3133 972; x_wconf 89' lang='lat' dir='ltr'>ﬁliamque</span> <span class='ocrx_word' id='word_1_147' title='bbox 3159 901 3228 957; x_wconf 90' lang='lat' dir='ltr'>ad</span> <span class='ocrx_word' id='word_1_148' title='bbox 3258 902 3487 959; x_wconf 88' lang='lat' dir='ltr'>domum</span> <span class='ocrx_word' id='word_1_149' title='bbox 3525 905 3627 959; x_wconf 89' lang='lat' dir='ltr'>red</span> <span class='ocrx_word' id='word_1_150' title='bbox 3642 919 3712 960; x_wconf 88' lang='lat' dir='ltr'>u-</span> 
     </span>
    </p>
   </div>
   <div class='ocr_carea' id='block_1_23' title="bbox 2050 990 3713 1061">
    <p class='ocr_par' dir='ltr' id='par_1_23' title="bbox 2050 990 3713 1061">
     <span class='ocr_line' id='line_1_23' title="bbox 2050 990 3713 1061; baseline 0.004 -20"><span class='ocrx_word' id='word_1_151' title='bbox 2050 993 2233 1055; x_wconf 80' lang='lat' dir='ltr'>xerat,</span> <span class='ocrx_word' id='word_1_152' title='bbox 2272 990 2366 1045; x_wconf 89' lang='lat' dir='ltr'>illa</span> <span class='ocrx_word' id='word_1_153' title='bbox 2400 990 2545 1046; x_wconf 87' lang='lat' dir='ltr'>irata</span> <span class='ocrx_word' id='word_1_154' title='bbox 2577 1004 2860 1046; x_wconf 91' lang='lat' dir='ltr'>venenum</span> <span class='ocrx_word' id='word_1_155' title='bbox 2896 991 2949 1044; x_wconf 89' lang='lat' dir='ltr'>in</span> <span class='ocrx_word' id='word_1_156' title='bbox 2974 991 3179 1059; x_wconf 86' lang='lat' dir='ltr'>calice,</span> <span class='ocrx_word' id='word_1_157' title='bbox 3214 1006 3328 1061; x_wconf 91' lang='lat' dir='ltr'>quo</span> <span class='ocrx_word' id='word_1_158' title='bbox 3359 996 3543 1048; x_wconf 87' lang='lat' dir='ltr'>mater</span> <span class='ocrx_word' id='word_1_159' title='bbox 3566 997 3713 1048; x_wconf 87' lang='lat' dir='ltr'>erat</span> 
     </span>
    </p>
   </div>
   <div class='ocr_carea' id='block_1_24' title="bbox 2046 1079 3715 1148">
    <p class='ocr_par' dir='ltr' id='par_1_24' title="bbox 2046 1079 3715 1148">
     <span class='ocr_line' id='line_1_24' title="bbox 2046 1079 3715 1148; baseline 0.004 -17"><span class='ocrx_word' id='word_1_160' title='bbox 2046 1079 2563 1147; x_wconf 89' lang='lat' dir='ltr'>communicatura,</span> <span class='ocrx_word' id='word_1_161' title='bbox 2601 1079 2798 1148; x_wconf 91' lang='lat' dir='ltr'>posuit</span> <span class='ocrx_word' id='word_1_162' title='bbox 2828 1109 2898 1118; x_wconf 91' lang='lat'><strong><em>—</em></strong></span> <span class='ocrx_word' id='word_1_163' title='bbox 2929 1084 3093 1133; x_wconf 90' lang='lat' dir='ltr'>erant</span> <span class='ocrx_word' id='word_1_164' title='bbox 3128 1080 3279 1135; x_wconf 90' lang='lat' dir='ltr'>enim</span> <span class='ocrx_word' id='word_1_165' title='bbox 3332 1080 3570 1136; x_wconf 87' lang='lat' dir='ltr'>Arriana</span> <span class='ocrx_word' id='word_1_166' title='bbox 3601 1082 3715 1137; x_wconf 88' lang='lat' dir='ltr'>de-</span> 
     </span>
    </p>
   </div>
   <div class='ocr_carea' id='block_1_25' title="bbox 2050 1164 3707 1237">
    <p class='ocr_par' dir='ltr' id='par_1_25' title="bbox 2050 1164 3707 1237">
     <span class='ocr_line' id='line_1_25' title="bbox 2050 1164 3707 1237; baseline 0.002 -18"><span class='ocrx_word' id='word_1_167' title='bbox 2050 1166 2190 1220; x_wconf 89' lang='lat' dir='ltr'>tenti</span> <span class='ocrx_word' id='word_1_168' title='bbox 2214 1164 2476 1236; x_wconf 90' lang='lat' dir='ltr'>perﬁdia,</span> <span class='ocrx_word' id='word_1_169' title='bbox 2498 1198 2563 1205; x_wconf 89' lang='lat'><em>—</em></span> <span class='ocrx_word' id='word_1_170' title='bbox 2591 1181 2704 1236; x_wconf 89' lang='lat' dir='ltr'>quo</span> <span class='ocrx_word' id='word_1_171' title='bbox 2730 1167 2938 1223; x_wconf 90' lang='lat' dir='ltr'>hausto</span> <span class='ocrx_word' id='word_1_172' title='bbox 2962 1182 3088 1222; x_wconf 86' lang='lat' dir='ltr'>mox</span> <span class='ocrx_word' id='word_1_173' title='bbox 3110 1172 3295 1224; x_wconf 87' lang='lat' dir='ltr'>mater</span> <span class='ocrx_word' id='word_1_174' title='bbox 3319 1174 3543 1225; x_wconf 90' lang='lat' dir='ltr'>mortua</span> <span class='ocrx_word' id='word_1_175' title='bbox 3579 1175 3707 1237; x_wconf 90' lang='lat' dir='ltr'>est,</span> 
     </span>
    </p>
   </div>
   <div class='ocr_carea' id='block_1_26' title="bbox 2047 1254 3707 1328">
    <p class='ocr_par' dir='ltr' id='par_1_26' title="bbox 2047 1254 3707 1328">
     <span class='ocr_line' id='line_1_26' title="bbox 2047 1254 3707 1328; baseline 0.004 -21"><span class='ocrx_word' id='word_1_176' title='bbox 2047 1257 2104 1307; x_wconf 87' lang='lat' dir='ltr'>et</span> <span class='ocrx_word' id='word_1_177' title='bbox 2136 1255 2209 1308; x_wconf 86' lang='lat' dir='ltr'>ob</span> <span class='ocrx_word' id='word_1_178' title='bbox 2258 1254 2367 1309; x_wconf 90' lang='lat' dir='ltr'>hoc</span> <span class='ocrx_word' id='word_1_179' title='bbox 2400 1254 2683 1323; x_wconf 81' lang='lat' dir='ltr'>indignati</span> <span class='ocrx_word' id='word_1_180' title='bbox 2737 1254 2886 1323; x_wconf 91' lang='lat' dir='ltr'>Itali,</span> <span class='ocrx_word' id='word_1_181' title='bbox 2948 1269 3014 1310; x_wconf 90' lang='lat' dir='ltr'>ea</span> <span class='ocrx_word' id='word_1_182' title='bbox 3049 1256 3297 1326; x_wconf 90' lang='lat' dir='ltr'>abjecta,</span> <span class='ocrx_word' id='word_1_183' title='bbox 3350 1255 3707 1328; x_wconf 68' lang='lat' dir='ltr'>praedictum</span> 
     </span>
    </p>
   </div>
   <div class='ocr_carea' id='block_1_27' title="bbox 2046 1341 3709 1415">
    <p class='ocr_par' dir='ltr' id='par_1_27' title="bbox 2046 1341 3709 1415">
     <span class='ocr_line' id='line_1_27' title="bbox 2046 1341 3709 1415; baseline 0.004 -20"><span class='ocrx_word' id='word_1_184' title='bbox 2046 1341 2411 1396; x_wconf 82' lang='lat' dir='ltr'>Tlieodadum</span> <span class='ocrx_word' id='word_1_185' title='bbox 2443 1356 2637 1411; x_wconf 85' lang='lat' dir='ltr'>regem</span> <span class='ocrx_word' id='word_1_186' title='bbox 2669 1344 3126 1411; x_wconf 90' lang='lat' dir='ltr'>constituerunt,</span> <span class='ocrx_word' id='word_1_187' title='bbox 3180 1359 3210 1398; x_wconf 92' lang='lat' dir='ltr'>a</span> <span class='ocrx_word' id='word_1_188' title='bbox 3244 1359 3358 1415; x_wconf 90' lang='lat' dir='ltr'>quo</span> <span class='ocrx_word' id='word_1_189' title='bbox 3412 1360 3709 1402; x_wconf 89' lang='lat' dir='ltr'>succenso</span> 
     </span>
    </p>
   </div>
   <div class='ocr_carea' id='block_1_28' title="bbox 2049 1430 3713 1505">
    <p class='ocr_par' dir='ltr' id='par_1_28' title="bbox 2049 1430 3713 1505">
     <span class='ocr_line' id='line_1_28' title="bbox 2049 1430 3713 1505; baseline 0.004 -20"><span class='ocrx_word' id='word_1_190' title='bbox 2049 1430 2420 1486; x_wconf 78' lang='lat' dir='ltr'>vehementer</span> <span class='ocrx_word' id='word_1_191' title='bbox 2443 1430 2649 1487; x_wconf 90' lang='lat' dir='ltr'>balneo</span> <span class='ocrx_word' id='word_1_192' title='bbox 2680 1430 3101 1497; x_wconf 88' lang='lat' dir='ltr'>inclusa,.inter</span> <span class='ocrx_word' id='word_1_193' title='bbox 3130 1430 3289 1488; x_wconf 90' lang='lat' dir='ltr'>diros</span> <span class='ocrx_word' id='word_1_194' title='bbox 3318 1446 3571 1504; x_wconf 88' lang='lat' dir='ltr'>vapores</span> <span class='ocrx_word' id='word_1_195' title='bbox 3606 1449 3713 1505; x_wconf 84' lang='lat' dir='ltr'>pa-</span> 
     </span>
    </p>
   </div>
   <div class='ocr_carea' id='block_1_29' title="bbox 2049 1519 3709 1591">
    <p class='ocr_par' dir='ltr' id='par_1_29' title="bbox 2049 1519 3709 1591">
     <span class='ocr_line' id='line_1_29' title="bbox 2049 1519 3709 1591; baseline 0.003 -18"><span class='ocrx_word' id='word_1_196' title='bbox 2049 1520 2303 1575; x_wconf 87' lang='lat' dir='ltr'>vimento</span> <span class='ocrx_word' id='word_1_197' title='bbox 2326 1533 2629 1589; x_wconf 88' lang='lat' dir='ltr'>corruens,</span> <span class='ocrx_word' id='word_1_198' title='bbox 2658 1523 2887 1575; x_wconf 86' lang='lat' dir='ltr'>mortua</span> <span class='ocrx_word' id='word_1_199' title='bbox 2908 1525 3015 1575; x_wconf 90' lang='lat' dir='ltr'>est.</span> <span class='ocrx_word' id='word_1_200' title='bbox 3042 1519 3147 1589; x_wconf 77' lang='grc' dir='ltr'>(ιη,</span> <span class='ocrx_word' id='word_1_201' title='bbox 3168 1522 3278 1591; x_wconf 76' lang='grc'>32).</span> <span class='ocrx_word' id='word_1_202' title='bbox 3306 1520 3709 1587; x_wconf 86' lang='lat' dir='ltr'>Quamobrem</span> 
     </span>
    </p>
   </div>
   <div class='ocr_carea' id='block_1_30' title="bbox 2047 1607 3708 1680">
    <p class='ocr_par' dir='ltr' id='par_1_30' title="bbox 2047 1607 3708 1680">
     <span class='ocr_line' id='line_1_30' title="bbox 2047 1607 3708 1680; baseline 0.004 -18"><span class='ocrx_word' id='word_1_203' title='bbox 2047 1608 2789 1664; x_wconf 87' lang='lat' dir='ltr'>etTheodebertusltaliam</span> <span class='ocrx_word' id='word_1_204' title='bbox 2816 1609 3095 1680; x_wconf 86' lang='lat' dir='ltr'>pervasit,</span> <span class='ocrx_word' id='word_1_205' title='bbox 3120 1607 3220 1664; x_wconf 91' lang='lat' dir='ltr'>sed</span> <span class='ocrx_word' id='word_1_206' title='bbox 3247 1608 3379 1679; x_wconf 89' lang='lat' dir='ltr'>quia</span> <span class='ocrx_word' id='word_1_207' title='bbox 3394 1612 3708 1668; x_wconf 85' lang='lat' dir='ltr'>exercitus</span> 
     </span>
    </p>
   </div>
   <div class='ocr_carea' id='block_1_31' title="bbox 2048 1696 3708 1770">
    <p class='ocr_par' dir='ltr' id='par_1_31' title="bbox 2048 1696 3708 1770">
     <span class='ocr_line' id='line_1_31' title="bbox 2048 1696 3708 1770; baseline 0.002 -19"><span class='ocrx_word' id='word_1_208' title='bbox 2048 1696 2174 1764; x_wconf 86' lang='lat' dir='ltr'>ejus</span> <span class='ocrx_word' id='word_1_209' title='bbox 2202 1696 2453 1752; x_wconf 87' lang='lat' dir='ltr'>diversis</span> <span class='ocrx_word' id='word_1_210' title='bbox 2480 1697 2738 1753; x_wconf 81' lang='lat' dir='ltr'>febribus</span> <span class='ocrx_word' id='word_1_211' title='bbox 2768 1698 3110 1767; x_wconf 82' lang='lat' dir='ltr'>vexabatur,</span> <span class='ocrx_word' id='word_1_212' title='bbox 3141 1698 3347 1752; x_wconf 88' lang='lat' dir='ltr'>ducem</span> <span class='ocrx_word' id='word_1_213' title='bbox 3372 1713 3501 1753; x_wconf 89' lang='lat' dir='ltr'>cum</span> <span class='ocrx_word' id='word_1_214' title='bbox 3526 1704 3708 1770; x_wconf 88' lang='lat' dir='ltr'>parte</span> 
     </span>
    </p>
   </div>
   <div class='ocr_carea' id='block_1_32' title="bbox 2049 1785 3707 1857">
    <p class='ocr_par' dir='ltr' id='par_1_32' title="bbox 2049 1785 3707 1857">
     <span class='ocr_line' id='line_1_32' title="bbox 2049 1785 3707 1857; baseline 0.003 -18"><span class='ocrx_word' id='word_1_215' title='bbox 2049 1786 2346 1840; x_wconf 87' lang='lat' dir='ltr'>exercitus</span> <span class='ocrx_word' id='word_1_216' title='bbox 2371 1786 2447 1840; x_wconf 90' lang='lat' dir='ltr'>ibi</span> <span class='ocrx_word' id='word_1_217' title='bbox 2474 1786 2827 1856; x_wconf 82' lang='lat' dir='ltr'>dimisit,qui</span> <span class='ocrx_word' id='word_1_218' title='bbox 2849 1800 3076 1842; x_wconf 87' lang='lat' dir='ltr'>omnem</span> <span class='ocrx_word' id='word_1_219' title='bbox 3096 1785 3317 1842; x_wconf 89' lang='lat' dir='ltr'>Italiam</span> <span class='ocrx_word' id='word_1_220' title='bbox 3341 1786 3544 1843; x_wconf 89' lang='lat' dir='ltr'>ditioni</span> <span class='ocrx_word' id='word_1_221' title='bbox 3569 1786 3707 1857; x_wconf 86' lang='lat' dir='ltr'>ejus</span> 
     </span>
    </p>
   </div>
   <div class='ocr_carea' id='block_1_33' title="bbox 290 1874 3707 1954">
    <p class='ocr_par' dir='ltr' id='par_1_33' title="bbox 290 1874 3707 1954">
     <span class='ocr_line' id='line_1_33' title="bbox 290 1874 3707 1954; baseline -0.001 -16"><span class='ocrx_word' id='word_1_222' title='bbox 290 1886 478 1941; x_wconf 82' lang='lat' dir='ltr'>fuerat</span> <span class='ocrx_word' id='word_1_223' title='bbox 502 1883 805 1953; x_wconf 89' lang='lat' dir='ltr'>suppliciis</span> <span class='ocrx_word' id='word_1_224' title='bbox 827 1882 1091 1949; x_wconf 76' lang='lat' dir='ltr'>affectus,</span> <span class='ocrx_word' id='word_1_225' title='bbox 1121 1897 1250 1936; x_wconf 89' lang='lat' dir='ltr'>cum</span> <span class='ocrx_word' id='word_1_226' title='bbox 1281 1884 1622 1936; x_wconf 87' lang='lat' dir='ltr'>tonsuratus</span> <span class='ocrx_word' id='word_1_227' title='bbox 1646 1886 1847 1951; x_wconf 88' lang='lat' dir='ltr'>postea</span> <span class='ocrx_word' id='word_1_228' title='bbox 1873 1886 1928 1935; x_wconf 87' lang='lat' dir='ltr'>et</span> <span class='ocrx_word' id='word_1_229' title='bbox 1961 1891 2018 1954; x_wconf 85' lang='grc' dir='ltr'>Β</span> <span class='ocrx_word' id='word_1_230' title='bbox 2051 1874 2309 1930; x_wconf 86' lang='lat' dir='ltr'>subdidit</span> <span class='ocrx_word' id='word_1_231' title='bbox 2334 1882 2508 1944; x_wconf 86' lang='lat' dir='ltr'>atque</span> <span class='ocrx_word' id='word_1_232' title='bbox 2534 1875 2805 1940; x_wconf 89' lang='lat' dir='ltr'>Siciliam,</span> <span class='ocrx_word' id='word_1_233' title='bbox 2832 1880 2891 1930; x_wconf 90' lang='lat' dir='ltr'>et</span> <span class='ocrx_word' id='word_1_234' title='bbox 2915 1876 3217 1931; x_wconf 88' lang='lat' dir='ltr'>thesauros</span> <span class='ocrx_word' id='word_1_235' title='bbox 3241 1876 3707 1934; x_wconf 86' lang='lat' dir='ltr'>innumerabiles</span> 
     </span>
    </p>
   </div>
   <div class='ocr_carea' id='block_1_34' title="bbox 286 1969 1935 2041">
    <p class='ocr_par' dir='ltr' id='par_1_34' title="bbox 286 1969 1935 2041">
     <span class='ocr_line' id='line_1_34' title="bbox 286 1969 1935 2041; baseline -0.003 -12"><span class='ocrx_word' id='word_1_236' title='bbox 286 1973 574 2029; x_wconf 89' lang='lat' dir='ltr'>electione</span> <span class='ocrx_word' id='word_1_237' title='bbox 605 1971 747 2026; x_wconf 86' lang='lat' dir='ltr'>cieri</span> <span class='ocrx_word' id='word_1_238' title='bbox 779 1975 836 2025; x_wconf 90' lang='lat' dir='ltr'>et</span> <span class='ocrx_word' id='word_1_239' title='bbox 871 1970 1067 2041; x_wconf 88' lang='lat' dir='ltr'>populi</span> <span class='ocrx_word' id='word_1_240' title='bbox 1098 1969 1453 2026; x_wconf 83' lang='lat' dir='ltr'>Virdunensi</span> <span class='ocrx_word' id='word_1_241' title='bbox 1489 1970 1697 2025; x_wconf 87' lang='lat' dir='ltr'>fuisset</span> <span class='ocrx_word' id='word_1_242' title='bbox 1734 1970 1935 2040; x_wconf 70' lang='lat' dir='ltr'>przela-</span> 
     </span>
    </p>
   </div>
   <div class='ocr_carea' id='block_1_35' title="bbox 289 2058 1933 2129">
    <p class='ocr_par' dir='ltr' id='par_1_35' title="bbox 289 2058 1933 2129">
     <span class='ocr_line' id='line_1_35' title="bbox 289 2058 1933 2129; baseline -0.002 -12"><span class='ocrx_word' id='word_1_243' title='bbox 289 2067 385 2118; x_wconf 91' lang='lat' dir='ltr'>tus</span> <span class='ocrx_word' id='word_1_244' title='bbox 416 2060 705 2129; x_wconf 70' lang='lat' dir='ltr'>ecclesia},</span> <span class='ocrx_word' id='word_1_245' title='bbox 735 2059 1127 2115; x_wconf 86' lang='lat' dir='ltr'>Theodericus</span> <span class='ocrx_word' id='word_1_246' title='bbox 1162 2063 1478 2129; x_wconf 89' lang='lat' dir='ltr'>perpetuas</span> <span class='ocrx_word' id='word_1_247' title='bbox 1502 2058 1763 2113; x_wconf 73' lang='lat' dir='ltr'>retinens</span> <span class='ocrx_word' id='word_1_248' title='bbox 1795 2074 1933 2127; x_wconf 84' lang='lat' dir='ltr'>erga</span> 
     </span>
    </p>
   </div>
   <div class='ocr_carea' id='block_1_36' title="bbox 289 2147 1935 2218">
    <p class='ocr_par' dir='ltr' id='par_1_36' title="bbox 289 2147 1935 2218">
     <span class='ocr_line' id='line_1_36' title="bbox 289 2147 1935 2218; baseline -0.002 -11"><span class='ocrx_word' id='word_1_249' title='bbox 289 2166 419 2207; x_wconf 88' lang='lat' dir='ltr'>eum</span> <span class='ocrx_word' id='word_1_250' title='bbox 456 2149 806 2211; x_wconf 80' lang='lat' dir='ltr'>inimicitias,</span> <span class='ocrx_word' id='word_1_251' title='bbox 843 2148 975 2217; x_wconf 90' lang='lat' dir='ltr'>quia</span> <span class='ocrx_word' id='word_1_252' title='bbox 1023 2163 1134 2203; x_wconf 94' lang='lat' dir='ltr'>non</span> <span class='ocrx_word' id='word_1_253' title='bbox 1168 2148 1529 2203; x_wconf 87' lang='lat' dir='ltr'>consentiret</span> <span class='ocrx_word' id='word_1_254' title='bbox 1579 2147 1776 2218; x_wconf 85' lang='lat' dir='ltr'>pravis</span> <span class='ocrx_word' id='word_1_255' title='bbox 1810 2148 1935 2217; x_wconf 86' lang='lat' dir='ltr'>ejus</span> 
     </span>
    </p>
   </div>
   <div class='ocr_carea' id='block_1_37' title="bbox 289 2235 1936 2310">
    <p class='ocr_par' dir='ltr' id='par_1_37' title="bbox 289 2235 1936 2310">
     <span class='ocr_line' id='line_1_37' title="bbox 289 2235 1936 2310; baseline -0.002 -16"><span class='ocrx_word' id='word_1_256' title='bbox 289 2240 585 2310; x_wconf 83' lang='lat' dir='ltr'>Operibus,</span> <span class='ocrx_word' id='word_1_257' title='bbox 645 2238 941 2293; x_wconf 88' lang='lat' dir='ltr'>civitatem</span> <span class='ocrx_word' id='word_1_258' title='bbox 974 2252 1101 2291; x_wconf 91' lang='lat' dir='ltr'>cum</span> <span class='ocrx_word' id='word_1_259' title='bbox 1150 2236 1583 2292; x_wconf 88' lang='lat' dir='ltr'>habitatoribus</span> <span class='ocrx_word' id='word_1_260' title='bbox 1631 2235 1936 2291; x_wconf 87' lang='lat' dir='ltr'>vehemen-</span> 
     </span>
    </p>
   </div>
   <div class='ocr_carea' id='block_1_38' title="bbox 292 2323 1935 2396">
    <p class='ocr_par' dir='ltr' id='par_1_38' title="bbox 292 2323 1935 2396">
     <span class='ocr_line' id='line_1_38' title="bbox 292 2323 1935 2396; baseline -0.002 -13"><span class='ocrx_word' id='word_1_261' title='bbox 292 2334 380 2383; x_wconf 87' lang='lat' dir='ltr'>ter</span> <span class='ocrx_word' id='word_1_262' title='bbox 425 2327 675 2383; x_wconf 88' lang='lat' dir='ltr'>attrivit.</span> <span class='ocrx_word' id='word_1_263' title='bbox 714 2326 1057 2396; x_wconf 89' lang='lat' dir='ltr'>Supervenit</span> <span class='ocrx_word' id='word_1_264' title='bbox 1107 2326 1348 2395; x_wconf 87' lang='lat' dir='ltr'>insuper</span> <span class='ocrx_word' id='word_1_265' title='bbox 1386 2323 1827 2393; x_wconf 89' lang='lat' dir='ltr'>divinojudicio</span> <span class='ocrx_word' id='word_1_266' title='bbox 1860 2326 1935 2380; x_wconf 87' lang='lat' dir='ltr'>fa-</span> 
     </span>
    </p>
   </div>
   <div class='ocr_carea' id='block_1_39' title="bbox 292 2413 1931 2484">
    <p class='ocr_par' dir='ltr' id='par_1_39' title="bbox 292 2413 1931 2484">
     <span class='ocr_line' id='line_1_39' title="bbox 292 2413 1931 2484; baseline -0.002 -12"><span class='ocrx_word' id='word_1_267' title='bbox 292 2433 410 2472; x_wconf 65' lang='lat' dir='ltr'>mes</span> <span class='ocrx_word' id='word_1_268' title='bbox 443 2416 628 2471; x_wconf 82' lang='lat' dir='ltr'>valida</span> <span class='ocrx_word' id='word_1_269' title='bbox 664 2415 915 2470; x_wconf 90' lang='lat' dir='ltr'>invalido</span> <span class='ocrx_word' id='word_1_270' title='bbox 944 2414 1203 2469; x_wconf 85' lang='lat' dir='ltr'>civitatis</span> <span class='ocrx_word' id='word_1_271' title='bbox 1237 2413 1471 2484; x_wconf 78' lang='lat' dir='ltr'>populo,</span> <span class='ocrx_word' id='word_1_272' title='bbox 1509 2428 1619 2483; x_wconf 91' lang='lat' dir='ltr'>qua</span> <span class='ocrx_word' id='word_1_273' title='bbox 1645 2414 1931 2469; x_wconf 85' lang='lat' dir='ltr'>attenuati</span> 
     </span>
    </p>
   </div>
   <div class='ocr_carea' id='block_1_40' title="bbox 292 2501 1933 2571">
    <p class='ocr_par' dir='ltr' id='par_1_40' title="bbox 292 2501 1933 2571">
     <span class='ocr_line' id='line_1_40' title="bbox 292 2501 1933 2571; baseline -0.001 -13"><span class='ocrx_word' id='word_1_274' title='bbox 292 2506 345 2559; x_wconf 91' lang='lat' dir='ltr'>in</span> <span class='ocrx_word' id='word_1_275' title='bbox 380 2503 687 2559; x_wconf 83' lang='lat' dir='ltr'>aﬂlictionc</span> <span class='ocrx_word' id='word_1_276' title='bbox 740 2503 910 2557; x_wconf 89' lang='lat' dir='ltr'>nimia</span> <span class='ocrx_word' id='word_1_277' title='bbox 945 2507 1111 2557; x_wconf 88' lang='lat' dir='ltr'>erant</span> <span class='ocrx_word' id='word_1_278' title='bbox 1146 2501 1341 2571; x_wconf 91' lang='lat' dir='ltr'>positi.</span> <span class='ocrx_word' id='word_1_279' title='bbox 1379 2501 1516 2571; x_wconf 71' lang='lat'>(11).)</span> <span class='ocrx_word' id='word_1_280' title='bbox 1548 2503 1775 2557; x_wconf 89' lang='lat' dir='ltr'>Etcum</span> <span class='ocrx_word' id='word_1_281' title='bbox 1810 2502 1933 2571; x_wconf 89' lang='lat' dir='ltr'>ipse</span> 
     </span>
    </p>
   </div>
   <div class='ocr_carea' id='block_1_41' title="bbox 292 2589 1935 2663">
    <p class='ocr_par' dir='ltr' id='par_1_41' title="bbox 292 2589 1935 2663">
     <span class='ocr_line' id='line_1_41' title="bbox 292 2589 1935 2663; baseline -0.001 -17"><span class='ocrx_word' id='word_1_282' title='bbox 292 2592 361 2647; x_wconf 87' lang='lat' dir='ltr'>de</span> <span class='ocrx_word' id='word_1_283' title='bbox 396 2593 569 2648; x_wconf 89' lang='lat' dir='ltr'>rebus</span> <span class='ocrx_word' id='word_1_284' title='bbox 599 2592 721 2647; x_wconf 87' lang='lat' dir='ltr'>suis</span> <span class='ocrx_word' id='word_1_285' title='bbox 755 2606 855 2663; x_wconf 90' lang='lat' dir='ltr'>per</span> <span class='ocrx_word' id='word_1_286' title='bbox 886 2589 1305 2645; x_wconf 83' lang='lat' dir='ltr'>Theodericum</span> <span class='ocrx_word' id='word_1_287' title='bbox 1332 2589 1711 2645; x_wconf 89' lang='lat' dir='ltr'>remansisset</span> <span class='ocrx_word' id='word_1_288' title='bbox 1743 2594 1935 2644; x_wconf 88' lang='lat' dir='ltr'>extra-</span> 
     </span>
    </p>
   </div>
   <div class='ocr_carea' id='block_1_42' title="bbox 293 2676 1935 2748">
    <p class='ocr_par' dir='ltr' id='par_1_42' title="bbox 293 2676 1935 2748">
     <span class='ocr_line' id='line_1_42' title="bbox 293 2676 1935 2748; baseline -0.002 -14"><span class='ocrx_word' id='word_1_289' title='bbox 293 2696 454 2745; x_wconf 89' lang='lat' dir='ltr'>neus,</span> <span class='ocrx_word' id='word_1_290' title='bbox 493 2694 595 2735; x_wconf 88' lang='lat' dir='ltr'>nec</span> <span class='ocrx_word' id='word_1_291' title='bbox 628 2680 869 2735; x_wconf 88' lang='lat' dir='ltr'>haberet</span> <span class='ocrx_word' id='word_1_292' title='bbox 903 2693 973 2734; x_wconf 89' lang='lat' dir='ltr'>ex</span> <span class='ocrx_word' id='word_1_293' title='bbox 1021 2677 1280 2748; x_wconf 90' lang='lat' dir='ltr'>proprio,</span> <span class='ocrx_word' id='word_1_294' title='bbox 1318 2676 1572 2747; x_wconf 86' lang='lat' dir='ltr'>qualiter</span> <span class='ocrx_word' id='word_1_295' title='bbox 1604 2676 1935 2746; x_wconf 83' lang='lat' dir='ltr'>indigentes</span> 
     </span>
    </p>
   </div>
   <div class='ocr_carea' id='block_1_43' title="bbox 293 2763 1933 2835">
    <p class='ocr_par' dir='ltr' id='par_1_43' title="bbox 293 2763 1933 2835">
     <span class='ocr_line' id='line_1_43' title="bbox 293 2763 1933 2835; baseline -0.001 -14"><span class='ocrx_word' id='word_1_296' title='bbox 293 2775 349 2823; x_wconf 89' lang='lat' dir='ltr'>et</span> <span class='ocrx_word' id='word_1_297' title='bbox 384 2769 701 2824; x_wconf 86' lang='lat' dir='ltr'>destitutos</span> <span class='ocrx_word' id='word_1_298' title='bbox 743 2768 901 2823; x_wconf 88' lang='lat' dir='ltr'>cives</span> <span class='ocrx_word' id='word_1_299' title='bbox 956 2781 1093 2823; x_wconf 90' lang='lat' dir='ltr'>suos</span> <span class='ocrx_word' id='word_1_300' title='bbox 1129 2763 1557 2835; x_wconf 87' lang='lat' dir='ltr'>consolaretur,</span> <span class='ocrx_word' id='word_1_301' title='bbox 1609 2764 1845 2821; x_wconf 89' lang='lat' dir='ltr'>dolebat</span> <span class='ocrx_word' id='word_1_302' title='bbox 1878 2774 1933 2820; x_wconf 86' lang='lat' dir='ltr'>et</span> 
     </span>
    </p>
   </div>
   <div class='ocr_carea' id='block_1_44' title="bbox 294 2852 1937 2925">
    <p class='ocr_par' dir='ltr' id='par_1_44' title="bbox 294 2852 1937 2925">
     <span class='ocr_line' id='line_1_44' title="bbox 294 2852 1937 2925; baseline -0.001 -16"><span class='ocrx_word' id='word_1_303' title='bbox 294 2857 665 2912; x_wconf 87' lang='lat' dir='ltr'>tristabatur.</span> <span class='ocrx_word' id='word_1_304' title='bbox 720 2856 824 2923; x_wconf 81' lang='lat' dir='ltr'>(in,</span> <span class='ocrx_word' id='word_1_305' title='bbox 858 2859 947 2921; x_wconf 76' lang='lat'>23,</span> <span class='ocrx_word' id='word_1_306' title='bbox 980 2857 1095 2925; x_wconf 71' lang='lat'>25.)</span> <span class='ocrx_word' id='word_1_307' title='bbox 1145 2852 1430 2909; x_wconf 89' lang='lat' dir='ltr'>Defuncto</span> <span class='ocrx_word' id='word_1_308' title='bbox 1462 2858 1655 2910; x_wconf 90' lang='lat' dir='ltr'>autem</span> <span class='ocrx_word' id='word_1_309' title='bbox 1685 2852 1937 2909; x_wconf 88' lang='lat' dir='ltr'>Theode-</span> 
     </span>
    </p>
   </div>
   <div class='ocr_carea' id='block_1_45' title="bbox 296 2940 1935 3014">
    <p class='ocr_par' dir='ltr' id='par_1_45' title="bbox 296 2940 1935 3014">
     <span class='ocr_line' id='line_1_45' title="bbox 296 2940 1935 3014; baseline -0.002 -15"><span class='ocrx_word' id='word_1_310' title='bbox 296 2946 414 3001; x_wconf 90' lang='lat' dir='ltr'>rico</span> <span class='ocrx_word' id='word_1_311' title='bbox 447 2959 594 3000; x_wconf 90' lang='lat' dir='ltr'>anno</span> <span class='ocrx_word' id='word_1_312' title='bbox 650 2945 810 3014; x_wconf 84' lang='lat' dir='ltr'>regni</span> <span class='ocrx_word' id='word_1_313' title='bbox 872 2944 958 3000; x_wconf 91' lang='lat' dir='ltr'>sui</span> <span class='ocrx_word' id='word_1_314' title='bbox 1008 2946 1095 3011; x_wconf 71' lang='lat'>23,</span> <span class='ocrx_word' id='word_1_315' title='bbox 1132 2944 1203 2998; x_wconf 90' lang='lat' dir='ltr'>ab</span> <span class='ocrx_word' id='word_1_316' title='bbox 1263 2940 1663 2998; x_wconf 89' lang='lat' dir='ltr'>incarnatione</span> <span class='ocrx_word' id='word_1_317' title='bbox 1712 2941 1935 2996; x_wconf 90' lang='lat' dir='ltr'>Domini</span> 
     </span>
    </p>
   </div>
   <div class='ocr_carea' id='block_1_46' title="bbox 294 3031 1939 3100">
    <p class='ocr_par' dir='ltr' id='par_1_46' title="bbox 294 3031 1939 3100">
     <span class='ocr_line' id='line_1_46' title="bbox 294 3031 1939 3100; baseline -0.002 -12"><span class='ocrx_word' id='word_1_318' title='bbox 294 3037 416 3095; x_wconf 68' lang='grc'>541,</span> <span class='ocrx_word' id='word_1_319' title='bbox 451 3048 578 3088; x_wconf 91' lang='lat' dir='ltr'>cum</span> <span class='ocrx_word' id='word_1_320' title='bbox 625 3032 1061 3088; x_wconf 87' lang='lat' dir='ltr'>Theodebertns</span> <span class='ocrx_word' id='word_1_321' title='bbox 1094 3031 1247 3087; x_wconf 90' lang='lat' dir='ltr'>ﬁlius</span> <span class='ocrx_word' id='word_1_322' title='bbox 1275 3033 1400 3100; x_wconf 88' lang='lat' dir='ltr'>ejus</span> <span class='ocrx_word' id='word_1_323' title='bbox 1447 3044 1686 3099; x_wconf 83' lang='lat' dir='ltr'>regnum</span> <span class='ocrx_word' id='word_1_324' title='bbox 1744 3045 1939 3086; x_wconf 89' lang='lat' dir='ltr'>susce-</span> 
     </span>
    </p>
   </div>
   <div class='ocr_carea' id='block_1_47' title="bbox 297 3118 1939 3192">
    <p class='ocr_par' dir='ltr' id='par_1_47' title="bbox 297 3118 1939 3192">
     <span class='ocr_line' id='line_1_47' title="bbox 297 3118 1939 3192; baseline -0.001 -17"><span class='ocrx_word' id='word_1_325' title='bbox 297 3122 499 3192; x_wconf 89' lang='lat' dir='ltr'>pisset,</span> <span class='ocrx_word' id='word_1_326' title='bbox 535 3126 590 3176; x_wconf 90' lang='lat' dir='ltr'>et</span> <span class='ocrx_word' id='word_1_327' title='bbox 624 3125 827 3177; x_wconf 89' lang='lat' dir='ltr'>contra</span> <span class='ocrx_word' id='word_1_328' title='bbox 876 3119 1237 3176; x_wconf 91' lang='lat' dir='ltr'>voluntatem</span> <span class='ocrx_word' id='word_1_329' title='bbox 1273 3119 1629 3175; x_wconf 86' lang='lat' dir='ltr'>Childeberti</span> <span class='ocrx_word' id='word_1_330' title='bbox 1662 3122 1718 3174; x_wconf 93' lang='lat' dir='ltr'>et</span> <span class='ocrx_word' id='word_1_331' title='bbox 1753 3118 1939 3174; x_wconf 86' lang='lat' dir='ltr'>Clota-</span> 
     </span>
    </p>
   </div>
   <div class='ocr_carea' id='block_1_48' title="bbox 297 3207 1939 3279">
    <p class='ocr_par' dir='ltr' id='par_1_48' title="bbox 297 3207 1939 3279">
     <span class='ocr_line' id='line_1_48' title="bbox 297 3207 1939 3279; baseline 0 -16"><span class='ocrx_word' id='word_1_332' title='bbox 297 3209 364 3264; x_wconf 91' lang='lat' dir='ltr'>rii</span> <span class='ocrx_word' id='word_1_333' title='bbox 392 3209 445 3264; x_wconf 91' lang='lat' dir='ltr'>in</span> <span class='ocrx_word' id='word_1_334' title='bbox 470 3224 649 3279; x_wconf 88' lang='lat' dir='ltr'>regno</span> <span class='ocrx_word' id='word_1_335' title='bbox 674 3224 702 3264; x_wconf 94' lang='lat' dir='ltr'>a</span> <span class='ocrx_word' id='word_1_336' title='bbox 722 3210 840 3266; x_wconf 91' lang='lat' dir='ltr'>suis</span> <span class='ocrx_word' id='word_1_337' title='bbox 862 3209 1134 3265; x_wconf 87' lang='lat' dir='ltr'>leudibus</span> <span class='ocrx_word' id='word_1_338' title='bbox 1159 3208 1633 3265; x_wconf 85' lang='lat' dir='ltr'>essetstabilitus</span> <span class='ocrx_word' id='word_1_339' title='bbox 1655 3207 1939 3278; x_wconf 88' lang='lat' dir='ltr'>atqueﬁr-</span> 
     </span>
    </p>
   </div>
   <div class='ocr_carea' id='block_1_49' title="bbox 297 3297 1940 3370">
    <p class='ocr_par' dir='ltr' id='par_1_49' title="bbox 297 3297 1940 3370">
     <span class='ocr_line' id='line_1_49' title="bbox 297 3297 1940 3370; baseline 0 -18"><span class='ocrx_word' id='word_1_340' title='bbox 297 3304 503 3365; x_wconf 90' lang='lat' dir='ltr'>matus,</span> <span class='ocrx_word' id='word_1_341' title='bbox 523 3304 580 3354; x_wconf 92' lang='lat' dir='ltr'>et</span> <span class='ocrx_word' id='word_1_342' title='bbox 604 3298 971 3370; x_wconf 89' lang='lat' dir='ltr'>postmodum</span> <span class='ocrx_word' id='word_1_343' title='bbox 996 3313 1024 3354; x_wconf 91' lang='lat' dir='ltr'>a</span> <span class='ocrx_word' id='word_1_344' title='bbox 1046 3297 1419 3353; x_wconf 89' lang='lat' dir='ltr'>Childeberto</span> <span class='ocrx_word' id='word_1_345' title='bbox 1442 3297 1704 3354; x_wconf 81' lang='lat' dir='ltr'>maximis</span> <span class='ocrx_word' id='word_1_346' title='bbox 1746 3311 1940 3352; x_wconf 88' lang='lat' dir='ltr'>mune-</span> 
     </span>
    </p>
   </div>
   <div class='ocr_carea' id='block_1_50' title="bbox 298 3386 1937 3457">
    <p class='ocr_par' dir='ltr' id='par_1_50' title="bbox 298 3386 1937 3457">
     <span class='ocr_line' id='line_1_50' title="bbox 298 3386 1937 3457; baseline -0.001 -16"><span class='ocrx_word' id='word_1_347' title='bbox 298 3387 834 3457; x_wconf 90' lang='lat' dir='ltr'>ribusmuneratus,</span> <span class='ocrx_word' id='word_1_348' title='bbox 864 3387 917 3443; x_wconf 94' lang='lat' dir='ltr'>iu</span> <span class='ocrx_word' id='word_1_349' title='bbox 945 3386 1293 3442; x_wconf 90' lang='lat' dir='ltr'>ﬁliumesset</span> <span class='ocrx_word' id='word_1_350' title='bbox 1313 3386 1646 3456; x_wconf 90' lang='lat' dir='ltr'>adoptatus,</span> <span class='ocrx_word' id='word_1_351' title='bbox 1671 3399 1937 3454; x_wconf 89' lang='lat' dir='ltr'>magnum</span> 
     </span>
    </p>
   </div>
   <div class='ocr_carea' id='block_1_51' title="bbox 298 3474 1936 3547">
    <p class='ocr_par' dir='ltr' id='par_1_51' title="bbox 298 3474 1936 3547">
     <span class='ocr_line' id='line_1_51' title="bbox 298 3474 1936 3547; baseline -0.002 -17"><span class='ocrx_word' id='word_1_352' title='bbox 298 3491 359 3530; x_wconf 89' lang='lat' dir='ltr'>se</span> <span class='ocrx_word' id='word_1_353' title='bbox 390 3480 445 3531; x_wconf 90' lang='lat' dir='ltr'>et</span> <span class='ocrx_word' id='word_1_354' title='bbox 500 3477 853 3547; x_wconf 70' lang='lat' dir='ltr'>praecipuum</span> <span class='ocrx_word' id='word_1_355' title='bbox 900 3476 957 3530; x_wconf 91' lang='lat' dir='ltr'>in</span> <span class='ocrx_word' id='word_1_356' title='bbox 990 3475 1140 3531; x_wconf 91' lang='lat' dir='ltr'>omni</span> <span class='ocrx_word' id='word_1_357' title='bbox 1193 3475 1455 3531; x_wconf 87' lang='lat' dir='ltr'>bonitate</span> <span class='ocrx_word' id='word_1_358' title='bbox 1486 3474 1764 3530; x_wconf 86' lang='lat' dir='ltr'>ostendit.</span> <span class='ocrx_word' id='word_1_359' title='bbox 1803 3475 1936 3529; x_wconf 87' lang='lat' dir='ltr'>Erat</span> 
     </span>
    </p>
   </div>
   <div class='ocr_carea' id='block_1_52' title="bbox 295 3562 1940 3633">
    <p class='ocr_par' dir='ltr' id='par_1_52' title="bbox 295 3562 1940 3633">
     <span class='ocr_line' id='line_1_52' title="bbox 295 3562 1940 3633; baseline -0.002 -15"><span class='ocrx_word' id='word_1_360' title='bbox 295 3565 447 3619; x_wconf 86' lang='lat' dir='ltr'>enim</span> <span class='ocrx_word' id='word_1_361' title='bbox 479 3579 718 3633; x_wconf 79' lang='lat' dir='ltr'>regnum</span> <span class='ocrx_word' id='word_1_362' title='bbox 751 3564 1126 3633; x_wconf 88' lang='lat' dir='ltr'>cumjustitia</span> <span class='ocrx_word' id='word_1_363' title='bbox 1158 3578 1383 3632; x_wconf 87' lang='lat' dir='ltr'>regens,</span> <span class='ocrx_word' id='word_1_364' title='bbox 1411 3562 1748 3618; x_wconf 78' lang='lat' dir='ltr'>sacerdotes</span> <span class='ocrx_word' id='word_1_365' title='bbox 1772 3576 1940 3616; x_wconf 87' lang='lat' dir='ltr'>vene-</span> 
     </span>
    </p>
   </div>
   <div class='ocr_carea' id='block_1_53' title="bbox 299 3650 1940 3721">
    <p class='ocr_par' dir='ltr' id='par_1_53' title="bbox 299 3650 1940 3721">
     <span class='ocr_line' id='line_1_53' title="bbox 299 3650 1940 3721; baseline -0.002 -14"><span class='ocrx_word' id='word_1_366' title='bbox 299 3668 453 3719; x_wconf 91' lang='lat' dir='ltr'>rans,</span> <span class='ocrx_word' id='word_1_367' title='bbox 498 3652 776 3708; x_wconf 84' lang='lat' dir='ltr'>ecclesias</span> <span class='ocrx_word' id='word_1_368' title='bbox 832 3666 1161 3720; x_wconf 91' lang='lat' dir='ltr'>munerans,</span> <span class='ocrx_word' id='word_1_369' title='bbox 1219 3666 1508 3721; x_wconf 77' lang='lat' dir='ltr'>pauperes</span> <span class='ocrx_word' id='word_1_370' title='bbox 1557 3650 1844 3718; x_wconf 85' lang='lat' dir='ltr'>relevans,</span> <span class='ocrx_word' id='word_1_371' title='bbox 1879 3654 1940 3704; x_wconf 90' lang='lat' dir='ltr'>et</span> 
     </span>
    </p>
   </div>
   <div class='ocr_carea' id='block_1_54' title="bbox 300 3738 1937 3810">
    <p class='ocr_par' dir='ltr' id='par_1_54' title="bbox 300 3738 1937 3810">
     <span class='ocr_line' id='line_1_54' title="bbox 300 3738 1937 3810; baseline -0.002 -15"><span class='ocrx_word' id='word_1_372' title='bbox 300 3740 479 3797; x_wconf 88' lang='lat' dir='ltr'>multa</span> <span class='ocrx_word' id='word_1_373' title='bbox 512 3740 711 3796; x_wconf 88' lang='lat' dir='ltr'>multis</span> <span class='ocrx_word' id='word_1_374' title='bbox 744 3739 1023 3796; x_wconf 85' lang='lat' dir='ltr'>beneﬁcia</span> <span class='ocrx_word' id='word_1_375' title='bbox 1050 3740 1143 3810; x_wconf 90' lang='lat' dir='ltr'>pia</span> <span class='ocrx_word' id='word_1_376' title='bbox 1175 3744 1231 3795; x_wconf 91' lang='lat' dir='ltr'>et</span> <span class='ocrx_word' id='word_1_377' title='bbox 1265 3738 1600 3795; x_wconf 89' lang='lat' dir='ltr'>dulcissima</span> <span class='ocrx_word' id='word_1_378' title='bbox 1636 3738 1937 3793; x_wconf 88' lang='lat' dir='ltr'>voluntate</span> 
     </span>
    </p>
   </div>
   <div class='ocr_carea' id='block_1_55' title="bbox 300 3825 1937 3898">
    <p class='ocr_par' dir='ltr' id='par_1_55' title="bbox 300 3825 1937 3898">
     <span class='ocr_line' id='line_1_55' title="bbox 300 3825 1937 3898; baseline -0.001 -15"><span class='ocrx_word' id='word_1_379' title='bbox 300 3828 765 3898; x_wconf 84' lang='lat' dir='ltr'>accommodans,</span> <span class='ocrx_word' id='word_1_380' title='bbox 816 3828 1037 3883; x_wconf 90' lang='lat' dir='ltr'>tributa</span> <span class='ocrx_word' id='word_1_381' title='bbox 1071 3828 1267 3897; x_wconf 91' lang='lat' dir='ltr'>etiam,</span> <span class='ocrx_word' id='word_1_382' title='bbox 1304 3841 1432 3897; x_wconf 52' lang='lat' dir='ltr'>quae</span> <span class='ocrx_word' id='word_1_383' title='bbox 1483 3827 1552 3882; x_wconf 89' lang='lat' dir='ltr'>ab</span> <span class='ocrx_word' id='word_1_384' title='bbox 1585 3825 1852 3882; x_wconf 87' lang='lat' dir='ltr'>ecclesiis</span> <span class='ocrx_word' id='word_1_385' title='bbox 1886 3827 1937 3882; x_wconf 89' lang='lat' dir='ltr'>in</span> 
     </span>
    </p>
   </div>
   <div class='ocr_carea' id='block_1_56' title="bbox 301 3914 1934 3985">
    <p class='ocr_par' dir='ltr' id='par_1_56' title="bbox 301 3914 1934 3985">
     <span class='ocr_line' id='line_1_56' title="bbox 301 3914 1934 3985; baseline -0.001 -15"><span class='ocrx_word' id='word_1_386' title='bbox 301 3920 559 3973; x_wconf 78' lang='lat' dir='ltr'>Arverno</span> <span class='ocrx_word' id='word_1_387' title='bbox 583 3916 710 3973; x_wconf 91' lang='lat' dir='ltr'>sitis</span> <span class='ocrx_word' id='word_1_388' title='bbox 730 3915 872 3972; x_wconf 91' lang='lat' dir='ltr'>ﬁsco</span> <span class='ocrx_word' id='word_1_389' title='bbox 898 3915 1315 3985; x_wconf 85' lang='lat' dir='ltr'>reddebantur,</span> <span class='ocrx_word' id='word_1_390' title='bbox 1332 3914 1650 3971; x_wconf 89' lang='lat' dir='ltr'>clementer</span> <span class='ocrx_word' id='word_1_391' title='bbox 1673 3914 1934 3973; x_wconf 89' lang='lat' dir='ltr'>indulsit.</span> 
     </span>
    </p>
   </div>
   <div class='ocr_carea' id='block_1_57' title="bbox 300 4003 1936 4077">
    <p class='ocr_par' dir='ltr' id='par_1_57' title="bbox 300 4003 1936 4077">
     <span class='ocr_line' id='line_1_57' title="bbox 300 4003 1936 4077; baseline -0.001 -17"><span class='ocrx_word' id='word_1_392' title='bbox 300 4005 403 4076; x_wconf 81' lang='lat' dir='ltr'>(in,</span> <span class='ocrx_word' id='word_1_393' title='bbox 438 4008 552 4077; x_wconf 76' lang='lat'>26.)</span> <span class='ocrx_word' id='word_1_394' title='bbox 585 4006 847 4063; x_wconf 86' lang='lat' dir='ltr'>Habebat</span> <span class='ocrx_word' id='word_1_395' title='bbox 881 4019 1119 4061; x_wconf 88' lang='lat' dir='ltr'>uxorem</span> <span class='ocrx_word' id='word_1_396' title='bbox 1151 4003 1502 4073; x_wconf 88' lang='lat' dir='ltr'>Deuteriam,</span> <span class='ocrx_word' id='word_1_397' title='bbox 1529 4009 1589 4060; x_wconf 90' lang='lat' dir='ltr'>et</span> <span class='ocrx_word' id='word_1_398' title='bbox 1621 4003 1793 4060; x_wconf 86' lang='lat' dir='ltr'>ﬁliam</span> <span class='ocrx_word' id='word_1_399' title='bbox 1822 4004 1936 4073; x_wconf 89' lang='lat' dir='ltr'>jam</span> 
     </span>
    </p>
   </div>
   <div class='ocr_carea' id='block_1_58' title="bbox 298 4091 1937 4163">
    <p class='ocr_par' dir='ltr' id='par_1_58' title="bbox 298 4091 1937 4163">
     <span class='ocr_line' id='line_1_58' title="bbox 298 4091 1937 4163; baseline -0.002 -13"><span class='ocrx_word' id='word_1_400' title='bbox 298 4094 555 4151; x_wconf 89' lang='lat' dir='ltr'>adultam</span> <span class='ocrx_word' id='word_1_401' title='bbox 584 4113 597 4160; x_wconf 92' lang='lat'><strong>;</strong></span> <span class='ocrx_word' id='word_1_402' title='bbox 629 4093 727 4150; x_wconf 91' lang='lat' dir='ltr'>sed</span> <span class='ocrx_word' id='word_1_403' title='bbox 761 4094 1030 4150; x_wconf 88' lang='lat' dir='ltr'>Deuteria</span> <span class='ocrx_word' id='word_1_404' title='bbox 1061 4092 1286 4159; x_wconf 91' lang='lat' dir='ltr'>timens,</span> <span class='ocrx_word' id='word_1_405' title='bbox 1325 4108 1394 4149; x_wconf 91' lang='lat' dir='ltr'>ne</span> <span class='ocrx_word' id='word_1_406' title='bbox 1425 4107 1486 4148; x_wconf 91' lang='lat' dir='ltr'>se</span> <span class='ocrx_word' id='word_1_407' title='bbox 1513 4092 1737 4163; x_wconf 86' lang='lat' dir='ltr'>relicta,</span> <span class='ocrx_word' id='word_1_408' title='bbox 1764 4091 1937 4147; x_wconf 90' lang='lat' dir='ltr'>ﬁliam</span> 
     </span>
    </p>
   </div>
   <div class='ocr_carea' id='block_1_59' title="bbox 300 4181 1937 4252">
    <p class='ocr_par' dir='ltr' id='par_1_59' title="bbox 300 4181 1937 4252">
     <span class='ocr_line' id='line_1_59' title="bbox 300 4181 1937 4252; baseline -0.002 -12"><span class='ocrx_word' id='word_1_409' title='bbox 300 4183 409 4240; x_wconf 89' lang='lat' dir='ltr'>sibi</span> <span class='ocrx_word' id='word_1_410' title='bbox 435 4198 536 4239; x_wconf 87' lang='lat' dir='ltr'>rex</span> <span class='ocrx_word' id='word_1_411' title='bbox 574 4184 629 4238; x_wconf 93' lang='lat' dir='ltr'>in</span> <span class='ocrx_word' id='word_1_412' title='bbox 662 4181 994 4252; x_wconf 88' lang='lat' dir='ltr'>conjugium</span> <span class='ocrx_word' id='word_1_413' title='bbox 1028 4188 1377 4249; x_wconf 85' lang='lat' dir='ltr'>assumeret,</span> <span class='ocrx_word' id='word_1_414' title='bbox 1412 4182 1466 4237; x_wconf 93' lang='lat' dir='ltr'>in</span> <span class='ocrx_word' id='word_1_415' title='bbox 1504 4184 1778 4239; x_wconf 87' lang='lat' dir='ltr'>basterna</span> <span class='ocrx_word' id='word_1_416' title='bbox 1813 4195 1937 4238; x_wconf 90' lang='lat' dir='ltr'>eam</span> 
     </span>
    </p>
   </div>
   <div class='ocr_carea' id='block_1_60' title="bbox 300 4270 1936 4342">
    <p class='ocr_par' dir='ltr' id='par_1_60' title="bbox 300 4270 1936 4342">
     <span class='ocr_line' id='line_1_60' title="bbox 300 4270 1936 4342; baseline 0 -15"><span class='ocrx_word' id='word_1_417' title='bbox 300 4272 542 4342; x_wconf 89' lang='lat' dir='ltr'>positam</span> <span class='ocrx_word' id='word_1_418' title='bbox 560 4271 860 4327; x_wconf 88' lang='lat' dir='ltr'>indomitis</span> <span class='ocrx_word' id='word_1_419' title='bbox 886 4272 1071 4328; x_wconf 90' lang='lat' dir='ltr'>bobus</span> <span class='ocrx_word' id='word_1_420' title='bbox 1087 4271 1418 4339; x_wconf 89' lang='lat' dir='ltr'>conjunctis</span> <span class='ocrx_word' id='word_1_421' title='bbox 1443 4272 1592 4341; x_wconf 90' lang='lat' dir='ltr'>apud</span> <span class='ocrx_word' id='word_1_422' title='bbox 1621 4270 1936 4327; x_wconf 89' lang='lat' dir='ltr'>Virdunum</span> 
     </span>
    </p>
   </div>
   <div class='ocr_carea' id='block_1_61' title="bbox 299 4359 1936 4431">
    <p class='ocr_par' dir='ltr' id='par_1_61' title="bbox 299 4359 1936 4431">
     <span class='ocr_line' id='line_1_61' title="bbox 299 4359 1936 4431; baseline 0 -16"><span class='ocrx_word' id='word_1_423' title='bbox 299 4359 369 4416; x_wconf 90' lang='lat' dir='ltr'>de</span> <span class='ocrx_word' id='word_1_424' title='bbox 394 4364 568 4431; x_wconf 89' lang='lat' dir='ltr'>ponte</span> <span class='ocrx_word' id='word_1_425' title='bbox 593 4360 1001 4431; x_wconf 69' lang='lat' dir='ltr'>praecipitavit.</span> <span class='ocrx_word' id='word_1_426' title='bbox 1030 4374 1157 4430; x_wconf 64' lang='lat' dir='ltr'>quae</span> <span class='ocrx_word' id='word_1_427' title='bbox 1182 4360 1235 4415; x_wconf 92' lang='lat' dir='ltr'>in</span> <span class='ocrx_word' id='word_1_428' title='bbox 1262 4360 1387 4430; x_wconf 89' lang='lat' dir='ltr'>ipso</span> <span class='ocrx_word' id='word_1_429' title='bbox 1415 4360 1646 4417; x_wconf 82' lang='lat' dir='ltr'>flumine</span> <span class='ocrx_word' id='word_1_430' title='bbox 1667 4360 1936 4430; x_wconf 85' lang='lat' dir='ltr'>spiritum</span> 
     </span>
    </p>
   </div>
   <div class='ocr_carea' id='block_1_62' title="bbox 297 4447 1935 4523">
    <p class='ocr_par' dir='ltr' id='par_1_62' title="bbox 297 4447 1935 4523">
     <span class='ocr_line' id='line_1_62' title="bbox 297 4447 1935 4523; baseline -0.001 -18"><span class='ocrx_word' id='word_1_431' title='bbox 297 4448 571 4523; x_wconf 78' lang='lat' dir='ltr'>reddidit.</span> <span class='ocrx_word' id='word_1_432' title='bbox 614 4448 718 4517; x_wconf 82' lang='lat' dir='ltr'>(In,</span> <span class='ocrx_word' id='word_1_433' title='bbox 752 4451 839 4520; x_wconf 80' lang='grc'>34)</span> <span class='ocrx_word' id='word_1_434' title='bbox 874 4448 1248 4505; x_wconf 87' lang='lat' dir='ltr'>Desideratus</span> <span class='ocrx_word' id='word_1_435' title='bbox 1280 4447 1476 4519; x_wconf 89' lang='lat' dir='ltr'>itaque</span> <span class='ocrx_word' id='word_1_436' title='bbox 1529 4448 1850 4505; x_wconf 90' lang='lat' dir='ltr'>bonitatem</span> <span class='ocrx_word' id='word_1_437' title='bbox 1880 4452 1935 4504; x_wconf 89' lang='lat' dir='ltr'>et</span> 
     </span>
    </p>
   </div>
   <div class='ocr_carea' id='block_1_63' title="bbox 296 4536 1936 4606">
    <p class='ocr_par' dir='ltr' id='par_1_63' title="bbox 296 4536 1936 4606">
     <span class='ocr_line' id='line_1_63' title="bbox 296 4536 1936 4606; baseline -0.001 -13"><span class='ocrx_word' id='word_1_438' title='bbox 296 4536 662 4594; x_wconf 89' lang='lat' dir='ltr'>clementiam</span> <span class='ocrx_word' id='word_1_439' title='bbox 694 4537 1074 4594; x_wconf 89' lang='lat' dir='ltr'>Theodeberti</span> <span class='ocrx_word' id='word_1_440' title='bbox 1105 4537 1262 4605; x_wconf 88' lang='lat' dir='ltr'>regis</span> <span class='ocrx_word' id='word_1_441' title='bbox 1282 4551 1419 4606; x_wconf 89' lang='lat' dir='ltr'>erga</span> <span class='ocrx_word' id='word_1_442' title='bbox 1443 4552 1645 4593; x_wconf 83' lang='lat' dir='ltr'>omnes</span> <span class='ocrx_word' id='word_1_443' title='bbox 1668 4551 1936 4606; x_wconf 85' lang='lat' dir='ltr'>cernens,</span> 
     </span>
    </p>
   </div>
   <div class='ocr_carea' id='block_1_64' title="bbox 2050 1962 3705 2035">
    <p class='ocr_par' dir='ltr' id='par_1_64' title="bbox 2050 1962 3705 2035">
     <span class='ocr_line' id='line_1_64' title="bbox 2050 1962 3705 2035; baseline 0.002 -17"><span class='ocrx_word' id='word_1_444' title='bbox 2050 1965 2100 2018; x_wconf 90' lang='lat' dir='ltr'>ei</span> <span class='ocrx_word' id='word_1_445' title='bbox 2132 1963 2363 2019; x_wconf 88' lang='lat' dir='ltr'>direxit.</span> <span class='ocrx_word' id='word_1_446' title='bbox 2414 1965 2710 2035; x_wconf 77' lang='lat' dir='ltr'>(FREDEG.)</span> <span class='ocrx_word' id='word_1_447' title='bbox 2759 1966 2957 2033; x_wconf 84' lang='lat' dir='ltr'>Magna</span> <span class='ocrx_word' id='word_1_448' title='bbox 2991 1963 3141 2019; x_wconf 91' lang='lat' dir='ltr'>enim</span> <span class='ocrx_word' id='word_1_449' title='bbox 3175 1962 3426 2020; x_wconf 90' lang='lat' dir='ltr'>felicitas</span> <span class='ocrx_word' id='word_1_450' title='bbox 3455 1965 3606 2034; x_wconf 89' lang='lat' dir='ltr'>regis</span> <span class='ocrx_word' id='word_1_451' title='bbox 3640 1965 3705 2021; x_wconf 90' lang='lat' dir='ltr'>in</span> 
     </span>
    </p>
   </div>
   <div class='ocr_carea' id='block_1_65' title="bbox 2050 2052 3704 2123">
    <p class='ocr_par' dir='ltr' id='par_1_65' title="bbox 2050 2052 3704 2123">
     <span class='ocr_line' id='line_1_65' title="bbox 2050 2052 3704 2123; baseline 0.002 -18"><span class='ocrx_word' id='word_1_452' title='bbox 2050 2052 2136 2107; x_wconf 83' lang='lat' dir='ltr'>his</span> <span class='ocrx_word' id='word_1_453' title='bbox 2188 2052 2455 2109; x_wconf 90' lang='lat' dir='ltr'>omnibus</span> <span class='ocrx_word' id='word_1_454' title='bbox 2498 2053 2625 2122; x_wconf 92' lang='lat' dir='ltr'>fuit,</span> <span class='ocrx_word' id='word_1_455' title='bbox 2672 2053 2804 2123; x_wconf 90' lang='lat' dir='ltr'>quia</span> <span class='ocrx_word' id='word_1_456' title='bbox 2831 2052 3023 2108; x_wconf 89' lang='lat' dir='ltr'>timuit</span> <span class='ocrx_word' id='word_1_457' title='bbox 3056 2052 3378 2122; x_wconf 88' lang='lat' dir='ltr'>Dominum,</span> <span class='ocrx_word' id='word_1_458' title='bbox 3412 2058 3468 2108; x_wconf 91' lang='lat' dir='ltr'>et</span> <span class='ocrx_word' id='word_1_459' title='bbox 3503 2066 3704 2109; x_wconf 88' lang='lat' dir='ltr'>sacer-</span> 
     </span>
    </p>
   </div>
   <div class='ocr_carea' id='block_1_66' title="bbox 2049 2140 3702 2214">
    <p class='ocr_par' dir='ltr' id='par_1_66' title="bbox 2049 2140 3702 2214">
     <span class='ocr_line' id='line_1_66' title="bbox 2049 2140 3702 2214; baseline 0.002 -19"><span class='ocrx_word' id='word_1_460' title='bbox 2049 2140 2214 2197; x_wconf 91' lang='lat' dir='ltr'>dotes</span> <span class='ocrx_word' id='word_1_461' title='bbox 2246 2147 2300 2196; x_wconf 90' lang='lat' dir='ltr'>et</span> <span class='ocrx_word' id='word_1_462' title='bbox 2354 2140 2639 2197; x_wconf 87' lang='lat' dir='ltr'>ecclesias</span> <span class='ocrx_word' id='word_1_463' title='bbox 2676 2142 2804 2211; x_wconf 91' lang='lat' dir='ltr'>ejus</span> <span class='ocrx_word' id='word_1_464' title='bbox 2848 2141 3253 2197; x_wconf 89' lang='lat' dir='ltr'>venerabatur.</span> <span class='ocrx_word' id='word_1_465' title='bbox 3294 2141 3489 2210; x_wconf 77' lang='lat' dir='ltr'>(Gneo.</span> <span class='ocrx_word' id='word_1_466' title='bbox 3534 2144 3702 2214; x_wconf 86' lang='lat' dir='ltr'>Tur.)</span> 
     </span>
    </p>
   </div>
   <div class='ocr_carea' id='block_1_67' title="bbox 2049 2228 3707 2302">
    <p class='ocr_par' dir='ltr' id='par_1_67' title="bbox 2049 2228 3707 2302">
     <span class='ocr_line' id='line_1_67' title="bbox 2049 2228 3707 2302; baseline 0.002 -20"><span class='ocrx_word' id='word_1_467' title='bbox 2049 2228 2257 2284; x_wconf 69' lang='lat' dir='ltr'>Audita</span> <span class='ocrx_word' id='word_1_468' title='bbox 2277 2228 2457 2299; x_wconf 84' lang='lat' dir='ltr'>igitur</span> <span class='ocrx_word' id='word_1_469' title='bbox 2478 2230 2760 2300; x_wconf 89' lang='lat' dir='ltr'>petitione</span> <span class='ocrx_word' id='word_1_470' title='bbox 2775 2228 3160 2285; x_wconf 87' lang='lat' dir='ltr'>Virdunensis</span> <span class='ocrx_word' id='word_1_471' title='bbox 3179 2229 3459 2302; x_wconf 90' lang='lat' dir='ltr'>episcopi,</span> <span class='ocrx_word' id='word_1_472' title='bbox 3482 2243 3582 2285; x_wconf 87' lang='lat' dir='ltr'>rex</span> <span class='ocrx_word' id='word_1_473' title='bbox 3601 2245 3707 2287; x_wconf 88' lang='lat' dir='ltr'>an-</span> 
     </span>
    </p>
   </div>
   <div class='ocr_carea' id='block_1_68' title="bbox 2049 2317 3705 2389">
    <p class='ocr_par' dir='ltr' id='par_1_68' title="bbox 2049 2317 3705 2389">
     <span class='ocr_line' id='line_1_68' title="bbox 2049 2317 3705 2389; baseline 0.002 -19"><span class='ocrx_word' id='word_1_474' title='bbox 2049 2318 2191 2383; x_wconf 91' lang='lat' dir='ltr'>nuit,</span> <span class='ocrx_word' id='word_1_475' title='bbox 2228 2321 2420 2374; x_wconf 90' lang='lat' dir='ltr'>motus</span> <span class='ocrx_word' id='word_1_476' title='bbox 2442 2318 2510 2373; x_wconf 87' lang='lat' dir='ltr'>ad</span> <span class='ocrx_word' id='word_1_477' title='bbox 2544 2317 3021 2386; x_wconf 87' lang='lat' dir='ltr'>misericordiam,</span> <span class='ocrx_word' id='word_1_478' title='bbox 3040 2323 3100 2372; x_wconf 90' lang='lat' dir='ltr'>et</span> <span class='ocrx_word' id='word_1_479' title='bbox 3125 2322 3356 2389; x_wconf 87' lang='lat' dir='ltr'>septem</span> <span class='ocrx_word' id='word_1_480' title='bbox 3380 2317 3532 2374; x_wconf 90' lang='lat' dir='ltr'>milia</span> <span class='ocrx_word' id='word_1_481' title='bbox 3560 2317 3705 2375; x_wconf 89' lang='lat' dir='ltr'>soli-</span> 
     </span>
    </p>
   </div>
   <div class='ocr_carea' id='block_1_69' title="bbox 2047 2406 3705 2477">
    <p class='ocr_par' dir='ltr' id='par_1_69' title="bbox 2047 2406 3705 2477">
     <span class='ocr_line' id='line_1_69' title="bbox 2047 2406 3705 2477; baseline 0.002 -17"><span class='ocrx_word' id='word_1_482' title='bbox 2047 2406 2251 2463; x_wconf 91' lang='lat' dir='ltr'>dorum</span> <span class='ocrx_word' id='word_1_483' title='bbox 2279 2407 2328 2463; x_wconf 90' lang='lat' dir='ltr'>ei</span> <span class='ocrx_word' id='word_1_484' title='bbox 2359 2406 2615 2477; x_wconf 85' lang='lat' dir='ltr'>tradens,</span> <span class='ocrx_word' id='word_1_485' title='bbox 2642 2407 3037 2463; x_wconf 85' lang='lat' dir='ltr'>conditionem</span> <span class='ocrx_word' id='word_1_486' title='bbox 3061 2406 3401 2477; x_wconf 89' lang='lat' dir='ltr'>adscripsit,</span> <span class='ocrx_word' id='word_1_487' title='bbox 3429 2412 3487 2463; x_wconf 89' lang='lat' dir='ltr'>ut</span> <span class='ocrx_word' id='word_1_488' title='bbox 3512 2421 3580 2463; x_wconf 90' lang='lat' dir='ltr'>eo</span> <span class='ocrx_word' id='word_1_489' title='bbox 3614 2411 3705 2463; x_wconf 88' lang='lat' dir='ltr'>te-</span> 
     </span>
    </p>
   </div>
   <div class='ocr_carea' id='block_1_70' title="bbox 2049 2494 3700 2566">
    <p class='ocr_par' dir='ltr' id='par_1_70' title="bbox 2049 2494 3700 2566">
     <span class='ocr_line' id='line_1_70' title="bbox 2049 2494 3700 2566; baseline 0.001 -16"><span class='ocrx_word' id='word_1_490' title='bbox 2049 2510 2184 2551; x_wconf 89' lang='lat' dir='ltr'>nore</span> <span class='ocrx_word' id='word_1_491' title='bbox 2219 2495 2541 2566; x_wconf 87' lang='lat' dir='ltr'>partiretur</span> <span class='ocrx_word' id='word_1_492' title='bbox 2574 2495 2989 2565; x_wconf 78' lang='lat' dir='ltr'>indigentibus,</span> <span class='ocrx_word' id='word_1_493' title='bbox 3018 2498 3306 2565; x_wconf 89' lang='lat' dir='ltr'>quatenus</span> <span class='ocrx_word' id='word_1_494' title='bbox 3337 2499 3442 2551; x_wconf 86' lang='lat' dir='ltr'>hoc</span> <span class='ocrx_word' id='word_1_495' title='bbox 3476 2494 3700 2551; x_wconf 88' lang='lat' dir='ltr'>auxilio</span> 
     </span>
    </p>
   </div>
   <div class='ocr_carea' id='block_1_71' title="bbox 2048 2583 3702 2654">
    <p class='ocr_par' dir='ltr' id='par_1_71' title="bbox 2048 2583 3702 2654">
     <span class='ocr_line' id='line_1_71' title="bbox 2048 2583 3702 2654; baseline 0.001 -16"><span class='ocrx_word' id='word_1_496' title='bbox 2048 2584 2203 2641; x_wconf 88' lang='lat' dir='ltr'>victo</span> <span class='ocrx_word' id='word_1_497' title='bbox 2235 2584 2401 2641; x_wconf 91' lang='lat' dir='ltr'>famis</span> <span class='ocrx_word' id='word_1_498' title='bbox 2428 2584 2701 2654; x_wconf 92' lang='lat' dir='ltr'>dominio,</span> <span class='ocrx_word' id='word_1_499' title='bbox 2730 2598 2831 2641; x_wconf 91' lang='lat' dir='ltr'>sua</span> <span class='ocrx_word' id='word_1_500' title='bbox 2858 2584 2966 2638; x_wconf 88' lang='lat' dir='ltr'>sibi</span> <span class='ocrx_word' id='word_1_501' title='bbox 3000 2599 3128 2640; x_wconf 93' lang='lat' dir='ltr'>cum</span> <span class='ocrx_word' id='word_1_502' title='bbox 3166 2584 3354 2653; x_wconf 88' lang='lat' dir='ltr'>gratia</span> <span class='ocrx_word' id='word_1_503' title='bbox 3389 2583 3702 2641; x_wconf 87' lang='lat' dir='ltr'>redderen-</span> 
     </span>
    </p>
   </div>
   <div class='ocr_carea' id='block_1_72' title="bbox 2048 2671 3699 2744">
    <p class='ocr_par' dir='ltr' id='par_1_72' title="bbox 2048 2671 3699 2744">
     <span class='ocr_line' id='line_1_72' title="bbox 2048 2671 3699 2744; baseline 0.001 -18"><span class='ocrx_word' id='word_1_504' title='bbox 2048 2678 2142 2729; x_wconf 89' lang='lat' dir='ltr'>tur</span> <span class='ocrx_word' id='word_1_505' title='bbox 2173 2687 2245 2728; x_wconf 86' lang='lat' dir='ltr'>ex</span> <span class='ocrx_word' id='word_1_506' title='bbox 2262 2687 2522 2729; x_wconf 90' lang='lat' dir='ltr'>numero.</span> <span class='ocrx_word' id='word_1_507' title='bbox 2550 2674 2653 2743; x_wconf 85' lang='lat' dir='ltr'>(In,</span> <span class='ocrx_word' id='word_1_508' title='bbox 2682 2674 2792 2744; x_wconf 76' lang='grc'>34.)</span> <span class='ocrx_word' id='word_1_509' title='bbox 2825 2671 2962 2739; x_wconf 65' lang='lat' dir='ltr'>Quae</span> <span class='ocrx_word' id='word_1_510' title='bbox 2988 2671 3249 2743; x_wconf 84' lang='lat' dir='ltr'>pontifex</span> <span class='ocrx_word' id='word_1_511' title='bbox 3274 2671 3570 2743; x_wconf 91' lang='lat' dir='ltr'>accipiens</span> <span class='ocrx_word' id='word_1_512' title='bbox 3591 2685 3699 2744; x_wconf 85' lang='lat' dir='ltr'>per</span> 
     </span>
    </p>
   </div>
   <div class='ocr_carea' id='block_1_73' title="bbox 2048 2760 3692 2832">
    <p class='ocr_par' dir='ltr' id='par_1_73' title="bbox 2048 2760 3692 2832">
     <span class='ocr_line' id='line_1_73' title="bbox 2048 2760 3692 2832; baseline 0.001 -16"><span class='ocrx_word' id='word_1_513' title='bbox 2048 2763 2204 2818; x_wconf 90' lang='lat' dir='ltr'>cives</span> <span class='ocrx_word' id='word_1_514' title='bbox 2221 2776 2361 2818; x_wconf 89' lang='lat' dir='ltr'>suos</span> <span class='ocrx_word' id='word_1_515' title='bbox 2380 2762 2663 2831; x_wconf 87' lang='lat' dir='ltr'>erogavit,</span> <span class='ocrx_word' id='word_1_516' title='bbox 2684 2760 2834 2817; x_wconf 91' lang='lat' dir='ltr'>unde</span> <span class='ocrx_word' id='word_1_517' title='bbox 2854 2766 2908 2816; x_wconf 90' lang='lat' dir='ltr'>ct</span> <span class='ocrx_word' id='word_1_518' title='bbox 2927 2761 3323 2831; x_wconf 81' lang='lat' dir='ltr'>negotiatores</span> <span class='ocrx_word' id='word_1_519' title='bbox 3344 2761 3478 2816; x_wconf 90' lang='lat' dir='ltr'>facti</span> <span class='ocrx_word' id='word_1_520' title='bbox 3506 2774 3692 2832; x_wconf 88' lang='lat' dir='ltr'>usque</span> 
     </span>
    </p>
   </div>
   <div class='ocr_carea' id='block_1_74' title="bbox 2050 2848 3696 2920">
    <p class='ocr_par' dir='ltr' id='par_1_74' title="bbox 2050 2848 3696 2920">
     <span class='ocr_line' id='line_1_74' title="bbox 2050 2848 3696 2920; baseline 0 -15"><span class='ocrx_word' id='word_1_521' title='bbox 2050 2850 2217 2906; x_wconf 90' lang='lat' dir='ltr'>hodie</span> <span class='ocrx_word' id='word_1_522' title='bbox 2257 2850 2399 2906; x_wconf 89' lang='lat' dir='ltr'>clari</span> <span class='ocrx_word' id='word_1_523' title='bbox 2431 2850 2736 2906; x_wconf 91' lang='lat' dir='ltr'>habentur.</span> <span class='ocrx_word' id='word_1_524' title='bbox 2776 2850 3031 2920; x_wconf 89' lang='lat' dir='ltr'>Cumque</span> <span class='ocrx_word' id='word_1_525' title='bbox 3062 2849 3168 2905; x_wconf 92' lang='lat' dir='ltr'>hoc</span> <span class='ocrx_word' id='word_1_526' title='bbox 3201 2848 3413 2905; x_wconf 90' lang='lat' dir='ltr'>solatio</span> <span class='ocrx_word' id='word_1_527' title='bbox 3447 2849 3603 2905; x_wconf 91' lang='lat' dir='ltr'>docti</span> <span class='ocrx_word' id='word_1_528' title='bbox 3637 2849 3696 2905; x_wconf 90' lang='lat' dir='ltr'>in</span> 
     </span>
    </p>
   </div>
   <div class='ocr_carea' id='block_1_75' title="bbox 2052 2936 3696 3010">
    <p class='ocr_par' dir='ltr' id='par_1_75' title="bbox 2052 2936 3696 3010">
     <span class='ocr_line' id='line_1_75' title="bbox 2052 2936 3696 3010; baseline 0.001 -16"><span class='ocrx_word' id='word_1_529' title='bbox 2052 2938 2255 2995; x_wconf 90' lang='lat' dir='ltr'>melius</span> <span class='ocrx_word' id='word_1_530' title='bbox 2287 2939 2688 3010; x_wconf 87' lang='lat' dir='ltr'>experimento</span> <span class='ocrx_word' id='word_1_531' title='bbox 2720 2936 2964 3010; x_wconf 90' lang='lat' dir='ltr'>periculi</span> <span class='ocrx_word' id='word_1_532' title='bbox 3000 2938 3430 2994; x_wconf 79' lang='lat' dir='ltr'>mediocritatis</span> <span class='ocrx_word' id='word_1_533' title='bbox 3461 2939 3696 3009; x_wconf 72' lang='lat' dir='ltr'>optimae</span> 
     </span>
    </p>
   </div>
   <div class='ocr_carea' id='block_1_76' title="bbox 2050 3026 3696 3099">
    <p class='ocr_par' dir='ltr' id='par_1_76' title="bbox 2050 3026 3696 3099">
     <span class='ocr_line' id='line_1_76' title="bbox 2050 3026 3696 3099; baseline -0.001 -15"><span class='ocrx_word' id='word_1_534' title='bbox 2050 3028 2296 3084; x_wconf 88' lang='lat' dir='ltr'>scientia</span> <span class='ocrx_word' id='word_1_535' title='bbox 2321 3028 2725 3099; x_wconf 90' lang='lat' dir='ltr'>profecissent,</span> <span class='ocrx_word' id='word_1_536' title='bbox 2752 3035 2809 3083; x_wconf 90' lang='lat' dir='ltr'>et</span> <span class='ocrx_word' id='word_1_537' title='bbox 2828 3026 3035 3098; x_wconf 89' lang='lat' dir='ltr'>procul</span> <span class='ocrx_word' id='word_1_538' title='bbox 3056 3027 3355 3097; x_wconf 87' lang='lat' dir='ltr'>respicere</span> <span class='ocrx_word' id='word_1_539' title='bbox 3371 3026 3696 3098; x_wconf 88' lang='lat' dir='ltr'>proximum</span> 
     </span>
    </p>
   </div>
   <div class='ocr_carea' id='block_1_77' title="bbox 2051 3115 3701 3187">
    <p class='ocr_par' dir='ltr' id='par_1_77' title="bbox 2051 3115 3701 3187">
     <span class='ocr_line' id='line_1_77' title="bbox 2051 3115 3701 3187; baseline -0.001 -15"><span class='ocrx_word' id='word_1_540' title='bbox 2051 3118 2263 3174; x_wconf 90' lang='lat' dir='ltr'>bonum</span> <span class='ocrx_word' id='word_1_541' title='bbox 2287 3130 2415 3172; x_wconf 90' lang='lat' dir='ltr'>esse</span> <span class='ocrx_word' id='word_1_542' title='bbox 2438 3115 2809 3185; x_wconf 88' lang='lat' dir='ltr'>didicissent,</span> <span class='ocrx_word' id='word_1_543' title='bbox 2832 3116 3133 3187; x_wconf 88' lang='lat' dir='ltr'>pecuniam</span> <span class='ocrx_word' id='word_1_544' title='bbox 3158 3115 3433 3172; x_wconf 87' lang='lat' dir='ltr'>alacriter</span> <span class='ocrx_word' id='word_1_545' title='bbox 3456 3115 3701 3172; x_wconf 89' lang='lat' dir='ltr'>recolle-</span> 
     </span>
    </p>
   </div>
   <div class='ocr_carea' id='block_1_78' title="bbox 2049 3203 3695 3275">
    <p class='ocr_par' dir='ltr' id='par_1_78' title="bbox 2049 3203 3695 3275">
     <span class='ocr_line' id='line_1_78' title="bbox 2049 3203 3695 3275; baseline -0.001 -14"><span class='ocrx_word' id='word_1_546' title='bbox 2049 3210 2279 3275; x_wconf 85' lang='lat' dir='ltr'>gerunt,</span> <span class='ocrx_word' id='word_1_547' title='bbox 2316 3209 2374 3259; x_wconf 91' lang='lat' dir='ltr'>et</span> <span class='ocrx_word' id='word_1_548' title='bbox 2406 3205 2684 3275; x_wconf 91' lang='lat' dir='ltr'>episcopo</span> <span class='ocrx_word' id='word_1_549' title='bbox 2732 3220 2951 3275; x_wconf 75' lang='lat' dir='ltr'>magnae</span> <span class='ocrx_word' id='word_1_550' title='bbox 2985 3204 3189 3274; x_wconf 75' lang='lat' dir='ltr'>gratiae</span> <span class='ocrx_word' id='word_1_551' title='bbox 3222 3203 3543 3261; x_wconf 88' lang='lat' dir='ltr'>mediatore</span> <span class='ocrx_word' id='word_1_552' title='bbox 3573 3205 3695 3274; x_wconf 90' lang='lat' dir='ltr'>regi</span> 
     </span>
    </p>
   </div>
   <div class='ocr_carea' id='block_1_79' title="bbox 2050 3292 3701 3364">
    <p class='ocr_par' dir='ltr' id='par_1_79' title="bbox 2050 3292 3701 3364">
     <span class='ocr_line' id='line_1_79' title="bbox 2050 3292 3701 3364; baseline 0 -15"><span class='ocrx_word' id='word_1_553' title='bbox 2050 3309 2178 3350; x_wconf 90' lang='lat' dir='ltr'>cum</span> <span class='ocrx_word' id='word_1_554' title='bbox 2202 3294 2748 3363; x_wconf 86' lang='lat' dir='ltr'>votivisgratiarum</span> <span class='ocrx_word' id='word_1_555' title='bbox 2771 3294 3078 3364; x_wconf 63' lang='lat' dir='ltr'>praeconiis</span> <span class='ocrx_word' id='word_1_556' title='bbox 3105 3292 3467 3348; x_wconf 83' lang='lat' dir='ltr'>obtulerunt.</span> <span class='ocrx_word' id='word_1_557' title='bbox 3495 3294 3614 3348; x_wconf 82' lang='lat' dir='ltr'>Rex</span> <span class='ocrx_word' id='word_1_558' title='bbox 3632 3299 3701 3349; x_wconf 83' lang='lat' dir='ltr'>ut</span> 
     </span>
    </p>
   </div>
   <div class='ocr_carea' id='block_1_80' title="bbox 2050 3381 3697 3451">
    <p class='ocr_par' dir='ltr' id='par_1_80' title="bbox 2050 3381 3697 3451">
     <span class='ocr_line' id='line_1_80' title="bbox 2050 3381 3697 3451; baseline -0.001 -13"><span class='ocrx_word' id='word_1_559' title='bbox 2050 3383 2305 3438; x_wconf 90' lang='lat' dir='ltr'>advertit</span> <span class='ocrx_word' id='word_1_560' title='bbox 2341 3382 2825 3451; x_wconf 85' lang='lat' dir='ltr'>sublevationem,</span> <span class='ocrx_word' id='word_1_561' title='bbox 2860 3381 3006 3437; x_wconf 89' lang='lat' dir='ltr'>vidit</span> <span class='ocrx_word' id='word_1_562' title='bbox 3039 3381 3187 3437; x_wconf 62' lang='lat' dir='ltr'>laetae</span> <span class='ocrx_word' id='word_1_563' title='bbox 3220 3381 3549 3437; x_wconf 91' lang='lat' dir='ltr'>devotionis</span> <span class='ocrx_word' id='word_1_564' title='bbox 3582 3395 3697 3436; x_wconf 89' lang='lat' dir='ltr'>ma-</span> 
     </span>
    </p>
   </div>
   <div class='ocr_carea' id='block_1_81' title="bbox 2048 3470 3700 3541">
    <p class='ocr_par' dir='ltr' id='par_1_81' title="bbox 2048 3470 3700 3541">
     <span class='ocr_line' id='line_1_81' title="bbox 2048 3470 3700 3541; baseline -0.002 -14"><span class='ocrx_word' id='word_1_565' title='bbox 2048 3470 2509 3541; x_wconf 89' lang='lat' dir='ltr'>gnanimitatem,</span> <span class='ocrx_word' id='word_1_566' title='bbox 2536 3475 2595 3525; x_wconf 92' lang='lat' dir='ltr'>et</span> <span class='ocrx_word' id='word_1_567' title='bbox 2612 3470 2896 3540; x_wconf 87' lang='lat' dir='ltr'>colligens</span> <span class='ocrx_word' id='word_1_568' title='bbox 2917 3471 3135 3539; x_wconf 87' lang='lat' dir='ltr'>regium</span> <span class='ocrx_word' id='word_1_569' title='bbox 3162 3475 3221 3525; x_wconf 90' lang='lat' dir='ltr'>et</span> <span class='ocrx_word' id='word_1_570' title='bbox 3239 3470 3495 3541; x_wconf 67' lang='lat' dir='ltr'>pecuniae</span> <span class='ocrx_word' id='word_1_571' title='bbox 3519 3470 3700 3526; x_wconf 89' lang='lat' dir='ltr'>domi-</span> 
     </span>
    </p>
   </div>
   <div class='ocr_carea' id='block_1_82' title="bbox 2049 3559 3697 3631">
    <p class='ocr_par' dir='ltr' id='par_1_82' title="bbox 2049 3559 3697 3631">
     <span class='ocr_line' id='line_1_82' title="bbox 2049 3559 3697 3631; baseline -0.001 -16"><span class='ocrx_word' id='word_1_572' title='bbox 2049 3564 2281 3615; x_wconf 88' lang='lat' dir='ltr'>nantem</span> <span class='ocrx_word' id='word_1_573' title='bbox 2312 3560 2563 3614; x_wconf 91' lang='lat' dir='ltr'>animum</span> <span class='ocrx_word' id='word_1_574' title='bbox 2612 3559 2856 3615; x_wconf 89' lang='lat' dir='ltr'>indulsit</span> <span class='ocrx_word' id='word_1_575' title='bbox 2884 3559 2989 3629; x_wconf 89' lang='lat' dir='ltr'>eis,</span> <span class='ocrx_word' id='word_1_576' title='bbox 3043 3559 3113 3615; x_wconf 88' lang='lat' dir='ltr'>ad</span> <span class='ocrx_word' id='word_1_577' title='bbox 3149 3563 3569 3631; x_wconf 87' lang='lat' dir='ltr'>praepotentem</span> <span class='ocrx_word' id='word_1_578' title='bbox 3600 3573 3697 3615; x_wconf 88' lang='lat' dir='ltr'>cu-</span> 
     </span>
    </p>
   </div>
   <div class='ocr_carea' id='block_1_83' title="bbox 2052 3646 3693 3716">
    <p class='ocr_par' dir='ltr' id='par_1_83' title="bbox 2052 3646 3693 3716">
     <span class='ocr_line' id='line_1_83' title="bbox 2052 3646 3693 3716; baseline -0.001 -13"><span class='ocrx_word' id='word_1_579' title='bbox 2052 3646 2266 3703; x_wconf 90' lang='lat' dir='ltr'>mulum</span> <span class='ocrx_word' id='word_1_580' title='bbox 2299 3646 2431 3702; x_wconf 87' lang='lat' dir='ltr'>honi</span> <span class='ocrx_word' id='word_1_581' title='bbox 2484 3647 2752 3716; x_wconf 92' lang='lat' dir='ltr'>nominis,</span> <span class='ocrx_word' id='word_1_582' title='bbox 2796 3652 2855 3703; x_wconf 89' lang='lat' dir='ltr'>et</span> <span class='ocrx_word' id='word_1_583' title='bbox 2878 3648 2948 3703; x_wconf 90' lang='lat' dir='ltr'>ad</span> <span class='ocrx_word' id='word_1_584' title='bbox 2975 3646 3310 3703; x_wconf 90' lang='lat' dir='ltr'>memoriam</span> <span class='ocrx_word' id='word_1_585' title='bbox 3346 3646 3693 3703; x_wconf 89' lang='lat' dir='ltr'>laudabilem</span> 
     </span>
    </p>
   </div>
   <div class='ocr_carea' id='block_1_84' title="bbox 2051 3736 3695 3807">
    <p class='ocr_par' dir='ltr' id='par_1_84' title="bbox 2051 3736 3695 3807">
     <span class='ocr_line' id='line_1_84' title="bbox 2051 3736 3695 3807; baseline 0 -17"><span class='ocrx_word' id='word_1_586' title='bbox 2051 3740 2189 3791; x_wconf 90' lang='lat' dir='ltr'>tunc</span> <span class='ocrx_word' id='word_1_587' title='bbox 2212 3736 2519 3806; x_wconf 74' lang='lat' dir='ltr'>praesentis</span> <span class='ocrx_word' id='word_1_588' title='bbox 2544 3738 2601 3789; x_wconf 91' lang='lat' dir='ltr'>et</span> <span class='ocrx_word' id='word_1_589' title='bbox 2621 3736 2829 3792; x_wconf 73' lang='lat' dir='ltr'>futurae</span> <span class='ocrx_word' id='word_1_590' title='bbox 2850 3736 3269 3806; x_wconf 86' lang='lat' dir='ltr'>generationis.</span> <span class='ocrx_word' id='word_1_591' title='bbox 3300 3736 3403 3804; x_wconf 78' lang='grc' dir='ltr'>(ιη,</span> <span class='ocrx_word' id='word_1_592' title='bbox 3433 3737 3545 3807; x_wconf 71' lang='grc'>35.)</span> <span class='ocrx_word' id='word_1_593' title='bbox 3565 3736 3695 3805; x_wconf 81' lang='lat' dir='ltr'>Sya-</span> 
     </span>
    </p>
   </div>
   <div class='ocr_carea' id='block_1_85' title="bbox 2050 3823 3692 3896">
    <p class='ocr_par' dir='ltr' id='par_1_85' title="bbox 2050 3823 3692 3896">
     <span class='ocr_line' id='line_1_85' title="bbox 2050 3823 3692 3896; baseline 0.001 -17"><span class='ocrx_word' id='word_1_594' title='bbox 2050 3823 2213 3893; x_wconf 88' lang='lat' dir='ltr'>grius</span> <span class='ocrx_word' id='word_1_595' title='bbox 2238 3828 2449 3893; x_wconf 88' lang='lat' dir='ltr'>autem,</span> <span class='ocrx_word' id='word_1_596' title='bbox 2477 3824 2799 3879; x_wconf 88' lang='lat' dir='ltr'>Desiderati</span> <span class='ocrx_word' id='word_1_597' title='bbox 2826 3824 3084 3896; x_wconf 90' lang='lat' dir='ltr'>episcopi</span> <span class='ocrx_word' id='word_1_598' title='bbox 3111 3823 3283 3894; x_wconf 88' lang='lat' dir='ltr'>ﬁlius,</span> <span class='ocrx_word' id='word_1_599' title='bbox 3307 3827 3436 3895; x_wconf 90' lang='lat' dir='ltr'>post</span> <span class='ocrx_word' id='word_1_600' title='bbox 3453 3835 3692 3880; x_wconf 84' lang='lat' dir='ltr'>mortem</span> 
     </span>
    </p>
   </div>
   <div class='ocr_carea' id='block_1_86' title="bbox 2048 3912 3694 3984">
    <p class='ocr_par' dir='ltr' id='par_1_86' title="bbox 2048 3912 3694 3984">
     <span class='ocr_line' id='line_1_86' title="bbox 2048 3912 3694 3984; baseline 0 -16"><span class='ocrx_word' id='word_1_601' title='bbox 2048 3912 2383 3968; x_wconf 89' lang='lat' dir='ltr'>Theoderici</span> <span class='ocrx_word' id='word_1_602' title='bbox 2410 3912 2789 3969; x_wconf 86' lang='lat' dir='ltr'>reminiscens</span> <span class='ocrx_word' id='word_1_603' title='bbox 2808 3913 3148 3982; x_wconf 88' lang='lat' dir='ltr'>injuriarum</span> <span class='ocrx_word' id='word_1_604' title='bbox 3167 3913 3373 3984; x_wconf 90' lang='lat' dir='ltr'>patris,</span> <span class='ocrx_word' id='word_1_605' title='bbox 3403 3926 3545 3984; x_wconf 89' lang='lat' dir='ltr'>quas</span> <span class='ocrx_word' id='word_1_606' title='bbox 3565 3926 3694 3984; x_wconf 88' lang='lat' dir='ltr'>pas-</span> 
     </span>
    </p>
   </div>
   <div class='ocr_carea' id='block_1_87' title="bbox 2050 4001 3694 4071">
    <p class='ocr_par' dir='ltr' id='par_1_87' title="bbox 2050 4001 3694 4071">
     <span class='ocr_line' id='line_1_87' title="bbox 2050 4001 3694 4071; baseline -0.001 -14"><span class='ocrx_word' id='word_1_607' title='bbox 2050 4016 2152 4058; x_wconf 90' lang='lat' dir='ltr'>sus</span> <span class='ocrx_word' id='word_1_608' title='bbox 2182 4006 2273 4057; x_wconf 92' lang='lat' dir='ltr'>est</span> <span class='ocrx_word' id='word_1_609' title='bbox 2309 4016 2338 4056; x_wconf 88' lang='lat' dir='ltr'>a</span> <span class='ocrx_word' id='word_1_610' title='bbox 2362 4001 2720 4058; x_wconf 90' lang='lat' dir='ltr'>&#39;lheodorieo</span> <span class='ocrx_word' id='word_1_611' title='bbox 2752 4002 3066 4071; x_wconf 86' lang='lat' dir='ltr'>instigante</span> <span class='ocrx_word' id='word_1_612' title='bbox 3095 4008 3153 4057; x_wconf 90' lang='lat' dir='ltr'>et</span> <span class='ocrx_word' id='word_1_613' title='bbox 3194 4006 3511 4059; x_wconf 88' lang='lat' dir='ltr'>accusante</span> <span class='ocrx_word' id='word_1_614' title='bbox 3545 4001 3694 4071; x_wconf 85' lang='lat' dir='ltr'>Syri-</span> 
     </span>
    </p>
   </div>
   <div class='ocr_carea' id='block_1_88' title="bbox 2049 4089 3692 4161">
    <p class='ocr_par' dir='ltr' id='par_1_88' title="bbox 2049 4089 3692 4161">
     <span class='ocr_line' id='line_1_88' title="bbox 2049 4089 3692 4161; baseline 0.001 -17"><span class='ocrx_word' id='word_1_615' title='bbox 2049 4089 2264 4160; x_wconf 86' lang='lat' dir='ltr'>waldo,</span> <span class='ocrx_word' id='word_1_616' title='bbox 2282 4091 2530 4161; x_wconf 90' lang='lat' dir='ltr'>sumptis</span> <span class='ocrx_word' id='word_1_617' title='bbox 2546 4090 2861 4147; x_wconf 88' lang='lat' dir='ltr'>comitibus</span> <span class='ocrx_word' id='word_1_618' title='bbox 2877 4091 3034 4146; x_wconf 90' lang='lat' dir='ltr'>venit</span> <span class='ocrx_word' id='word_1_619' title='bbox 3053 4090 3123 4146; x_wconf 94' lang='lat' dir='ltr'>ad</span> <span class='ocrx_word' id='word_1_620' title='bbox 3150 4090 3345 4147; x_wconf 90' lang='lat' dir='ltr'>villam</span> <span class='ocrx_word' id='word_1_621' title='bbox 3371 4089 3692 4161; x_wconf 89' lang='lat' dir='ltr'>proprieta-</span> 
     </span>
    </p>
   </div>
   <div class='ocr_carea' id='block_1_89' title="bbox 2050 4178 3689 4249">
    <p class='ocr_par' dir='ltr' id='par_1_89' title="bbox 2050 4178 3689 4249">
     <span class='ocr_line' id='line_1_89' title="bbox 2050 4178 3689 4249; baseline 0.001 -16"><span class='ocrx_word' id='word_1_622' title='bbox 2050 4178 2127 4234; x_wconf 87' lang='lat' dir='ltr'>tis</span> <span class='ocrx_word' id='word_1_623' title='bbox 2157 4178 2284 4247; x_wconf 90' lang='lat' dir='ltr'>ejus</span> <span class='ocrx_word' id='word_1_624' title='bbox 2308 4179 2362 4233; x_wconf 91' lang='lat' dir='ltr'>in</span> <span class='ocrx_word' id='word_1_625' title='bbox 2387 4179 2717 4235; x_wconf 91' lang='lat' dir='ltr'>Divionensi</span> <span class='ocrx_word' id='word_1_626' title='bbox 2747 4179 3054 4235; x_wconf 89' lang='lat' dir='ltr'>territorio</span> <span class='ocrx_word' id='word_1_627' title='bbox 3076 4179 3273 4249; x_wconf 89' lang='lat' dir='ltr'>sitam,</span> <span class='ocrx_word' id='word_1_628' title='bbox 3300 4178 3466 4249; x_wconf 84' lang='lat' dir='ltr'>cuius</span> <span class='ocrx_word' id='word_1_629' title='bbox 3490 4192 3689 4235; x_wconf 88' lang='lat' dir='ltr'>nomen</span> 
     </span>
    </p>
   </div>
   <div class='ocr_carea' id='block_1_90' title="bbox 2050 4266 3688 4339">
    <p class='ocr_par' dir='ltr' id='par_1_90' title="bbox 2050 4266 3688 4339">
     <span class='ocr_line' id='line_1_90' title="bbox 2050 4266 3688 4339; baseline -0.001 -15"><span class='ocrx_word' id='word_1_630' title='bbox 2050 4267 2366 4335; x_wconf 86' lang='lat' dir='ltr'>Floriacus,</span> <span class='ocrx_word' id='word_1_631' title='bbox 2383 4272 2438 4322; x_wconf 90' lang='lat' dir='ltr'>et</span> <span class='ocrx_word' id='word_1_632' title='bbox 2457 4281 2619 4324; x_wconf 90' lang='lat' dir='ltr'>mane</span> <span class='ocrx_word' id='word_1_633' title='bbox 2639 4269 2808 4337; x_wconf 89' lang='lat' dir='ltr'>facto,</span> <span class='ocrx_word' id='word_1_634' title='bbox 2826 4282 2955 4325; x_wconf 89' lang='lat' dir='ltr'>cum</span> <span class='ocrx_word' id='word_1_635' title='bbox 2971 4272 3127 4324; x_wconf 90' lang='lat' dir='ltr'>esset</span> <span class='ocrx_word' id='word_1_636' title='bbox 3145 4267 3352 4324; x_wconf 88' lang='lat' dir='ltr'>nebula</span> <span class='ocrx_word' id='word_1_637' title='bbox 3377 4266 3688 4339; x_wconf 86' lang='lat' dir='ltr'>condensa,</span> 
     </span>
    </p>
   </div>
   <div class='ocr_carea' id='block_1_91' title="bbox 2050 4355 3684 4427">
    <p class='ocr_par' dir='ltr' id='par_1_91' title="bbox 2050 4355 3684 4427">
     <span class='ocr_line' id='line_1_91' title="bbox 2050 4355 3684 4427; baseline -0.001 -15"><span class='ocrx_word' id='word_1_638' title='bbox 2050 4356 2280 4413; x_wconf 89' lang='lat' dir='ltr'>domum</span> <span class='ocrx_word' id='word_1_639' title='bbox 2301 4355 2569 4427; x_wconf 88' lang='lat' dir='ltr'>ingressi,</span> <span class='ocrx_word' id='word_1_640' title='bbox 2591 4371 2763 4413; x_wconf 93' lang='lat' dir='ltr'>unum</span> <span class='ocrx_word' id='word_1_641' title='bbox 2777 4356 3093 4413; x_wconf 90' lang='lat' dir='ltr'>amicorum</span> <span class='ocrx_word' id='word_1_642' title='bbox 3108 4356 3684 4427; x_wconf 89' lang='lat' dir='ltr'>ejusinterfecerunt,</span> 
     </span>
    </p>
   </div>
   <div class='ocr_carea' id='block_1_92' title="bbox 2053 4444 3691 4518">
    <p class='ocr_par' dir='ltr' id='par_1_92' title="bbox 2053 4444 3691 4518">
     <span class='ocr_line' id='line_1_92' title="bbox 2053 4444 3691 4518; baseline 0.001 -18"><span class='ocrx_word' id='word_1_643' title='bbox 2053 4448 2326 4518; x_wconf 90' lang='lat' dir='ltr'>putantes</span> <span class='ocrx_word' id='word_1_644' title='bbox 2358 4444 2547 4517; x_wconf 90' lang='lat' dir='ltr'>ipsum</span> <span class='ocrx_word' id='word_1_645' title='bbox 2579 4460 2710 4502; x_wconf 88' lang='lat' dir='ltr'>esse</span> <span class='ocrx_word' id='word_1_646' title='bbox 2740 4444 3146 4517; x_wconf 89' lang='lat' dir='ltr'>Syriwaldum.</span> <span class='ocrx_word' id='word_1_647' title='bbox 3184 4444 3292 4503; x_wconf 89' lang='lat' dir='ltr'>Sed</span> <span class='ocrx_word' id='word_1_648' title='bbox 3324 4459 3455 4502; x_wconf 87' lang='lat' dir='ltr'>cum</span> <span class='ocrx_word' id='word_1_649' title='bbox 3483 4458 3691 4513; x_wconf 81' lang='lat' dir='ltr'>cogno-</span> 
     </span>
    </p>
   </div>
   <div class='ocr_carea' id='block_1_93' title="bbox 2052 4533 3691 4606">
    <p class='ocr_par' dir='ltr' id='par_1_93' title="bbox 2052 4533 3691 4606">
     <span class='ocr_line' id='line_1_93' title="bbox 2052 4533 3691 4606; baseline 0.001 -18"><span class='ocrx_word' id='word_1_650' title='bbox 2052 4533 2276 4590; x_wconf 90' lang='lat' dir='ltr'>vissent</span> <span class='ocrx_word' id='word_1_651' title='bbox 2305 4533 2495 4606; x_wconf 89' lang='lat' dir='ltr'>ipsum</span> <span class='ocrx_word' id='word_1_652' title='bbox 2528 4549 2641 4590; x_wconf 91' lang='lat' dir='ltr'>non</span> <span class='ocrx_word' id='word_1_653' title='bbox 2702 4534 2901 4603; x_wconf 91' lang='lat' dir='ltr'>fuisse,</span> <span class='ocrx_word' id='word_1_654' title='bbox 2934 4534 3149 4590; x_wconf 87' lang='lat' dir='ltr'>iterato</span> <span class='ocrx_word' id='word_1_655' title='bbox 3182 4534 3414 4590; x_wconf 90' lang='lat' dir='ltr'>domum</span> <span class='ocrx_word' id='word_1_656' title='bbox 3455 4533 3691 4589; x_wconf 84' lang='lat' dir='ltr'>circum~</span> 
     </span>
    </p>
   </div>
   <div class='ocr_carea' id='block_1_94' title="bbox 298 4609 3687 4696">
    <p class='ocr_par' dir='ltr' id='par_1_94' title="bbox 298 4609 3687 4696">
     <span class='ocr_line' id='line_1_94' title="bbox 298 4609 3687 4696; baseline -0.001 -15"><span class='ocrx_word' id='word_1_657' title='bbox 298 4627 556 4691; x_wconf 90' lang='lat' dir='ltr'>cumjam</span> <span class='ocrx_word' id='word_1_658' title='bbox 582 4626 831 4696; x_wconf 92' lang='lat' dir='ltr'>populus</span> <span class='ocrx_word' id='word_1_659' title='bbox 854 4625 1237 4691; x_wconf 88' lang='lat' dir='ltr'>dilaberetur,</span> <span class='ocrx_word' id='word_1_660' title='bbox 1265 4629 1322 4680; x_wconf 90' lang='lat' dir='ltr'>et</span> <span class='ocrx_word' id='word_1_661' title='bbox 1355 4624 1565 4680; x_wconf 81' lang='lat' dir='ltr'>civitas</span> <span class='ocrx_word' id='word_1_662' title='bbox 1590 4625 1746 4694; x_wconf 90' lang='lat' dir='ltr'>quasi</span> <span class='ocrx_word' id='word_1_663' title='bbox 1772 4625 1824 4679; x_wconf 92' lang='lat' dir='ltr'>in</span> <span class='ocrx_word' id='word_1_664' title='bbox 1851 4640 1941 4680; x_wconf 83' lang='lat' dir='ltr'>so-</span> <span class='ocrx_word' id='word_1_665' title='bbox 1967 4609 2023 4674; x_wconf 90' lang='lat' dir='ltr'>D</span> <span class='ocrx_word' id='word_1_666' title='bbox 2052 4621 2276 4691; x_wconf 91' lang='lat' dir='ltr'>dantes,</span> <span class='ocrx_word' id='word_1_667' title='bbox 2309 4622 2523 4679; x_wconf 80' lang='lat' dir='ltr'>effosso</span> <span class='ocrx_word' id='word_1_668' title='bbox 2574 4623 2797 4694; x_wconf 88' lang='lat' dir='ltr'>pariete</span> <span class='ocrx_word' id='word_1_669' title='bbox 2849 4622 3272 4678; x_wconf 89' lang='lat' dir='ltr'>interfecerunt</span> <span class='ocrx_word' id='word_1_670' title='bbox 3302 4635 3453 4679; x_wconf 89' lang='lat' dir='ltr'>eum.</span> <span class='ocrx_word' id='word_1_671' title='bbox 3492 4622 3687 4678; x_wconf 84' lang='lat' dir='ltr'>Actum</span> 
     </span>
    </p>
   </div>
   <div class='ocr_carea' id='block_1_95' title="bbox 299 4711 1942 4783">
    <p class='ocr_par' dir='ltr' id='par_1_95' title="bbox 299 4711 1942 4783">
     <span class='ocr_line' id='line_1_95' title="bbox 299 4711 1942 4783; baseline 0.002 -18"><span class='ocrx_word' id='word_1_672' title='bbox 299 4711 600 4770; x_wconf 85' lang='lat' dir='ltr'>litudinem</span> <span class='ocrx_word' id='word_1_673' title='bbox 642 4714 1029 4782; x_wconf 88' lang='lat' dir='ltr'>redigeretur,</span> <span class='ocrx_word' id='word_1_674' title='bbox 1065 4712 1135 4768; x_wconf 91' lang='lat' dir='ltr'>ad</span> <span class='ocrx_word' id='word_1_675' title='bbox 1166 4728 1358 4783; x_wconf 85' lang='lat' dir='ltr'>regem</span> <span class='ocrx_word' id='word_1_676' title='bbox 1392 4727 1451 4769; x_wconf 90' lang='lat' dir='ltr'>se</span> <span class='ocrx_word' id='word_1_677' title='bbox 1475 4713 1744 4783; x_wconf 85' lang='lat' dir='ltr'>contulit,</span> <span class='ocrx_word' id='word_1_678' title='bbox 1774 4714 1942 4769; x_wconf 90' lang='lat' dir='ltr'>mise-</span> 
     </span>
    </p>
   </div>
   <div class='ocr_carea' id='block_1_96' title="bbox 298 4800 1943 4873">
    <p class='ocr_par' dir='ltr' id='par_1_96' title="bbox 298 4800 1943 4873">
     <span class='ocr_line' id='line_1_96' title="bbox 298 4800 1943 4873; baseline 0.001 -18"><span class='ocrx_word' id='word_1_679' title='bbox 298 4801 443 4858; x_wconf 89' lang='lat' dir='ltr'>riam</span> <span class='ocrx_word' id='word_1_680' title='bbox 461 4802 657 4873; x_wconf 90' lang='lat' dir='ltr'>populi</span> <span class='ocrx_word' id='word_1_681' title='bbox 674 4800 1104 4873; x_wconf 82' lang='lat' dir='ltr'>lacrymabilem</span> <span class='ocrx_word' id='word_1_682' title='bbox 1121 4800 1764 4872; x_wconf 89' lang='lat' dir='ltr'>deploravit,petitione</span> <span class='ocrx_word' id='word_1_683' title='bbox 1792 4802 1943 4857; x_wconf 88' lang='lat' dir='ltr'>beni-</span> 
     </span>
    </p>
   </div>
   <div class='ocr_carea' id='block_1_97' title="bbox 297 4888 1941 4959">
    <p class='ocr_par' dir='ltr' id='par_1_97' title="bbox 297 4888 1941 4959">
     <span class='ocr_line' id='line_1_97' title="bbox 297 4888 1941 4959; baseline 0 -14"><span class='ocrx_word' id='word_1_684' title='bbox 297 4905 404 4959; x_wconf 88' lang='lat' dir='ltr'>gna</span> <span class='ocrx_word' id='word_1_685' title='bbox 420 4890 673 4946; x_wconf 90' lang='lat' dir='ltr'>animum</span> <span class='ocrx_word' id='word_1_686' title='bbox 688 4889 911 4957; x_wconf 90' lang='lat' dir='ltr'>regium</span> <span class='ocrx_word' id='word_1_687' title='bbox 936 4888 1177 4957; x_wconf 85' lang='lat' dir='ltr'>inflexit,</span> <span class='ocrx_word' id='word_1_688' title='bbox 1204 4894 1269 4946; x_wconf 90' lang='lat' dir='ltr'>ut</span> <span class='ocrx_word' id='word_1_689' title='bbox 1293 4889 1362 4944; x_wconf 92' lang='lat' dir='ltr'>de</span> <span class='ocrx_word' id='word_1_690' title='bbox 1385 4889 1682 4946; x_wconf 87' lang='lat' dir='ltr'>thesauris</span> <span class='ocrx_word' id='word_1_691' title='bbox 1706 4890 1826 4947; x_wconf 91' lang='lat' dir='ltr'>suis</span> <span class='ocrx_word' id='word_1_692' title='bbox 1842 4890 1941 4945; x_wconf 91' lang='lat' dir='ltr'>mi-</span> 
     </span>
    </p>
   </div>
   <div class='ocr_carea' id='block_1_98' title="bbox 299 4976 1942 5049">
    <p class='ocr_par' dir='ltr' id='par_1_98' title="bbox 299 4976 1942 5049">
     <span class='ocr_line' id='line_1_98' title="bbox 299 4976 1942 5049; baseline 0 -16"><span class='ocrx_word' id='word_1_693' title='bbox 299 4991 502 5035; x_wconf 84' lang='lat' dir='ltr'>serans</span> <span class='ocrx_word' id='word_1_694' title='bbox 526 4976 845 5034; x_wconf 90' lang='lat' dir='ltr'>calamitati</span> <span class='ocrx_word' id='word_1_695' title='bbox 880 4976 1164 5043; x_wconf 88' lang='lat' dir='ltr'>obstaret,</span> <span class='ocrx_word' id='word_1_696' title='bbox 1197 4978 1736 5047; x_wconf 89' lang='lat' dir='ltr'>famemcohiberet,</span> <span class='ocrx_word' id='word_1_697' title='bbox 1765 4993 1942 5049; x_wconf 91' lang='lat' dir='ltr'>popu-</span> 
     </span>
    </p>
   </div>
   <div class='ocr_carea' id='block_1_99' title="bbox 300 5064 1939 5136">
    <p class='ocr_par' dir='ltr' id='par_1_99' title="bbox 300 5064 1939 5136">
     <span class='ocr_line' id='line_1_99' title="bbox 300 5064 1939 5136; baseline 0.001 -17"><span class='ocrx_word' id='word_1_698' title='bbox 300 5066 413 5121; x_wconf 91' lang='lat' dir='ltr'>lum</span> <span class='ocrx_word' id='word_1_699' title='bbox 441 5069 782 5136; x_wconf 89' lang='lat' dir='ltr'>pereuntem</span> <span class='ocrx_word' id='word_1_700' title='bbox 797 5064 1104 5127; x_wconf 83' lang='lat' dir='ltr'>retineret,</span> <span class='ocrx_word' id='word_1_701' title='bbox 1127 5069 1182 5118; x_wconf 91' lang='lat' dir='ltr'>et</span> <span class='ocrx_word' id='word_1_702' title='bbox 1199 5066 1559 5121; x_wconf 88' lang='lat' dir='ltr'>commodata</span> <span class='ocrx_word' id='word_1_703' title='bbox 1579 5081 1680 5136; x_wconf 88' lang='lat' dir='ltr'>per</span> <span class='ocrx_word' id='word_1_704' title='bbox 1692 5080 1793 5135; x_wconf 86' lang='lat' dir='ltr'>gra</span> <span class='ocrx_word' id='word_1_705' title='bbox 1806 5066 1939 5120; x_wconf 89' lang='lat' dir='ltr'>tiam</span> 
     </span>
    </p>
   </div>
   <div class='ocr_carea' id='block_1_100' title="bbox 301 5152 1941 5224">
    <p class='ocr_par' dir='ltr' id='par_1_100' title="bbox 301 5152 1941 5224">
     <span class='ocr_line' id='line_1_100' title="bbox 301 5152 1941 5224; baseline -0.001 -16"><span class='ocrx_word' id='word_1_706' title='bbox 301 5152 561 5222; x_wconf 88' lang='lat' dir='ltr'>periculo</span> <span class='ocrx_word' id='word_1_707' title='bbox 578 5169 641 5211; x_wconf 89' lang='lat' dir='ltr'>su</span> <span class='ocrx_word' id='word_1_708' title='bbox 655 5158 856 5224; x_wconf 88' lang='lat' dir='ltr'>perato</span> <span class='ocrx_word' id='word_1_709' title='bbox 872 5167 1001 5208; x_wconf 93' lang='lat' dir='ltr'>cum</span> <span class='ocrx_word' id='word_1_710' title='bbox 1016 5152 1204 5222; x_wconf 90' lang='lat' dir='ltr'>gratia</span> <span class='ocrx_word' id='word_1_711' title='bbox 1220 5152 1319 5207; x_wconf 89' lang='lat' dir='ltr'>Dei</span> <span class='ocrx_word' id='word_1_712' title='bbox 1337 5152 1743 5223; x_wconf 82' lang='lat' dir='ltr'>hominumque</span> <span class='ocrx_word' id='word_1_713' title='bbox 1759 5153 1941 5209; x_wconf 91' lang='lat' dir='ltr'>susci-</span> 
     </span>
    </p>
   </div>
   <div class='ocr_carea' id='block_1_101' title="bbox 302 5239 1941 5313">
    <p class='ocr_par' dir='ltr' id='par_1_101' title="bbox 302 5239 1941 5313">
     <span class='ocr_line' id='line_1_101' title="bbox 302 5239 1941 5313; baseline 0.001 -17"><span class='ocrx_word' id='word_1_714' title='bbox 302 5243 498 5310; x_wconf 79' lang='lat' dir='ltr'>peret,</span> <span class='ocrx_word' id='word_1_715' title='bbox 524 5240 627 5311; x_wconf 82' lang='lat' dir='ltr'>(in,</span> <span class='ocrx_word' id='word_1_716' title='bbox 662 5243 774 5313; x_wconf 85' lang='grc'>31.)</span> <span class='ocrx_word' id='word_1_717' title='bbox 807 5243 1127 5312; x_wconf 83' lang='lat' dir='ltr'>Acceperat</span> <span class='ocrx_word' id='word_1_718' title='bbox 1159 5239 1309 5295; x_wconf 90' lang='lat' dir='ltr'>enim</span> <span class='ocrx_word' id='word_1_719' title='bbox 1345 5254 1374 5295; x_wconf 90' lang='lat' dir='ltr'>a</span> <span class='ocrx_word' id='word_1_720' title='bbox 1415 5239 1719 5297; x_wconf 90' lang='lat' dir='ltr'>Theodado</span> <span class='ocrx_word' id='word_1_721' title='bbox 1748 5240 1941 5297; x_wconf 61' lang='lat' dir='ltr'>Italia;</span> 
     </span>
    </p>
   </div>
   <div class='ocr_carea' id='block_1_102' title="bbox 300 5328 1941 5401">
    <p class='ocr_par' dir='ltr' id='par_1_102' title="bbox 300 5328 1941 5401">
     <span class='ocr_line' id='line_1_102' title="bbox 300 5328 1941 5401; baseline 0.001 -18"><span class='ocrx_word' id='word_1_722' title='bbox 300 5342 458 5398; x_wconf 89' lang='lat' dir='ltr'>rege,</span> <span class='ocrx_word' id='word_1_723' title='bbox 486 5328 825 5386; x_wconf 86' lang='lat' dir='ltr'>Theuderici</span> <span class='ocrx_word' id='word_1_724' title='bbox 859 5342 1223 5399; x_wconf 89' lang='lat' dir='ltr'>successore,</span> <span class='ocrx_word' id='word_1_725' title='bbox 1249 5343 1379 5385; x_wconf 90' lang='lat' dir='ltr'>cum</span> <span class='ocrx_word' id='word_1_726' title='bbox 1411 5331 1621 5401; x_wconf 91' lang='lat' dir='ltr'>patruo</span> <span class='ocrx_word' id='word_1_727' title='bbox 1652 5343 1760 5386; x_wconf 91' lang='lat' dir='ltr'>suo</span> <span class='ocrx_word' id='word_1_728' title='bbox 1793 5329 1941 5386; x_wconf 90' lang='lat' dir='ltr'>Chil-</span> 
     </span>
    </p>
   </div>
   <div class='ocr_carea' id='block_1_103' title="bbox 302 5415 1941 5488">
    <p class='ocr_par' dir='ltr' id='par_1_103' title="bbox 302 5415 1941 5488">
     <span class='ocr_line' id='line_1_103' title="bbox 302 5415 1941 5488; baseline 0 -17"><span class='ocrx_word' id='word_1_729' title='bbox 302 5416 547 5473; x_wconf 88' lang='lat' dir='ltr'>deberto</span> <span class='ocrx_word' id='word_1_730' title='bbox 568 5416 985 5487; x_wconf 88' lang='lat' dir='ltr'>quinquaginta</span> <span class='ocrx_word' id='word_1_731' title='bbox 1011 5431 1322 5474; x_wconf 90' lang='lat' dir='ltr'>aureorum</span> <span class='ocrx_word' id='word_1_732' title='bbox 1353 5415 1505 5472; x_wconf 92' lang='lat' dir='ltr'>milia</span> <span class='ocrx_word' id='word_1_733' title='bbox 1527 5432 1635 5488; x_wconf 91' lang='lat' dir='ltr'>pro</span> <span class='ocrx_word' id='word_1_734' title='bbox 1657 5417 1941 5488; x_wconf 87' lang='lat' dir='ltr'>composi-</span> 
     </span>
    </p>
   </div>
   <div class='ocr_carea' id='block_1_104' title="bbox 2051 4709 3381 4782">
    <p class='ocr_par' dir='ltr' id='par_1_104' title="bbox 2051 4709 3381 4782">
     <span class='ocr_line' id='line_1_104' title="bbox 2051 4709 3381 4782; baseline -0.002 -15"><span class='ocrx_word' id='word_1_735' title='bbox 2051 4714 2139 4767; x_wconf 89' lang='lat' dir='ltr'>est</span> <span class='ocrx_word' id='word_1_736' title='bbox 2168 4711 2275 4768; x_wconf 89' lang='lat' dir='ltr'>hoc</span> <span class='ocrx_word' id='word_1_737' title='bbox 2304 4715 2434 4782; x_wconf 89' lang='lat' dir='ltr'>post</span> <span class='ocrx_word' id='word_1_738' title='bbox 2468 4714 2712 4767; x_wconf 92' lang='lat' dir='ltr'>mortem</span> <span class='ocrx_word' id='word_1_739' title='bbox 2744 4710 3070 4767; x_wconf 89' lang='lat' dir='ltr'>Desiderati</span> <span class='ocrx_word' id='word_1_740' title='bbox 3100 4709 3381 4782; x_wconf 90' lang='lat' dir='ltr'>episcopi.</span> 
     </span>
    </p>
   </div>
   <div class='ocr_carea' id='block_1_105' title="bbox 2125 4796 3684 4871">
    <p class='ocr_par' dir='ltr' id='par_1_105' title="bbox 2125 4796 3684 4871">
     <span class='ocr_line' id='line_1_105' title="bbox 2125 4796 3684 4871; baseline 0.001 -18"><span class='ocrx_word' id='word_1_741' title='bbox 2125 4800 2295 4867; x_wconf 74' lang='lat' dir='ltr'>(Vim</span> <span class='ocrx_word' id='word_1_742' title='bbox 2317 4800 2603 4871; x_wconf 71' lang='lat' dir='ltr'>Agerici.)</span> <span class='ocrx_word' id='word_1_743' title='bbox 2628 4801 2837 4855; x_wconf 90' lang='lat' dir='ltr'>Verum</span> <span class='ocrx_word' id='word_1_744' title='bbox 2866 4805 2926 4855; x_wconf 94' lang='lat' dir='ltr'>ut</span> <span class='ocrx_word' id='word_1_745' title='bbox 2948 4798 3018 4855; x_wconf 91' lang='lat' dir='ltr'>ad</span> <span class='ocrx_word' id='word_1_746' title='bbox 3041 4800 3344 4870; x_wconf 90' lang='lat' dir='ltr'>superiora</span> <span class='ocrx_word' id='word_1_747' title='bbox 3367 4796 3684 4866; x_wconf 83' lang='lat' dir='ltr'>redeamus,</span> 
     </span>
    </p>
   </div>
   <div class='ocr_carea' id='block_1_106' title="bbox 2051 4885 3687 4958">
    <p class='ocr_par' dir='ltr' id='par_1_106' title="bbox 2051 4885 3687 4958">
     <span class='ocr_line' id='line_1_106' title="bbox 2051 4885 3687 4958; baseline -0.001 -15"><span class='ocrx_word' id='word_1_748' title='bbox 2051 4893 2111 4943; x_wconf 90' lang='lat' dir='ltr'>et</span> <span class='ocrx_word' id='word_1_749' title='bbox 2140 4888 2598 4944; x_wconf 88' lang='lat' dir='ltr'>misericordiam</span> <span class='ocrx_word' id='word_1_750' title='bbox 2634 4888 2733 4944; x_wconf 90' lang='lat' dir='ltr'>Dei</span> <span class='ocrx_word' id='word_1_751' title='bbox 2768 4889 3005 4944; x_wconf 90' lang='lat' dir='ltr'>uberem</span> <span class='ocrx_word' id='word_1_752' title='bbox 3035 4902 3176 4958; x_wconf 82' lang='lat' dir='ltr'>erga</span> <span class='ocrx_word' id='word_1_753' title='bbox 3205 4901 3365 4944; x_wconf 90' lang='lat' dir='ltr'>suam</span> <span class='ocrx_word' id='word_1_754' title='bbox 3390 4885 3687 4957; x_wconf 85' lang='lat' dir='ltr'>imaginem</span> 
     </span>
    </p>
   </div>
   <div class='ocr_carea' id='block_1_107' title="bbox 2051 4974 3685 5047">
    <p class='ocr_par' dir='ltr' id='par_1_107' title="bbox 2051 4974 3685 5047">
     <span class='ocr_line' id='line_1_107' title="bbox 2051 4974 3685 5047; baseline -0.001 -16"><span class='ocrx_word' id='word_1_755' title='bbox 2051 4974 2328 5032; x_wconf 89' lang='lat' dir='ltr'>subtilius</span> <span class='ocrx_word' id='word_1_756' title='bbox 2346 4976 2704 5046; x_wconf 88' lang='lat' dir='ltr'>indagemus,</span> <span class='ocrx_word' id='word_1_757' title='bbox 2729 4974 3095 5047; x_wconf 88' lang='lat' dir='ltr'>providentia</span> <span class='ocrx_word' id='word_1_758' title='bbox 3131 4975 3327 5032; x_wconf 90' lang='lat' dir='ltr'>divina</span> <span class='ocrx_word' id='word_1_759' title='bbox 3348 4974 3685 5046; x_wconf 83' lang='lat' dir='ltr'>dispositum</span> 
     </span>
    </p>
   </div>
   <div class='ocr_carea' id='block_1_108' title="bbox 2050 5061 3685 5121">
    <p class='ocr_par' dir='ltr' id='par_1_108' title="bbox 2050 5061 3685 5121">
     <span class='ocr_line' id='line_1_108' title="bbox 2050 5061 3685 5121; baseline -0.001 -2"><span class='ocrx_word' id='word_1_760' title='bbox 2050 5064 2272 5121; x_wconf 90' lang='lat' dir='ltr'>habens</span> <span class='ocrx_word' id='word_1_761' title='bbox 2303 5063 2373 5119; x_wconf 92' lang='lat' dir='ltr'>de</span> <span class='ocrx_word' id='word_1_762' title='bbox 2405 5065 2562 5120; x_wconf 92' lang='lat' dir='ltr'>fonte</span> <span class='ocrx_word' id='word_1_763' title='bbox 2595 5063 3011 5121; x_wconf 52' lang='lat' dir='ltr'>misericordias</span> <span class='ocrx_word' id='word_1_764' title='bbox 3032 5064 3316 5121; x_wconf 71' lang='lat' dir='ltr'>tecclesize</span> <span class='ocrx_word' id='word_1_765' title='bbox 3352 5061 3685 5119; x_wconf 88' lang='lat' dir='ltr'>Virdunensi</span> 
     </span>
    </p>
   </div>
   <div class='ocr_carea' id='block_1_109' title="bbox 2052 5150 3685 5224">
    <p class='ocr_par' dir='ltr' id='par_1_109' title="bbox 2052 5150 3685 5224">
     <span class='ocr_line' id='line_1_109' title="bbox 2052 5150 3685 5224; baseline -0.001 -16"><span class='ocrx_word' id='word_1_766' title='bbox 2052 5166 2419 5222; x_wconf 88' lang='lat' dir='ltr'>succurrere,</span> <span class='ocrx_word' id='word_1_767' title='bbox 2441 5156 2498 5208; x_wconf 91' lang='lat' dir='ltr'>et</span> <span class='ocrx_word' id='word_1_768' title='bbox 2532 5153 2892 5224; x_wconf 89' lang='lat' dir='ltr'>supradictis</span> <span class='ocrx_word' id='word_1_769' title='bbox 2926 5151 3447 5210; x_wconf 88' lang='lat' dir='ltr'>innumerabilibus</span> <span class='ocrx_word' id='word_1_770' title='bbox 3463 5150 3685 5208; x_wconf 88' lang='lat' dir='ltr'>calami-</span> 
     </span>
    </p>
   </div>
   <div class='ocr_carea' id='block_1_110' title="bbox 2051 5239 3688 5313">
    <p class='ocr_par' dir='ltr' id='par_1_110' title="bbox 2051 5239 3688 5313">
     <span class='ocr_line' id='line_1_110' title="bbox 2051 5239 3688 5313; baseline -0.001 -17"><span class='ocrx_word' id='word_1_771' title='bbox 2051 5244 2235 5297; x_wconf 90' lang='lat' dir='ltr'>tatum</span> <span class='ocrx_word' id='word_1_772' title='bbox 2262 5240 2598 5298; x_wconf 89' lang='lat' dir='ltr'>infortuniis</span> <span class='ocrx_word' id='word_1_773' title='bbox 2619 5241 2976 5313; x_wconf 87' lang='lat' dir='ltr'>periclitanti</span> <span class='ocrx_word' id='word_1_774' title='bbox 3002 5256 3233 5300; x_wconf 88' lang='lat' dir='ltr'>manum</span> <span class='ocrx_word' id='word_1_775' title='bbox 3266 5239 3466 5298; x_wconf 88' lang='lat' dir='ltr'>auxilii</span> <span class='ocrx_word' id='word_1_776' title='bbox 3491 5239 3688 5297; x_wconf 87' lang='lat' dir='ltr'>subro-</span> 
     </span>
    </p>
   </div>
   <div class='ocr_carea' id='block_1_111' title="bbox 2048 5328 3688 5401">
    <p class='ocr_par' dir='ltr' id='par_1_111' title="bbox 2048 5328 3688 5401">
     <span class='ocr_line' id='line_1_111' title="bbox 2048 5328 3688 5401; baseline 0.001 -17"><span class='ocrx_word' id='word_1_777' title='bbox 2048 5343 2207 5400; x_wconf 86' lang='lat' dir='ltr'>gare,</span> <span class='ocrx_word' id='word_1_778' title='bbox 2240 5328 2333 5385; x_wconf 92' lang='lat' dir='ltr'>die</span> <span class='ocrx_word' id='word_1_779' title='bbox 2356 5333 2411 5386; x_wconf 92' lang='lat' dir='ltr'>et</span> <span class='ocrx_word' id='word_1_780' title='bbox 2440 5334 2700 5401; x_wconf 88' lang='lat' dir='ltr'>tempore</span> <span class='ocrx_word' id='word_1_781' title='bbox 2733 5345 2845 5401; x_wconf 91' lang='lat' dir='ltr'>quo</span> <span class='ocrx_word' id='word_1_782' title='bbox 2874 5331 3082 5401; x_wconf 88' lang='lat' dir='ltr'>voluit,</span> <span class='ocrx_word' id='word_1_783' title='bbox 3109 5330 3181 5388; x_wconf 89' lang='lat' dir='ltr'>de</span> <span class='ocrx_word' id='word_1_784' title='bbox 3205 5329 3492 5386; x_wconf 86' lang='lat' dir='ltr'>altissimo</span> <span class='ocrx_word' id='word_1_785' title='bbox 3518 5342 3582 5385; x_wconf 87' lang='lat' dir='ltr'>ac</span> <span class='ocrx_word' id='word_1_786' title='bbox 3605 5342 3688 5385; x_wconf 89' lang='lat' dir='ltr'>se-</span> 
     </span>
    </p>
   </div>
   <div class='ocr_carea' id='block_1_112' title="bbox 2052 5415 3688 5499">
    <p class='ocr_par' dir='ltr' id='par_1_112' title="bbox 2052 5415 3688 5499">
     <span class='ocr_line' id='line_1_112' title="bbox 2052 5415 3688 5499; baseline 0.001 -28"><span class='ocrx_word' id='word_1_787' title='bbox 2052 5415 2362 5473; x_wconf 90' lang='lat' dir='ltr'>renissimo</span> <span class='ocrx_word' id='word_1_788' title='bbox 2407 5417 2688 5499; x_wconf 75' lang='lat' dir='ltr'>bonitatis</span> <span class='ocrx_word' id='word_1_789' title='bbox 2723 5432 2841 5477; x_wconf 68' lang='lat' dir='ltr'>suae</span> <span class='ocrx_word' id='word_1_790' title='bbox 2875 5418 3141 5490; x_wconf 89' lang='lat' dir='ltr'>consilio,</span> <span class='ocrx_word' id='word_1_791' title='bbox 3176 5418 3325 5475; x_wconf 89' lang='lat' dir='ltr'>hanc</span> <span class='ocrx_word' id='word_1_792' title='bbox 3351 5417 3501 5473; x_wconf 90' lang='lat' dir='ltr'>viam</span> <span class='ocrx_word' id='word_1_793' title='bbox 3533 5430 3688 5472; x_wconf 68' lang='lat' dir='ltr'>nova}</span> 
     </span>
    </p>
   </div>
   <div class='ocr_carea' id='block_1_113' title="bbox 1886 5530 2107 5589">
    <p class='ocr_par' dir='ltr' id='par_1_113' title="bbox 1886 5530 2107 5589">
     <span class='ocr_line' id='line_1_113' title="bbox 1886 5530 2107 5589; baseline 0.005 -2"><span class='ocrx_word' id='word_1_794' title='bbox 1886 5530 2107 5589; x_wconf 69' lang='lat' dir='ltr'>NOTIE.</span> 
     </span>
    </p>
   </div>
   <div class='ocr_carea' id='block_1_114' title="bbox 375 5635 1941 5709">
    <p class='ocr_par' dir='ltr' id='par_1_114' title="bbox 375 5635 1941 5709">
     <span class='ocr_line' id='line_1_114' title="bbox 375 5635 1941 5709; baseline 0.002 -17"><span class='ocrx_word' id='word_1_795' title='bbox 375 5635 487 5709; x_wconf 81' lang='grc'>(43)</span> <span class='ocrx_word' id='word_1_796' title='bbox 522 5637 757 5709; x_wconf 82' lang='lat' dir='ltr'>Brevem</span> <span class='ocrx_word' id='word_1_797' title='bbox 780 5636 973 5709; x_wconf 66' lang='lat' dir='ltr'>Vitoni</span> <span class='ocrx_word' id='word_1_798' title='bbox 997 5637 1187 5709; x_wconf 71' lang='lat' dir='ltr'>Vitam</span> <span class='ocrx_word' id='word_1_799' title='bbox 1210 5652 1282 5693; x_wconf 90' lang='lat' dir='ltr'>ex</span> <span class='ocrx_word' id='word_1_800' title='bbox 1305 5636 1714 5708; x_wconf 88' lang='lat' dir='ltr'>antiquissimo</span> <span class='ocrx_word' id='word_1_801' title='bbox 1737 5638 1941 5695; x_wconf 91' lang='lat' dir='ltr'>codice</span> 
     </span>
    </p>
   </div>
   <div class='ocr_carea' id='block_1_115' title="bbox 298 5706 1935 5781">
    <p class='ocr_par' dir='ltr' id='par_1_115' title="bbox 298 5706 1935 5781">
     <span class='ocr_line' id='line_1_115' title="bbox 298 5706 1935 5781; baseline 0.002 -18"><span class='ocrx_word' id='word_1_802' title='bbox 298 5706 654 5778; x_wconf 77' lang='lat' dir='ltr'>TrajeCtensi</span> <span class='ocrx_word' id='word_1_803' title='bbox 717 5707 879 5765; x_wconf 88' lang='lat' dir='ltr'>dedit</span> <span class='ocrx_word' id='word_1_804' title='bbox 910 5707 1112 5765; x_wconf 89' lang='lat' dir='ltr'>Surius</span> <span class='ocrx_word' id='word_1_805' title='bbox 1168 5710 1292 5766; x_wconf 82' lang='lat' dir='ltr'>Act.</span> <span class='ocrx_word' id='word_1_806' title='bbox 1327 5706 1519 5778; x_wconf 31' lang='lat' dir='ltr'>SS.,‘t.</span> <span class='ocrx_word' id='word_1_807' title='bbox 1552 5709 1668 5779; x_wconf 86' lang='lat' dir='ltr'>Vll,</span> <span class='ocrx_word' id='word_1_808' title='bbox 1700 5723 1755 5781; x_wconf 90' lang='lat' dir='ltr'>p.</span> <span class='ocrx_word' id='word_1_809' title='bbox 1813 5712 1935 5780; x_wconf 75' lang='lat'>820,</span> 
     </span>
    </p>
   </div>
   <div class='ocr_carea' id='block_1_116' title="bbox 2049 5636 3689 5697">
    <p class='ocr_par' dir='ltr' id='par_1_116' title="bbox 2049 5636 3689 5697">
     <span class='ocr_line' id='line_1_116' title="bbox 2049 5636 3689 5697; baseline 0.002 -3"><span class='ocrx_word' id='word_1_810' title='bbox 2049 5636 2321 5695; x_wconf 84' lang='lat' dir='ltr'>Miracula</span> <span class='ocrx_word' id='word_1_811' title='bbox 2357 5642 2595 5696; x_wconf 87' lang='lat' dir='ltr'>auctore</span> <span class='ocrx_word' id='word_1_812' title='bbox 2628 5638 2877 5697; x_wconf 85' lang='lat' dir='ltr'>Rudolfo</span> <span class='ocrx_word' id='word_1_813' title='bbox 2909 5639 3121 5697; x_wconf 90' lang='lat' dir='ltr'>abbate</span> <span class='ocrx_word' id='word_1_814' title='bbox 3154 5642 3207 5697; x_wconf 94' lang='lat' dir='ltr'>S.</span> <span class='ocrx_word' id='word_1_815' title='bbox 3233 5638 3426 5697; x_wconf 88' lang='lat' dir='ltr'>Vitoni</span> <span class='ocrx_word' id='word_1_816' title='bbox 3458 5642 3689 5697; x_wconf 86' lang='lat' dir='ltr'>exstant</span> 
     </span>
    </p>
   </div>
   <div class='ocr_carea' id='block_1_117' title="bbox 2049 5708 3158 5783">
    <p class='ocr_par' dir='ltr' id='par_1_117' title="bbox 2049 5708 3158 5783">
     <span class='ocr_line' id='line_1_117' title="bbox 2049 5708 3158 5783; baseline 0 -16"><span class='ocrx_word' id='word_1_817' title='bbox 2049 5708 2322 5768; x_wconf 84' lang='lat' dir='ltr'>Mabillon</span> <span class='ocrx_word' id='word_1_818' title='bbox 2353 5713 2483 5769; x_wconf 88' lang='lat' dir='ltr'>Act.</span> <span class='ocrx_word' id='word_1_819' title='bbox 2522 5711 2614 5768; x_wconf 90' lang='lat' dir='ltr'>SS.</span> <span class='ocrx_word' id='word_1_820' title='bbox 2650 5711 2791 5769; x_wconf 73' lang='lat' dir='ltr'>Stec.</span> <span class='ocrx_word' id='word_1_821' title='bbox 2828 5711 2917 5781; x_wconf 78' lang='lat' dir='ltr'>VI,</span> <span class='ocrx_word' id='word_1_822' title='bbox 2943 5726 2999 5783; x_wconf 88' lang='lat' dir='ltr'>p.</span> <span class='ocrx_word' id='word_1_823' title='bbox 3036 5716 3158 5770; x_wconf 72' lang='lat'>565.</span> 
     </span>
    </p>
   </div>
  </div>
