3922 6402
168 385 301 451 117

1441 376 1941 455 CHRONICON.
1976 418 2053 432 —-
2079 383 2240 451 LIB.
2288 388 2335 451 Ι.

3480 386 3595 454 118

165 519 398 582 salutis
430 520 670 593 invenit,
698 525 759 580 ut
786 522 1051 595 angelum
1083 530 1348 586 sanctum
1382 526 1643 585 mitteret
1668 524 1737 580 de
1761 536 1832 579 ex
1861 513 1920 580 Α
1950 525 2144 581 tentes
2178 522 2246 580 ad
2282 522 2524 582 eandem
2555 536 2685 581 eum
2718 520 3040 583 aecclesiam
3082 519 3501 597 perduxerunt,
3536 527 3596 584 et

167 610 350 668 celso
375 611 652 669 caelorum
685 612 1036 685 habitaculo,
1073 616 1169 686 qui
1205 616 1546 688 parentibus
1579 617 1830 671 futuram

167 714 260 756 ex
299 700 703 758 misericordia
738 702 908 758 unius
940 705 1102 774 pueri
1137 706 1499 762 nativitatem
1534 704 1833 761 denuntia-

173 794 301 858 ret,
327 790 639 846 terminum
664 805 778 861 quo
804 791 860 847 id
886 792 1007 849 fieri
1028 794 1274 851 deberet
1292 795 1597 864 indiceret,
1624 803 1830 851 nomen

188 892 309 948 quo
338 884 685 935 censeretur
724 887 972 951 aptaret.
1020 883 1293 939 Nimirum
1327 889 1569 954 prOpter
1602 883 1831 939 nimiam

185 966 590 1037 dilectionem,
625 984 735 1038 qua
768 984 927 1026 suam
962 971 1015 1025 in
1051 972 1279 1028 homine
1325 972 1604 1042 diligebat
1639 972 1834 1041 imagi-

180 1068 341 1123 nem,
375 1055 679 1112 condoluit
728 1058 955 1114 miseris
998 1060 1340 1117 mortalibus
1367 1075 1543 1129 grave
1571 1062 1769 1131 jugum
1802 1074 1831 1115 a

183 1143 378 1213 primo
410 1148 577 1215 patre
621 1147 1015 1217 portantibus,
1049 1153 1107 1203 et
1139 1149 1393 1217 generali
1430 1149 1831 1205 misericordia

182 1231 470 1302 populum
493 1234 665 1303 hunc,
716 1249 884 1305 quem
919 1237 1258 1307 specialiter
1301 1243 1535 1308 peccata
1579 1238 1836 1293 obtrive-

181 1323 340 1389 rant,
376 1322 748 1377 restauravit.
784 1324 996 1393 Tetigit
1030 1326 1211 1396 prius,
1248 1332 1307 1382 et
1341 1326 1731 1393 conturbavit,
1768 1341 1839 1381 ac

180 1414 436 1479 paterno
466 1410 712 1469 verbere
748 1411 989 1469 livorem
1024 1414 1253 1483 inﬂixit,
1283 1420 1483 1486 postea
1512 1416 1831 1486 reSpiciens

178 1497 435 1553 mirabili
471 1499 728 1556 remedio
760 1502 1116 1572 percuravit.
1154 1504 1318 1560 Venit
1345 1520 1484 1574 ergo
1508 1504 1831 1560 consiliidi-

178 1584 304 1641 vini
331 1584 578 1657 legatus,
615 1589 859 1657 protulit
894 1590 1218 1661 imperium,
1258 1592 1645 1664 promulgavit
1678 1592 1832 1648 edic-

178 1676 330 1741 tum,
348 1678 408 1730 et
426 1675 719 1745 praeelecti
748 1678 908 1748 pueri
938 1688 1208 1749 parentes
1230 1681 1530 1751 alloquens
1555 1682 1832 1736 miseran-

180 1760 277 1817 dis
317 1761 547 1819 civibus
589 1780 769 1821 cornu
805 1766 1015 1823 salutis
1048 1770 1254 1825 erexit.
1297 1770 1444 1826 Post
1479 1770 1819 1831 triennium.

1948 629 2079 670 cum
2112 614 2324 683 gaudio
2347 619 2405 670 et
2426 614 2736 686 praeconiis
2757 614 2965 683 gratiae
2990 613 3131 670 inibi
3154 614 3412 670 ordinari
3445 614 3595 672 feceo

1948 708 2102 758 runt.
2141 704 2352 759 Omnes
2396 705 2589 760 autem
2632 704 2794 773 quasi
2842 718 2913 760 ex
2946 718 3060 759 uno
3092 717 3194 760 ore
3226 704 3589 760 cantabant:

1953 791 2240 848 Exultant
2254 792 2499 849 electum
2518 793 2587 848 de
2590 791 2762 863 plebe
2771 805 2903 848 mea
2920 810 2931 845 ε
2948 793 3071 848 oleo
3089 791 3292 850 sancto
3302 804 3427 847 meo
3439 794 3595 849 mi

1948 894 2077 936 eum
2100 881 2289 941 (Psal.
2323 896 2589 947 Lxxxvm,
2608 886 2721 950 20),
2750 881 2882 951 quia
2903 895 2932 936 a
2949 881 3178 936 Christo
3202 879 3443 936 Domino
3464 886 3590 938 erat

1946 969 2186 1032 electus,
2226 974 2285 1024 ut
2317 970 2447 1024 oleo
2490 969 2814 1040 spiritualis
2856 970 3061 1039 gratiae
3092 972 3245 1025 esset
3284 968 3585 1027 fovendus.

1948 1055 2086 1124 (Pol.
2107 1059 2217 1127 44.)
2235 1058 2490 1126 Contigit
2508 1058 2728 1113 interea
2744 1059 3145 1114 Desideratum
3160 1056 3390 1114 nomine
3405 1056 3593 1114 officio

1944 1161 2071 1202 cum
2095 1147 2212 1201 vita
2233 1148 2489 1215 defungi,
2507 1151 2564 1203 et
2586 1161 2985 1203 successorem
3012 1146 3282 1203 idoneum
3308 1146 3588 1203 cathedra

1943 1235 2208 1291 ecclesiae
2228 1236 2464 1292 viduata
2490 1236 2847 1307 requirebat.
2878 1236 2995 1291 Non
3016 1235 3259 1292 multum
3286 1234 3437 1306 quod
3461 1235 3593 1291 ade-

1948 1330 2035 1379 rat
2068 1324 2354 1393 queritur,
2392 1338 2493 1379 nec
2527 1324 2625 1380 diu
2678 1324 2969 1379 sententia
3007 1323 3211 1380 melior
3244 1322 3589 1393 ignorantia;

1946 1416 2117 1467 nocte
2140 1412 2425 1466 differtur.
2450 1412 2659 1468 Omnes
2676 1413 2729 1467 in
2749 1426 2919 1467 unum
2941 1416 3175 1481 coeunt,
3194 1427 3395 1469 omnes
3422 1412 3517 1470 uni
3534 1413 3590 1468 in

1945 1500 2232 1556 electione
2254 1501 2614 1569 incumbunt,
2635 1514 2832 1557 omnes
2851 1501 3108 1557 ordinari
3124 1500 3196 1557 ad
3212 1501 3591 1572 pontificatus

1949 1588 2161 1645 infulas
2210 1590 2520 1659 Agericum
2564 1591 2906 1662 deposcunt.
2943 1591 3204 1661 Temptat
3238 1604 3388 1647 unus
3422 1591 3591 1647 resis-

1945 1680 2069 1732 tere
2117 1677 2402 1749 plurimis,
2457 1678 2699 1735 multum
2734 1694 2794 1735 se
2827 1677 3163 1735 excusando
3204 1678 3451 1749 laborat,
3485 1679 3588 1736 sed

1947 1767 2260 1821 roborante
2292 1768 2405 1822 Deo
2438 1767 2745 1838 praevaluit
2779 1768 3068 1823 sententia
3090 1767 3233 1823 cieri
3267 1772 3327 1822 et
3358 1766 3580 1838 populi.

181 1847 397 1920 inqait,
416 1853 745 1922 expectatio
759 1855 1530 1928 dilataprobabitur,ﬁlius
1549 1860 1673 1928 ipse
1686 1860 1831 1927 Age—
1862 1877 1914 1937 Β
1946 1855 2096 1910 Deus
2116 1854 2266 1909 enim
2288 1854 2357 1911 ad
2379 1855 2668 1913 munimen
2694 1856 2856 1913 urbis
2882 1855 3151 1912 invalidae
3177 1857 3585 1928 reparandum,

175 1939 348 1997 rivus
360 1940 689 1998 vocabitur.
706 1943 1011 2002 Indicium
1025 1947 1113 2002 est
1108 1947 1369 2017 potioris
1383 1947 1828 2018 acsuperexcel—

182 2026 363 2083 lentis
374 2029 537 2099 apud
564 2030 753 2086 Deum
769 2032 1141 2103 pri'rilegiia
1163 2037 1282 2091 Deo
1311 2036 1553 2091 titulum
1574 2036 1831 2091 nominis

182 2114 791 2189 cuilibetoelponioel
798 2121 1041 2177 mutari.
1067 2121 1357 2194 Magnum
1374 2124 1568 2194 igitur
1590 2124 1827 2194 domum,

185 2217 414 2275 magna
436 2207 659 2276 gratiae
690 2208 984 2279 dignatio,
1014 2226 1235 2283 magna
1254 2214 1493 2283 ﬁducia
1506 2215 1832 2283 promisso-

186 2306 340 2352 rum.
358 2294 489 2351 Non
498 2297 697 2365 potest
716 2298 1051 2367 immutari,
1078 2301 1238 2369 quod
1249 2301 1318 2356 de
1333 2300 1629 2357 tribunali
1650 2302 1829 2371 Regis

187 2380 399 2438 (sterni
414 2384 634 2441 calcati
650 2386 838 2455 legato
852 2390 1302 2458 euangelizante
1319 2390 1602 2446 dictetur.
1622 2390 1829 2457 Ageri-

183 2481 309 2538 σιω,
338 2470 547 2541 inquit,
573 2473 899 2531 vocabitur.
929 2477 1247 2533 Abusivum
1271 2493 1498 2547 nomen,
1528 2492 1631 2534 nec
1648 2478 1830 2547 scrip—

188 2559 451 2614 turarum
479 2560 706 2630 paginis
732 2561 977 2629 haerens,
1016 2565 1116 2619 sed
1153 2570 1368 2633 quanto
1402 2566 1653 2635 ignotius
1676 2565 1826 2635 apud

176 2643 635 2716 homines,tanto
651 2648 878 2719 dignius
896 2650 1272 2722 divinitati,et
1289 2661 1504 2723 quanto
1527 2653 1827 2723 acceptius

178 2732 319 2801 Deo,
346 2738 513 2791 tanto
529 2738 892 2795 commodius
910 2739 1148 2795 homini.
1176 2740 1328 2797 Nulli
1353 2743 1614 2812 profecto
1636 2746 1825 2812 potest

176 2833 314 2877 esse
335 2822 691 2895 ambiguum,
720 2828 871 2896 quod
900 2842 1051 2883 nunc
1074 2843 1305 2899 quoque
1327 2829 1508 2886 oblita
1525 2830 1738 2886 suinon
1752 2830 1828 2886 sit

183 2905 383 2979 lingua
409 2910 709 2983 caelorum,
725 2918 782 2969 et
800 2916 952 2985 quod
974 2916 1265 2987 scriptura
1286 2917 1607 2975 czelestisin
1625 2934 1829 2990 perpe-

185 2999 348 3053 tuum
386 3002 603 3069 teneat,
640 3002 793 3072 quod
827 3002 1276 3061 caeluminterra
1310 3005 1638 3078 descripsit.
1674 3010 1824 3077 Ergo

177 3086 342 3140 terra
375 3101 485 3143 non
531 3090 828 3161 reprobet,
865 3091 1018 3162 quod
1051 3092 1255 3148 caelum
1289 3095 1517 3165 prohat.
1555 3096 1825 3153 Nascitur

179 3172 359 3242 igitur
376 3174 562 3233 infans
579 3184 713 3248 post
729 3179 1070 3245 triennium;
1106 3180 1274 3251 longa
1302 3189 1604 3252 parentum
1619 3199 1826 3255 expec-

178 3261 327 3319 tatio
361 3266 683 3336 porrigitur
707 3268 761 3322 in
777 3268 1071 3339 eﬂ‘ectum,
1109 3270 1171 3325 fit
1201 3271 1473 3339 gratusin
1490 3274 1733 3341 croceis,
1770 3274 1823 3329 in

185 3350 496 3409 cunabulis
529 3354 740 3412 dulcis.
774 3358 1224 3427 Transgreditur
1246 3359 1623 3416 ebdomadam
1646 3362 1826 3417 infan-

186 3438 287 3495 tiae
320 3454 699 3500 succrescens
731 3445 799 3500 ad
837 3445 1081 3502 oﬁicium
1117 3445 1357 3515 linguae;
1393 3448 1451 3502 ﬁt
1486 3448 1827 3520 puerincre-

182 3530 399 3599 mento,
435 3544 579 3601 puer
621 3532 971 3603 innocentia,
1016 3538 1280 3591 naturam
1324 3536 1595 3592 tenellam
1630 3538 1825 3594 indole

182 3616 496 3684 przelucida
513 3622 866 3691 perornabat
887 3622 1162 3692 ;angelus
1176 3624 1408 3696 quippe,
1428 3625 1524 3695 qui
1541 3640 1670 3681 eum
1689 3642 1828 3697 prae-

186 3704 588 3777 nunciaverat,
626 3716 841 3779 praesto
873 3710 924 3766 ei
958 3709 1027 3767 ad
1057 3712 1379 3768 custodiam
1413 3728 1643 3784 semper
1675 3722 1820 3771 erat.

184 3790 370 3848 Datur
382 3794 665 3865 puerulus
696 3798 982 3855 vacationi
1017 3799 1828 3871 sapientiae,jungiturcontu-

190 3878 392 3936 bernio
407 3882 872 3950 scolasticorum,
890 3886 1085 3943 haurit
1102 3888 1292 3945 fontes
1306 3889 1525 3959 sophiae
1545 3890 1828 3947 inundan-

185 3964 264 4023 tia
281 3982 513 4042 semper
528 3972 705 4029 ubera
740 3974 920 4043 sugit,
954 3974 1558 4048 voluptatesinternas
1571 3984 1627 4035 et
1646 3980 1826 4036 karis-

180 4061 333 4113 mata
360 4059 599 4116 meliora
636 4059 879 4118 sedulus
908 4062 1219 4120 emulatur.
1252 4066 1466 4121 Doctor
1496 4067 1646 4122 enim
1681 4068 1828 4124 inte-

179 4142 1057 4218 rior,quieumimbuerat,cum
1090 4152 1283 4207 aetatis
1316 4154 1823 4212 successuindicia

177 4231 464 4289 virtutum
481 4234 776 4305 ejusclara
792 4239 1157 4294 monstrabat
1182 4240 1824 4310 quietprzescitusante

179 4323 435 4392 uterum,
461 4323 934 4381 sanctiﬁcatusin
953 4330 1144 4395 utero,
1170 4327 1605 4385 sanctimoniam
1631 4333 1683 4386 et
1712 4345 1824 4387 ma-

178 4408 572 4478 gniﬁcentiam
594 4412 649 4469 in
674 4413 1137 4469 sanctificatione
1160 4414 1257 4471 Dei
1283 4417 1553 4485 augebat.
1584 4419 1824 4475 Amaba-

184 4500 282 4553 tur
312 4499 383 4556 ab
416 4500 706 4570 omnibus,
762 4501 1009 4557 invidias
1037 4506 1093 4557 et
1128 4503 1529 4561 detractiones
1569 4507 1820 4563 omnium

1858 3227 1907 3290 C

1946 1942 2017 1998 ad
2040 1958 2221 1999 cornu
2239 1944 2448 2001 salutis
2470 1950 2676 2001 contra
2702 1945 2977 2001 malitiam
2998 1944 3358 2016 erigendum,
3380 1958 3590 2017 coope-

1947 2033 2187 2089 rabatur
2214 2033 2265 2088 in
2292 2033 2525 2105 populo.
2556 2034 2761 2090 Tribus
2783 2033 2933 2089 enim
2969 2039 3100 2106 post
3123 2037 3427 2090 tonsuram
3460 2046 3588 2105 per-

1946 2120 2092 2177 actis
2140 2122 2323 2191 annis,
2361 2122 2589 2192 aplebe
2637 2121 3088 2179 Virdunensium
3140 2122 3371 2194 rapitur
3420 2126 3478 2178 et
3526 2122 3581 2177 in

1945 2208 2443 2280 ecclesiamajoris
2467 2214 2685 2267 sanetae
2699 2210 2794 2266 Dei
2814 2210 3122 2282 genitricis
3147 2209 3507 2282 perducitur,
3524 2214 3585 2265 et

1946 2297 2016 2351 ab
2038 2298 2333 2368 episcopis
2357 2300 2669 2370 episcopus
2688 2302 3091 2356 consecratur.
3119 2300 3383 2370 Suscepit
3406 2298 3475 2354 ad
3499 2312 3583 2353 re-

1944 2384 2162 2453 gendas
2191 2402 2329 2442 oves
2359 2388 2580 2443 Domini
2616 2388 2968 2458 pastoralem
3002 2388 3242 2457 virgam,
3269 2391 3326 2443 et
3349 2402 3464 2443 non
3497 2391 3582 2458 ty-

1947 2487 2184 2547 rannum
2219 2489 2280 2529 se
2311 2476 2519 2532 ovibus
2558 2476 2844 2545 exhibuit,
2878 2475 2979 2531 sed
3009 2490 3081 2530 ex
3116 2476 3365 2531 veritate
3396 2480 3587 2546 pasto-

1945 2575 2084 2615 rem.
2121 2565 2243 2617 Non
2269 2564 2622 2634 patiebatur,
2651 2570 2714 2620 ut
2740 2568 2895 2619 terra
2922 2579 3023 2620 sua
3058 2566 3262 2619 contra
3291 2578 3352 2619 se
3376 2562 3586 2620 clama-

1948 2654 2054 2717 ret,
2092 2655 2149 2706 et
2177 2667 2306 2708 cum
2338 2667 2400 2707 ea
2433 2652 2578 2708 sulci
2609 2653 2735 2721 ejus
2763 2653 3066 2720 deflerent,
3094 2649 3197 2707 sed
3224 2645 3471 2723 impiger
3504 2652 3585 2708 in-

1946 2738 2135 2793 stabat
2160 2740 2407 2795 culturaa
2431 2740 2550 2811 Dei,
2576 2744 2636 2796 ut
2659 2754 2835 2811 opere
2861 2740 3153 2809 redderet,
3178 2739 3333 2810 quod
3352 2740 3583 2796 nomine

1945 2828 2256 2883 fatebatur.
2293 2829 2552 2884 Habebat
2587 2828 2813 2884 fidelem
2845 2832 2980 2884 ante
3004 2828 3205 2884 oculos
3235 2826 3579 2886 advocatum

1943 2915 2241 2971 Dominum
2265 2918 2455 2972 Iesum
2479 2917 2773 2973 Christum
2793 2916 3036 2986 justum,
3054 2916 3223 2987 eique
3240 2930 3301 2972 se
3328 2930 3581 2988 suosque

1944 3002 2368 3075 supplicatione
2386 3005 2622 3061 assidua
2647 3005 3070 3061 committebat.
3095 3005 3452 3062 Holocausta
3474 3018 3583 3060 me-

1943 3092 2163 3147 dullata
2187 3093 2467 3148 offerebat
2494 3108 2598 3164 pro
2623 3093 2852 3161 ovibus,
2875 3107 2946 3149 ne
2972 3093 3119 3149 forte
3144 3092 3315 3151 labiis
3332 3095 3581 3150 honora-

1942 3183 2068 3236 rent
2086 3182 2281 3251 Deum,
2299 3187 2357 3236 et
2372 3182 2547 3237 corde
2564 3181 2734 3251 longe
2754 3182 2947 3253 posito
2972 3181 3236 3239 manibus
3252 3182 3573 3252 irritarent,

1940 3268 2227 3341 ﬁdemque
2262 3271 2439 3326 verbo
2470 3274 2641 3327 tenus
2673 3270 3018 3341 profitentes
3053 3271 3385 3328 actionibus
3412 3270 3584 3328 abne-

1937 3363 2162 3427 garent.
2201 3359 2675 3430 Circumspeetus
2698 3373 2928 3431 semper
2952 3359 3178 3415 leonem
3209 3357 3579 3416 insidiantem

1938 3447 2307 3504 orationibus
2322 3446 2620 3517 allidehat,
2639 3447 3585 3510 ﬂammastemptationumelemo-

1939 3536 2081 3591 sinis
2098 3535 2439 3605 redimebat,
2459 3535 2740 3592 virtutum
2756 3536 3072 3606 apothecas
3086 3533 3432 3592 humilitatis
3447 3548 3581 3592 arce

1939 3626 2229 3680 servabat.
2252 3626 2743 3681 Terrebathostes
2765 3641 2818 3694 ιιι
2836 3624 3303 3695 aedicationibus,
3321 3624 3464 3679 vitia
3486 3638 3580 3681 oc-

1937 3713 2093 3769 culta
2125 3712 2461 3783 proferebat
2484 3711 2769 3783 inlucem,
2796 3717 2853 3767 et
2891 3711 3004 3768 tela
3039 3712 3339 3769 mortifera
3364 3711 3579 3770 inimici

1939 3802 2221 3858 doctrinae
2246 3801 2502 3874 potentis
2518 3802 2779 3857 acumine
2796 3800 3215 3872 perfringebat,
3235 3814 3580 3873 semperque

1937 3905 1996 3946 se
2018 3891 2145 3962 ipso
2170 3891 2469 3946 robustior
2492 3905 2596 3961 per
2615 3891 2809 3945 Jesum
2833 3893 2891 3945 et
2917 3889 3281 3945 sacerdotem
3309 3903 3576 3959 magnum

1939 3979 2193 4049 undique
2216 3978 2634 4050 triumphabat.
2662 3978 2940 4033 Nimirum
2962 3977 3254 4034 vitabatet
3277 3977 3583 4049 perhorre-

1937 4068 2032 4123 bat
2063 4066 2434 4138 aliquatenus
2465 4067 2853 4136 committere,
2893 4064 3045 4121 unde
3079 4066 3415 4122 testimonio
3447 4080 3583 4122 con-

1937 4155 2199 4211 scientiae
2223 4158 2531 4211 accusatus
2556 4156 2666 4210 sub
2690 4155 2892 4209 umbra
2913 4152 3140 4209 etfoliis
3165 4159 3476 4224 cogeretur
3502 4153 3585 4210 ef-

1942 4245 2163 4313 fugere.
2198 4243 2436 4313 Semper
2459 4242 2720 4313 pavidus,
2749 4256 2977 4312 semper
2999 4240 3293 4298 sollicitus
3315 4243 3449 4299 dum
3483 4257 3581 4299 cu-

1938 4346 2056 4387 ram
2109 4330 2364 4385 debitam
2418 4329 2713 4399 susceptis
2753 4328 2962 4385 ovibus
2994 4329 3387 4400 impendebat,
3420 4330 3579 4387 vieto

1938 4421 2126 4487 hoste,
2145 4422 2202 4474 et
2218 4418 2365 4474 liber
2382 4417 2540 4472 vitiis
2555 4415 3053 4486 servitiojustitias
3066 4431 3127 4472 se
3144 4417 3412 4473 hilariter
3427 4432 3581 4474 man-

1936 4509 2190 4579 cipabat.
2218 4506 2587 4577 Loquebatur
2611 4505 2807 4576 sepius
2830 4510 2885 4560 et
2909 4503 3125 4560 litteris
3149 4508 3206 4559 et
3231 4504 3428 4562 verbis
3449 4520 3580 4562 cum

185 4585 388 4655 gratiae
420 4590 787 4660 perrorantis
819 4589 1180 4647 sublimitate
1212 4592 1501 4648 vincebat.
1538 4595 1824 4651 Transivit
1853 4583 1907 4647 D
1943 4611 2205 4670 praecone
2223 4610 2329 4651 suo
2345 4594 2551 4664 angelo
2576 4596 2800 4661 sancto,
2827 4591 3393 4664 consilioqueipsius
3415 4599 3578 4664 gesta

182 4672 239 4730 in
271 4675 472 4732 eadem
526 4679 669 4735 urbe
710 4678 1162 4736 Virdunensium
1196 4681 1506 4751 proﬁciens
1537 4683 1607 4738 ad
1639 4684 1825 4754 perfe-

181 4766 330 4819 ctam
346 4779 534 4835 usque
551 4766 1042 4824 incrementorum
1058 4774 1305 4838 tetatem,
1324 4769 1601 4827 virtutem
1618 4772 1822 4827 virtuti

181 4860 483 4931 adjiciens,
505 4867 566 4920 et
589 4864 862 4934 stigmata
898 4865 1189 4935 passionis
1210 4868 1343 4923 Jesu
1367 4865 1423 4921 in
1447 4882 1691 4939 corpore
1716 4884 1822 4925 suo

182 4963 438 5030 portans,
474 4963 749 5019 currebat
794 4976 895 5033 per
944 4963 1091 5019 viam
1125 4964 1527 5021 mandatorum
1560 4967 1659 5022 Dei
1692 4982 1822 5024 cum

181 5056 392 5128 gaudio
408 5057 805 5116 inenarrabili.
822 5061 943 5115 Jam
960 5061 1364 5131 enimtriginta
1382 5076 1562 5120 annos
1577 5064 1819 5133 habens,

186 5153 239 5209 in
263 5155 387 5226 ipsa
412 5155 651 5212 civitate
682 5156 1035 5237 Virdunensi
1069 5158 1281 5216 ductus
1302 5163 1392 5215 est
1419 5159 1488 5215 ad
1512 5159 1821 5217 ecclesiam

187 5252 373 5310 sancti
393 5253 553 5310 Petri
572 5258 630 5312 et
650 5258 817 5312 tonso
833 5255 1026 5325 capite
1047 5255 1278 5312 Christo
1292 5256 1539 5327 dicatus,
1561 5258 1825 5315 ﬂorebat-

179 5364 288 5423 que
320 5350 377 5407 in
410 5351 577 5408 atriis
611 5353 816 5410 domus
847 5353 1070 5410 Domini
1107 5357 1167 5411 ut
1202 5353 1413 5426 palma,
1437 5359 1494 5412 et
1522 5359 1582 5412 ut
1607 5357 1823 5415 cedrus

176 5451 229 5507 in
254 5450 466 5508 Libano
492 5454 673 5507 totam
688 5450 921 5507 domum
939 5451 1105 5507 bonis
1119 5450 1399 5508 odoribus
1412 5457 1818 5525 respergebat.

173 5548 531 5606 Provexerat
563 5561 694 5605 eum
726 5562 950 5605 morum
982 5548 1349 5620 speciositas,
1376 5554 1434 5605 et
1460 5550 1511 5606 in
1535 5552 1719 5622 gradu
1745 5552 1823 5609 le-

170 5645 352 5704 vitico
387 5644 781 5703 famulabatur
813 5645 1085 5717 antistiti,
1111 5661 1241 5704 cum
1260 5661 1396 5704 ecce
1420 5647 1617 5706 clerus
1640 5656 1698 5705 et
1724 5667 1823 5723 po-

169 5742 350 5819 pulus
374 5740 447 5800 ad
469 5740 751 5802 honorem
783 5743 1097 5802 sacerdotii
1130 5758 1473 5817 promovere
1497 5762 1626 5804 eum
1649 5760 1821 5822 expe-

1943 4685 2205 4757 preciosa
2245 4684 2485 4739 Domino
2514 4681 2704 4738 ﬁdelis
2735 4682 2993 4738 athletha
3028 4680 3319 4750 mittebat,
3357 4680 3577 4739 talenta

1939 4775 2050 4830 sibi
2073 4773 2205 4829 data
2232 4772 2449 4843 swpius
2471 4772 2836 4840 numerabat,
2862 4784 2932 4826 ne
2958 4770 3107 4825 forte
3133 4769 3264 4842 plus
3287 4770 3581 4843 accipiens

1938 4864 2125 4919 minus
2157 4862 2210 4916 in
2244 4861 2406 4917 lucro
2442 4860 2710 4915 redderet
2748 4864 2807 4915 et
2832 4872 2962 4915 sero
2993 4858 3257 4930 penitens
3288 4859 3577 4917 obnoxius

1938 4950 2215 5019 tenebris,
2242 4963 2465 5021 pauper
2486 4953 2541 5004 et
2569 4947 2740 5005 nudis
2761 4946 3008 5004 vinculis
3031 4947 3388 5004 traderetur.
3419 4947 3580 5004 Fecit

1934 5041 2108 5096 etiam
2139 5028 2300 5110 signa
2337 5053 2463 5108 qua:
2486 5052 2617 5094 cum
2650 5037 2875 5108 possint
2910 5051 3040 5092 cum
3073 5036 3341 5107 reprobis
3374 5037 3576 5093 haberi

1933 5128 2280 5196 communia,
2317 5126 2413 5181 ille
2444 5125 2824 5197 probabiliter
2856 5125 3104 5196 simplici
3155 5123 3347 5191 oculo,
3384 5124 3582 5182 lucido

1934 5231 2186 5289 corpore
2212 5216 2370 5285 fecit,
2392 5214 2582 5271 ovium
2608 5230 2841 5271 suarum
2865 5217 2925 5269 et
2946 5213 3129 5269 totius
3162 5213 3358 5270 mundi
3384 5228 3583 5271 neces-

1935 5307 2112 5362 sitate
2144 5303 2501 5376 compulsus.
2536 5304 2706 5359 Justo
2738 5303 2889 5358 enim
2910 5308 2969 5357 et
2996 5305 3200 5357 saneto
3223 5302 3339 5357 Deo
3368 5302 3584 5373 populo

1932 5394 2305 5466 exasperanti
2339 5393 2511 5461 irato,
2537 5391 2843 5448 elementis
2871 5405 2974 5462 pro
2997 5405 3067 5446 eo
3091 5394 3296 5447 contra
3322 5390 3583 5447 insensa-

1933 5488 2026 5540 tos
2059 5482 2453 5555 pugnantibus
2484 5484 2855 5538 recesserunt
2886 5479 3094 5549 nubes,
3129 5493 3228 5535 aer
3253 5478 3578 5549 incanduit,

1935 5576 2092 5629 terra
2125 5570 2374 5640 exaruit,
2410 5570 2567 5624 viror
2598 5568 2909 5624 herbarum
2944 5567 3250 5638 emarcuit,
3278 5581 3426 5639 aqua
3459 5566 3583 5623 l‘on-

1936 5661 2075 5718 tium
2110 5673 2287 5717 venas
2317 5656 2651 5729 dereliquit.
2689 5655 2828 5726 (Fol.
2850 5655 2979 5729 44’.)
3015 5656 3222 5729 Sicque
3254 5653 3583 5713 secedenti-

1933 5752 2042 5809 bus
2058 5746 2365 5805 elementis
2386 5746 2636 5805 mundus
2658 5744 2958 5804 desolatus
2979 5744 3258 5817 elanguit.
3275 5740 3582 5801 Vitiositas
