3922 6462
329 394 444 457 119

1302 389 1671 455 HUGONIS
1712 389 2064 455 ABBATIS
2112 390 2786 459 FLAVINIACENSIS

3640 391 3782 456 120

331 528 482 587 enim
513 542 620 586 usu
654 526 896 596 nutrita,
940 524 1053 581 nisi
1095 523 1242 582 duro
1272 524 1571 582 molliatur
1600 525 1867 595 verbere,
1903 524 1971 581 ad
2003 523 2061 588 A
2092 540 2324 598 operam
2358 526 2547 595 daret,
2575 527 2891 599 piissimam
2922 527 3335 599 benignitatem
3367 541 3541 601 quam
3570 540 3778 598 gere-

333 618 603 675 notitiam
634 615 722 673 sui
756 614 948 673 redire
1001 613 1281 670 durescit.
1317 614 1478 670 Unde
1529 614 1742 670 factum
1774 619 1860 669 est
1892 621 1973 683 ut,

334 705 525 763 tribus
548 704 714 761 annis
738 704 1043 760 subtracta
1070 701 1475 758 benedictione
1506 702 1851 773 pluviarum,
1887 716 1979 758 ce-

335 793 452 851 lum
477 807 656 864 super
677 806 779 848 eos
802 790 1222 847 extenderetur
1250 794 1309 847 ut
1340 791 1574 846 ferrum.
1604 789 1981 846 Pet-tulerunt

337 884 580 953 primum
597 894 806 937 annum
822 883 1222 951 expectantes,
1240 879 1559 936 secundum
1576 879 1978 948 deeperantes,

337 970 391 1025 in
425 969 599 1026 tertio
632 968 994 1025 defecerunt.
1034 969 1288 1038 Cumque
1314 968 1465 1024 inter
1488 981 1551 1023 se
1575 965 1794 1022 nullum
1830 966 1983 1020 inve-

336 1058 563 1115 nissent
584 1056 913 1127 consilium,
936 1056 1184 1113 tamdem
1212 1056 1694 1128 praevaricatores
1708 1053 1779 1111 ad
1803 1054 1980 1109 corda

337 1147 761 1218 quodammodo
777 1147 958 1202 oblita
977 1146 1311 1216 redeuntes,
1329 1151 1693 1202 concurrunt
1708 1143 1777 1199 ad
1797 1140 1980 1214 ponti-

338 1235 526 1305 ﬁcem,
579 1239 875 1305 pastorem
926 1235 1262 1303 inclamant,
1310 1239 1369 1290 ut
1405 1233 1753 1305 propitiaret
1803 1233 1981 1287 Dum

337 1323 600 1395 peccatis
631 1324 864 1393 iratum,
902 1328 1230 1380 removeret
1265 1320 1605 1391 vindictam,
1640 1321 1984 1392 impetraret

338 1412 584 1482 veniam,
620 1416 679 1467 et
711 1417 1051 1468 arescentes
1095 1417 1287 1468 terras
1338 1409 1562 1467 colonis
1596 1408 1983 1465 morientibus

340 1501 704 1557 reformaret.
739 1501 924 1556 Flexit
947 1506 1209 1557 sanctum
1234 1498 1528 1570 generalis
1552 1496 1891 1566 necessitas,
1925 1499 1984 1550 et

338 1604 641 1646 commune
674 1589 996 1661 periculum
1024 1589 1312 1645 communi
1338 1588 1603 1644 oratione
1627 1585 1752 1642 tolli
1780 1600 1985 1641 consu-

340 1676 467 1734 luit.
488 1679 689 1749 itaque
707 1677 1333 1747 triduanumjejunium
1357 1676 1586 1743 indixit,
1610 1674 1857 1731 letanias
1886 1688 1984 1745 per

342 1765 628 1823 ecclesias
645 1767 740 1823 Dei
760 1766 906 1836 ﬁeri,
923 1781 1134 1822 cruces
1152 1765 1221 1820 ad
1249 1764 1859 1820 misericordissimam
1886 1762 1983 1817 Dei

2093 617 2190 671 bat
2214 616 2268 671 in
2294 622 2504 676 mente.
2532 617 2792 674 ostendit
2824 617 3090 674 miraculi
3125 616 3539 687 magnitudine.
3567 618 3643 672 In
3675 616 3777 689 ip-

2092 720 2154 760 so
2195 704 2346 760 enim
2388 704 2654 775 ingressu
2714 704 3140 775 mulierculam,
3180 705 3596 761 Theresindem
3650 719 3775 760 no-

2092 792 2264 863 mine,
2316 793 2543 850 obviam
2597 793 2820 863 habuit,
2855 808 2983 865 quae
3031 793 3239 850 baculo
3288 798 3526 863 regente
3573 807 3774 849 caeco

2092 885 2243 938 viam
2277 882 2612 953 queritabat
2645 896 2865 950 errore,
2898 887 2958 937 et
2991 881 3195 937 duceni
3229 882 3595 952 sequebatur
3624 880 3772 937 ani—

2094 985 2244 1027 mum
2296 971 2602 1027 oculorum
2649 969 3037 1027 desolatione.
3091 970 3196 1037 Qui
3249 970 3446 1027 statim
3478 967 3769 1040 simplici

2094 1062 2311 1115 sanctaa
2339 1058 2533 1115 crucis
2565 1058 2941 1115 medicamine
2971 1059 3245 1115 tenebras
3274 1057 3608 1128 quindecim
3650 1070 3772 1112 an-

2095 1161 2298 1202 norum
2334 1146 2630 1215 eﬂ‘ugavit,
2662 1151 2719 1201 et
2752 1146 2936 1203 lucem
2977 1146 3075 1202 diu
3107 1147 3407 1203 absentem
3438 1145 3569 1202 luce
3608 1143 3767 1198 ﬁdei

2094 1234 2476 1305 resplendens
2498 1234 2768 1307 protinus
2791 1235 3104 1305 reparavit.
3132 1234 3401 1290 Radiavit
3418 1233 3615 1289 virtus
3643 1245 3765 1303 per

2094 1337 2347 1390 crucem,
2374 1323 2703 1379 radiavitet
2732 1337 2832 1393 per
2864 1322 3216 1393 pontiﬁcem.
3253 1323 3310 1377 In
3346 1320 3637 1392 pontiﬁce
3666 1332 3767 1375 re-

2094 1412 2308 1481 gnabat
2343 1411 2547 1482 pietas,
2584 1412 2637 1467 in
2668 1425 2842 1466 cruce
2890 1414 3165 1482 potestas.
3201 1411 3319 1466 Nec
3349 1410 3543 1481 pietas
3576 1407 3768 1480 quid-

2097 1514 2265 1569 quam
2300 1500 2670 1572 profecisset,
2704 1499 2814 1555 nisi
2848 1499 2904 1554 in
2936 1497 3046 1553 ﬁde
3076 1498 3272 1555 erucis
3306 1497 3755 1569 prmvaluissct.

2096 1590 2370 1646 Potestas
2398 1589 2548 1645 enim
2576 1594 2733 1645 tanta
2772 1588 2877 1644 fuit
2908 1587 2962 1642 in
2997 1600 3194 1654 cruce,
3222 1590 3285 1641 ut
3306 1600 3416 1641 non
3447 1585 3644 1641 solum
3678 1586 3768 1639 fe-

2097 1678 2263 1735 minae
2296 1678 2518 1735 vu'tum
2542 1677 2870 1733 illustraret
2905 1675 3171 1731 orbatum
3226 1673 3328 1730 sed
3362 1672 3552 1730 lucem
3583 1674 3766 1732 inde-

2101 1768 2389 1823 ﬁcientem
2420 1781 2519 1838 per
2541 1771 2728 1822 totum
2752 1764 3077 1821 effunderet
3104 1762 3396 1819 mundum.
3425 1764 3759 1834 Postquam

345 1855 679 1911 memoriam
706 1854 863 1918 ferri,
893 1854 1072 1923 utqui
1103 1868 1311 1924 passus
1331 1857 1417 1908 cst
1448 1868 1551 1922 pro
1579 1851 1987 1923 peccatoribus
2018 1878 2071 1939 Β
2101 1857 2250 1913 enim
2285 1856 2382 1913 lux
2412 1855 2606 1911 mundi
2651 1853 2924 1926 pependit
2956 1852 3009 1907 in
3043 1866 3242 1920 cruce,
3276 1851 3469 1908 mundi
3502 1851 3755 1908 climata

346 1941 612 1999 Christus
637 1943 1065 2014 propiciaretur
1085 1943 1171 1998 eis
1188 1946 1523 1998 sanctorum
1552 1940 1989 1996 intercessioni-

345 2028 474 2087 bus.
507 2031 717 2087 lndixit
754 2032 860 2086 hoc
894 2036 953 2086 et
978 2031 1176 2099 jussit,
1213 2036 1271 2086 et
1297 2029 1519 2101 primus
1550 2029 1701 2099 quod
1730 2033 1989 2098 jusserat

347 2119 502 2175 fecit.
530 2119 923 2189 Egrediuntur
947 2119 1347 2175 inditierenter
1365 2118 1699 2182 exealciati,
1720 2117 1916 2173 cinere
1931 2120 1989 2172 et

345 2206 538 2265 cilicio
552 2208 965 2277 obvolvuntur,
986 2207 1298 2263 inclamant
1317 2206 1744 2263 miserationem
1762 2212 1992 2263 sancto-

348 2310 494 2362 rum,
516 2297 998 2367 propiciationem
1028 2296 1145 2365 Dei,
1168 2295 1421 2352 tundunt
1443 2300 1699 2365 pectora,
1720 2292 1991 2349 lacrimas

351 2382 618 2445 fundunt.
656 2399 723 2439 ne
756 2386 904 2441 Deus
949 2383 1167 2453 judicia
1220 2384 1437 2439 faciens
1471 2382 1523 2437 in
1559 2381 1838 2452 operibus
1879 2395 1993 2437 ma-

350 2486 523 2526 nuum
556 2486 792 2527 suarum
841 2470 1366 2542 comprehenderet
1410 2474 1777 2541 peccatores.
1812 2469 1993 2538 Igitur

352 2559 533 2629 prima
569 2559 913 2616 letaniarum
949 2559 1042 2615 die
1077 2564 1274 2631 pastor
1308 2560 1433 2630 ipse
1471 2573 1600 2614 cum
1629 2558 1837 2614 ovibus
1866 2571 1994 2626 gra-

352 2647 537 2710 diens,
556 2649 614 2702 in
641 2649 951 2720 praesentia
977 2648 1449 2705 eoncurrentirm
1475 2646 1679 2703 oculos
1700 2645 1994 2702 convertit

350 2735 419 2792 ad
452 2735 680 2806 calum,
714 2737 769 2792 in
801 2737 975 2793 corde
1007 2752 1111 2793 suo
1144 2736 1542 2806 quiescentem
1574 2735 1889 2791 commovit
1921 2734 1993 2791 ad

349 2824 811 2881 misericordiam
829 2826 1305 2895 Deum,etsubito
1324 2840 1393 2881 nu
1406 2825 1576 2880 bibus
1590 2824 1787 2880 densis
1801 2824 1996 2879 obum-

352 2912 518 2970 brato
540 2928 673 2969 aerc
697 2915 985 2971 ﬁnxerunt
1002 2928 1185 2982 aquze.
1207 2914 1417 2983 Sicque
1443 2927 1544 2983 per
1564 2911 1822 2967 triduum
1850 2911 1995 2967 illud

352 3000 748 3059 deﬂuentibus
768 3002 984 3073 pluviis
1010 3005 1167 3057 terra
1187 3004 1463 3071 vigorem,
1491 3001 1686 3056 herbae
1718 3000 1993 3069 virorem,

355 3088 542 3145 fontes
570 3089 830 3160 ﬁuorem,
883 3091 1125 3146 arbores
1165 3090 1343 3146 vitam
1375 3095 1434 3145 et
1466 3090 1716 3144 mundus
1768 3087 1993 3159 plenam

356 3177 581 3248 recepit
610 3179 1042 3235 abundantiam.
1076 3180 1189 3234 Nec
1214 3177 1385 3233 latuit
1409 3176 1692 3246 homines,
1726 3177 1996 3233 viderunt

352 3268 410 3319 et
442 3266 728 3322 ammirati
782 3271 937 3337 sunt,
976 3271 1189 3336 quanta
1222 3267 1292 3321 de
1328 3272 1562 3338 pastore
1604 3270 1808 3321 sancto
1841 3263 1992 3335 apud

346 3354 526 3418 Deum
562 3370 699 3412 cura
733 3355 953 3412 extitit.
986 3357 1124 3412 Nam
1151 3370 1280 3413 cum
1308 3356 1417 3411 sub
1442 3354 1594 3411 nudo
1628 3369 1763 3411 aere
1792 3353 1996 3424 grade-

353 3446 537 3511 retur,
554 3458 873 3515 omnesque
886 3445 1054 3513 aquis
1069 3445 1564 3501 descendentibus
1584 3443 1999 3515 perfunderen-

354 3537 472 3603 tur,
506 3532 614 3603 ipsi
646 3535 799 3589 Deus
830 3533 883 3588 in
918 3533 1113 3604 pluvia
1164 3532 1562 3589 umbraculum
1602 3531 1756 3588 fecit.
1797 3532 1910 3586 [lac
1938 3534 1998 3585 et

354 3620 509 3686 illac,
548 3621 641 3676 ubi
694 3627 806 3690 est,
861 3621 1022 3692 jussa
1056 3635 1201 3691 aqua
1237 3620 1472 3689 cecidit,
1527 3621 1713 3690 ipsum
1746 3620 1817 3674 ab
1850 3633 1996 3688 aqua

356 3710 513 3779 tangi
539 3710 861 3781 prohibuit,
889 3711 984 3780 qui
1010 3709 1197 3764 omnia
1234 3722 1597 3778 quaecunque
1627 3706 1814 3763 voluit
1838 3708 1993 3764 fecit.

428 3800 564 3853 Cum
597 3812 737 3866 ergo
760 3798 925 3866 juxta
956 3797 1437 3875 consuetudinem
1474 3794 1826 3866 pastoralem
1853 3796 1999 3851 limi-

358 3900 424 3941 na
451 3885 718 3942 ecclesia:
753 3884 1093 3957 principalis
1127 3890 1343 3941 sanctie
1373 3884 1563 3939 Mariae
1594 3887 1839 3951 tereret,
1876 3885 2000 3956 qui-

356 3974 483 4030 dam
506 3974 797 4030 Iohannes
822 3973 1051 4029 nomine
1083 3972 1354 4029 membris
1385 3972 1638 4040 solutus,
1670 3974 1865 4030 nervis
1887 3974 2000 4030 ari-

355 4061 487 4133 dus,
521 4068 787 4118 mortuus
817 4062 1060 4131 viribus,
1116 4062 1302 4117 anima
1354 4061 1737 4130 subsistente,
1788 4062 1998 4133 linguae

356 4156 579 4209 tantum
612 4151 796 4208 ofﬁcio
821 4150 1168 4222 praevalens,
1192 4151 1450 4220 vocibus,
1476 4165 1618 4220 quas
1648 4152 1881 4208 enervis
1903 4152 2000 4209 ha-

356 4241 550 4307 bebat,
573 4241 907 4313 episcopum
930 4239 1216 4308 exoravit,
1243 4240 1444 4296 dicens
1470 4259 1482 4296 :
1512 4240 1773 4311 Obsecro,
1798 4243 2001 4299 sancte

354 4332 487 4399 Dei,
516 4330 590 4387 at
616 4328 838 4387 liabeas
870 4331 1042 4387 inme
1067 4329 1564 4387 misericordiam.
1593 4330 1693 4386 Cui
1719 4331 1997 4387 sacerdos

355 4418 540 4476 ﬂexus
579 4418 1002 4490 quodammodo
1032 4424 1247 4475 etcum
1286 4417 1511 4474 inﬁrmo
1554 4418 1881 4474 inﬁrmatus
1913 4435 1999 4476 re-

354 4508 592 4581 spondit
619 4527 629 4562 :
662 4508 819 4573 Qui/1
845 4507 955 4564 tibi
984 4507 1370 4580 eis/aciam?
1392 4506 1475 4562 Ad
1509 4507 1613 4563 hec
1646 4507 1990 4577 languidus:

354 4597 432 4653 Ut
455 4599 801 4655 miserearis
830 4597 963 4667 mei,
990 4596 1090 4652 ait.
1116 4596 1271 4651 Tunc
1302 4597 1584 4651 saechos
1610 4596 1664 4652 in
1691 4598 1805 4652 Dei
1830 4596 1996 4653 ditis-

351 4685 533 4742 simus
566 4699 745 4757 pcuca
777 4685 848 4741 de
880 4683 1092 4741 loculis
1132 4683 1394 4755 protulit,
1429 4688 1487 4739 et
1521 4683 1748 4741 inﬁrmo
1782 4684 1852 4741 de
1881 4686 1996 4756 ple-

351 4773 617 4830 nitudine
651 4774 781 4829 boni
810 4773 1006 4830 cordis
1037 4772 1282 4828 exibuit.
1309 4774 1446 4828 Nam
1478 4772 1672 4828 carnis
1703 4779 1997 4831 sustenta—

351 4861 546 4919 culum
568 4862 852 4930 tribuens,
872 4860 1032 4917 dedit
1048 4860 1218 4917 simul
1241 4861 2015 4931 corporissolidamentum.-

355 4950 569 5007 Aridus
604 4963 832 5021 quoque
859 4964 990 5005 cum
1038 4948 1150 5005 ﬁde
1195 4949 1407 5005 Christi
1440 4950 1699 5021 suscepit
1729 4952 1879 5007 dona
1910 4966 1997 5007 sa-

353 5039 632 5099 cerdotis.
674 5043 731 5094 et
765 5052 893 5095 cum
935 5036 1139 5094 eodem
1173 5050 1410 5095 munere
1440 5038 1650 5095 meruit
1683 5039 1994 5095 sanitatem

355 5127 638 5199 recipere.
662 5126 764 5183 llis
784 5131 843 5182 et
868 5126 1194 5197 hujusmodi
1227 5125 1456 5182 indiciis
1489 5127 1847 5184 clarificante
1883 5130 1995 5184 Deo

356 5229 587 5272 servum
608 5230 796 5284 suum,
814 5214 1350 5286 cepitmanifcstum
1365 5229 1499 5272 esse
1525 5216 1818 5286 omnibus,
1843 5216 1995 5287 quod

355 5309 593 5359 sanctus
620 5303 901 5372 Agericus
923 5302 1138 5358 Christi
1163 5308 1315 5361 esset
1332 5302 1619 5360 alumnus.
1639 5305 1814 5359 Tanta
1832 5304 1995 5376 quip-

357 5404 426 5462 pe
473 5390 756 5447 virtutum
804 5392 970 5464 copia
1013 5392 1084 5448 do
1120 5391 1219 5449 illo
1248 5392 1467 5463 exibat,
1502 5396 1566 5448 ut
1600 5392 1648 5448 si
1680 5392 1811 5463 quis
1843 5392 1998 5447 iniir-

358 5493 486 5535 mus
508 5477 771 5548 eulogias
795 5480 864 5535 de
887 5495 1055 5537 manu
1086 5481 1211 5552 ejus
1243 5481 1592 5552 susciperet,
1621 5481 1889 5552 protinus
1911 5497 1999 5539 sa-

359 5567 597 5625 nitatem
625 5566 934 5639 reciperet.
962 5569 1102 5638 (Fol.
1124 5573 1237 5643 45.)
1261 5571 1400 5627 Cum
1417 5584 1558 5640 ergo
1575 5571 1831 5641 praefatae
1852 5570 2000 5628 basi-

358 5654 487 5713 licae
510 5654 768 5712 calcaret
790 5655 1006 5729 limina,
1033 5662 1090 5714 et
1115 5675 1186 5716 ex
1209 5674 1367 5717 more
1391 5658 1606 5717 studiis
1628 5658 1999 5732 spiritalibus

2104 1944 2590 2016 resplenduerunt
2634 1957 2742 1998 non
2792 1943 3074 2011 sequente
3124 1942 3316 1995 nocte.
3366 1940 3484 1995 Nox
3519 1939 3755 1995 diaboli

2103 2048 2342 2103 regnum
2378 2032 2652 2104 perdidit,
2678 2031 2803 2088 dies
2822 2030 3016 2087 erucis
3038 2028 3294 2100 optinuit
3324 2027 3752 2100 principatum.

2102 2123 2244 2179 [line
2266 2122 2533 2191 estquod
2559 2126 2796 2177 sanctus
2814 2119 3125 2190 episcopus
3144 2121 3370 2172 tantum
3409 2115 3752 2188 praevaluit,

2103 2212 2234 2282 quia
2261 2211 2446 2267 lucem
2467 2224 2570 2281 per
2597 2209 2765 2265 ﬁdem
2788 2206 2981 2265 crucis
3003 2210 3063 2262 et
3085 2205 3454 2262 dilectionem
3478 2206 3532 2260 in
3561 2204 3755 2263 corde

2103 2299 2369 2356 nutrivit.
2409 2298 2641 2368 Signum
2675 2296 2870 2353 erucis
2896 2309 3073 2366 super
3095 2293 3298 2350 oculos
3326 2293 3548 2351 orbatae
3583 2293 3756 2349 femi-

2104 2403 2189 2445 nm
2223 2387 2441 2459 posuit,
2477 2386 2609 2457 quia
2642 2385 2895 2457 Spiritus
2926 2387 3165 2440 sanctus
3190 2383 3243 2438 in
3277 2381 3462 2452 digito
3494 2396 3599 2453 per
3634 2381 3757 2438 vir-

2105 2481 2291 2532 tutem
2323 2475 2516 2532 erucis
2550 2475 2673 2530 fuit.
2711 2473 2859 2539 Quid
2892 2471 3102 2544 plura?
3130 2471 3349 2527 Gaudet
3381 2470 3606 2538 mulier,
3646 2470 3756 2525 mi-

2105 2569 2276 2620 ratur
2306 2562 2508 2634 solem,
2543 2564 2821 2619 tenebras
2852 2564 3183 2630 execratur,
3219 2563 3533 2615 veneratur
3568 2558 3755 2614 medi-

2104 2667 2256 2722 cum,
2284 2652 2486 2708 adorat
2520 2653 2599 2708 De
2644 2651 2772 2706 min
2797 2665 2989 2706 rerum
3020 2648 3366 2706 diversitate
3395 2645 3749 2716 mirabilem,

2107 2757 2233 2812 quae
2256 2742 2651 2798 confusionem
2681 2739 2844 2810 prius
2868 2736 3268 2795 tantummodo
3298 2739 3544 2792 noverat
3564 2740 3625 2791 et
3649 2751 3759 2793 no-

2105 2834 2275 2886 ctem.
2311 2831 2393 2885 Ita
2428 2830 2580 2885 Deus
2628 2843 2731 2900 per
2775 2842 2974 2886 verum
3020 2825 3345 2882 Israelitam
3397 2823 3753 2881 illuminavit

2106 2917 2254 2975 hanc
2285 2918 2572 2986 feminam,
2607 2915 3000 2989 populumque
3047 2913 3430 2971 admirantem
3462 2912 3751 2971 excitavit

2106 3006 2176 3062 ad
2207 3006 2434 3063 laudem
2468 3010 2524 3063 et
2557 3005 2800 3076 glcriam
2848 3019 3030 3061 suam.

2176 3096 2305 3152 Alio
2334 3101 2595 3165 tempore
2626 3109 2755 3150 cum
2788 3092 3032 3148 vidisset
3055 3089 3473 3149 misericordiae
3495 3093 3736 3159 amator,

2107 3184 2345 3255 pietatis
2391 3182 2605 3251 cultor,
2657 3181 2945 3239 sollicitus
2990 3181 3184 3236 ovium
3222 3182 3425 3250 pastor
3458 3178 3738 3248 quandam

2106 3272 2379 3344 puellam,
2411 3270 2771 3327 Childnidem
2802 3269 3050 3335 nomine,
3078 3283 3105 3324 a
3132 3268 3342 3339 spiritu
3376 3266 3624 3337 maligno
3653 3281 3740 3322 ra-

2105 3366 2262 3431 ptam
2287 3365 2462 3429 atque
2492 3372 2818 3430 pervasam,
2849 3356 3167 3414 eondolens
3200 3355 3469 3424 miserias,
3501 3369 3740 3411 memor-

2107 3464 2218 3521 que
2241 3448 2431 3519 officii,
2468 3446 2731 3504 ascendit
2762 3446 3035 3517 protinus
3066 3460 3135 3500 ex
3166 3443 3434 3513 adverso,
3468 3444 3733 3515 opposuit

2110 3553 2172 3595 se
2205 3552 2429 3594 murum
2482 3536 2695 3593 furenti
2746 3535 3001 3603 inimico,
3036 3538 3095 3588 et
3126 3532 3445 3590 ostendens
3477 3545 3536 3588 se
3569 3547 3735 3588 unum

2107 3628 2179 3683 de
2212 3626 2328 3681 illis
2360 3624 2622 3689 canibus,
2658 3624 2728 3680 de
2753 3622 2965 3694 quibus
2997 3621 3213 3679 dicitur
3237 3640 3250 3675 :
3274 3621 3510 3692 Lingua
3535 3633 3738 3679 canum

2110 3716 2345 3772 tuorum
2367 3727 2441 3769 ea:
2460 3712 2727 3770 inimicis
2756 3711 2829 3769 ab
2859 3713 2987 3783 ipso
3016 3709 3207 3779 (Psal.
3237 3724 3401 3778 van,
3429 3711 3538 3781 24),
3573 3708 3740 3765 mise-

2111 3818 2189 3859 rae
2222 3801 2557 3858 medicalcm
2613 3800 2865 3869 linguam
2914 3797 3137 3867 auxilii,
3169 3797 3322 3854 hosti
3355 3802 3410 3853 et
3445 3797 3731 3869 pervasori

2111 3890 2318 3947 dentes
2351 3888 2582 3946 exeruit
2613 3887 2958 3959 imperantis
2984 3885 3115 3956 zeli,
3139 3889 3197 3943 et
3225 3885 3450 3942 latrans
3477 3899 3613 3942 voce
3640 3884 3735 3941 do-

2110 3979 2340 4047 minica,
2377 3992 2504 4048 quae
2540 3977 2694 4033 mitis
2725 3981 2784 4033 et
2814 3975 3052 4047 paciens
3089 3989 3199 4031 non
3231 3974 3522 4043 clamavit,
3557 3987 3732 4045 neque

2109 4066 2311 4125 audita
2328 4071 2422 4123 est
2443 4066 2496 4121 in
2526 4065 2736 4137 platea,
2766 4063 3085 4136 perterruit
3107 4077 3224 4121 sem
3236 4077 3336 4133 per
3356 4061 3623 4119 tumidam
3642 4075 3732 4118 ue-

2111 4154 2374 4227 quitiam,
2401 4160 2457 4212 et
2483 4154 2785 4223 imaginem
2814 4153 2934 4223 Dei,
2962 4167 3090 4219 quae
3113 4151 3503 4209 ancillabatur
3532 4150 3732 4207 violen-

2112 4250 2202 4300 ter
2224 4258 2333 4300 non
2369 4243 2624 4313 Domino,
2661 4241 2912 4298 reddidit
2948 4241 3212 4297 liberam.
3249 4241 3561 4309 Postquam
3590 4238 3727 4294 enim

2111 4332 2255 4390 dixit
2278 4352 2290 4387 :
2310 4333 2604 4403 Pracipio
2629 4331 2757 4398 tibi,
2780 4331 3034 4402 spiritus
3053 4328 3372 4395 immunda,
3398 4328 3642 4385 uteaeas
3660 4326 3728 4384 ab

2110 4436 2199 4485 ea,
2221 4422 2284 4478 et
2297 4422 2557 4494 amplius
2583 4435 2701 4478 non
2727 4419 2994 4478 introeas
3021 4420 3088 4477 in
3119 4432 3267 4484 eam,
3304 4417 3400 4473 ille
3432 4429 3727 4489 percussus

2111 4510 2328 4567 virtute
2351 4508 2807 4580 omnipotenti-te,
2836 4506 3136 4580 projectus
3157 4512 3247 4563 est
3272 4507 3328 4561 in
3353 4510 3559 4563 tetram
3581 4507 3729 4577 abys-

2111 4614 2233 4656 sum
2287 4598 2445 4655 sedis
2491 4613 2632 4665 suae,
2669 4597 2722 4653 in
2758 4596 2921 4666 ignea
2956 4611 3159 4668 spuma
3194 4609 3362 4666 quam
3397 4592 3582 4666 puella
3611 4607 3728 4650 evo—

2110 4687 2304 4745 mebat
2331 4686 2669 4756 ostendens,
2695 4700 2810 4757 quo
2842 4685 3090 4753 camino,
3118 4698 3232 4755 quo
3259 4683 3488 4741 clibano
3518 4681 3726 4739 clande-

2110 4776 2264 4833 stino
2282 4776 2549 4832 miseram
2573 4774 2918 4847 possidebat
2935 4773 3209 4830 adurens.
3228 4772 3328 4828 llla
3352 4772 3721 4827 mansuefacta

2109 4879 2290 4935 seque
2324 4864 2507 4936 ipsam
2538 4862 2918 4934 [cognoscens
2969 4861 3317 4919 lassabunda
3367 4859 3640 4928 subsedit,
3670 4863 3719 4916 et

2109 4953 2335 5025 perdita
2369 4951 2695 5008 crassantis
2724 4950 2970 5007 interius
2999 4949 3214 5006 inimici
3241 4954 3531 5005 armatura
3561 4947 3717 5018 mitis,

2107 5046 2164 5097 et
2188 5041 2456 5098 omnibus
2482 5041 2583 5096 fact
2600 5055 2629 5096 a
2655 5039 2958 5104 miraculo.
2981 5038 3232 5112 amplius
3254 5053 3317 5095 se
3340 5037 3465 5110 ipsa
3488 5035 3720 5108 pavitan-

2109 5129 2181 5186 do
2216 5129 2482 5185 miratur.
2534 5129 2758 5185 [Iabere
2790 5142 2852 5185 se
2886 5127 3113 5199 incipit,
3149 5142 3277 5199 quae
3309 5126 3638 5194 habebatur,
3668 5127 3720 5181 et

2105 5217 2404 5290 paulisper
2428 5216 2639 5289 spiritu
2665 5221 2908 5288 purgata
2926 5222 3207 5272 extraneo
3230 5214 3499 5286 spiritum
3522 5219 3719 5270 naturae

2108 5305 2418 5377 recolligit.
2453 5305 2722 5361 Remittit
2753 5319 2960 5362 servus
2989 5305 3091 5361 Dei
3124 5304 3194 5360 de
3224 5302 3468 5361 servitio
3498 5300 3717 5372 maligno

2106 5393 2447 5461 liberatam;
2476 5398 2535 5450 et
2565 5392 2825 5463 legitimo
2869 5392 3101 5449 domino
3134 5391 3554 5461 univeisorum,
3584 5389 3716 5461 quod

2108 5498 2315 5542 servus
2364 5483 2609 5540 mendax
2641 5487 2697 5539 et
2732 5483 2803 5538 ab
2832 5481 3009 5538 inicio
3059 5478 3351 5538 homicida
3402 5478 3713 5548 abstulerat,

2110 5572 2332 5632 servire
2361 5572 2660 5646 praecepit.
2689 5571 2733 5627 Ο
2754 5573 2905 5628 Deus
2926 5568 3356 5644 potentissime,
3390 5566 3719 5627 victoriosis-

2112 5663 2275 5732 simo,
2346 5659 2920 5731 misericordissima,
2979 5657 3232 5717 reddant
3289 5656 3397 5714 tibi
3451 5655 3598 5715 servi
3646 5655 3717 5715 tui
