3922 6430
219 427 333 491 121

1477 427 1978 494 CHRONICON.
2015 464 2090 476 —
2117 431 2276 496 LIB.
2321 430 2369 494 I.

3504 427 3618 496 122

217 565 510 635 potentes.
543 564 698 638 quod
725 565 940 624 habent
983 567 1090 624 abs
1121 571 1180 624 te
1206 565 1512 624 vietoriosi
1541 568 1602 623 et
1632 563 1860 624 miseri-
1887 564 1947 628 Α
1979 563 2149 622 beato
2181 564 2455 623 Sanctino
2481 568 2828 623 consecrata
2861 561 3288 623 honorabiliter
3315 567 3374 622 et
3402 563 3621 624 sancti-

219 652 451 721 cordes,
479 658 652 725 teque
684 660 746 711 et
777 655 967 712 omnia
998 671 1230 728 semper
1260 657 1574 713 habebunt.

289 741 584 798 Hactenus
599 745 832 814 sequuti
856 759 1059 802 sumus
1086 745 1388 801 Dominum
1413 744 1581 814 quasi
1616 757 1718 815 per
1749 747 1865 798 ter-

219 843 343 885 ram
357 829 744 901 gradientem,
762 833 1184 903 describentes,
1204 840 1376 904 prout
1397 831 1595 889 datum
1619 837 1711 888 est
1726 831 1862 902 (44),

219 922 489 974 sanctum
505 935 673 976 suum
693 922 964 978 famulum
982 923 1035 978 in
1051 920 1866 994 caductiscorporibuspieta-

221 1004 300 1062 tis
328 1011 387 1062 et
411 1007 829 1067 misericordiaa
851 1025 1029 1082 opera
1054 1017 1424 1068 exercentem
1449 1030 1460 1064 :
1483 1010 1605 1080 (fol.
1623 1008 1733 1082 45’)
1747 1008 1864 1076 jam

220 1107 374 1151 nunc
397 1110 506 1152 nos
528 1097 761 1154 elevare
779 1099 938 1168 cogit
959 1100 1206 1171 spiritus
1228 1100 1529 1156 vivificans
1552 1097 1865 1155 volubilem

218 1187 406 1239 rotam
430 1185 742 1256 scripturae
757 1193 812 1244 et
831 1188 1138 1260 spirituale
1164 1188 1505 1244 miraculum
1532 1200 1716 1258 penna
1739 1200 1867 1242 cor-

218 1284 396 1341 por.a
439 1278 497 1328 et
548 1273 766 1330 visibili
815 1278 1116 1333 denotare.
1151 1277 1323 1345 (l'ita
1365 1277 1542 1348 ampl.
1577 1275 1864 1345 Agerici.)

220 1357 435 1416 Beatus
463 1361 612 1418 enim
648 1364 928 1432 Agerieus
953 1364 1202 1436 apostoli
1231 1371 1584 1436 praeceptum
1612 1364 1665 1418 in
1688 1361 1865 1418 corde

219 1461 485 1520 servans,
519 1456 580 1506 et
610 1467 787 1522 opere
818 1455 1138 1525 complens,
1173 1453 1424 1510 dicentis
1457 1473 1470 1508 :
1501 1453 1652 1509 Sine
1686 1453 1865 1508 inte-r-

216 1536 502 1594 missione
522 1541 704 1607 orate,
723 1541 790 1598 in
809 1542 1080 1599 omnibus
1085 1544 1328 1615 gratias
1342 1543 1522 1614 agite,
1539 1541 1788 1608 contigit
1805 1543 1867 1593 ut

208 1619 434 1690 jaceret
462 1626 514 1680 in
543 1633 829 1699 tempesto
853 1631 1154 1700 cujusdam
1180 1631 1372 1686 noctis
1399 1645 1616 1685 memor
1643 1626 1863 1682 Domini

220 1708 280 1764 in
311 1717 499 1771 stratu
533 1729 656 1785 suo,
683 1724 741 1773 et
766 1733 829 1774 se
853 1724 1082 1774 secreto
1107 1719 1268 1775 suavi
1294 1734 1358 1774 ac
1382 1718 1538 1774 dulci
1563 1718 1866 1787 voluptate

222 1799 707 1862 meditationibus
725 1809 904 1862 castis
930 1808 1252 1878 ignescens,
1280 1808 1465 1878 ipsius
1489 1821 1718 1877 quoque
1741 1819 1868 1860 cor-

1975 653 2120 710 sime
2151 655 2222 710 ab
2247 655 2373 725 ipso
2397 655 2521 710 viro
2547 654 2644 710 Dei
2671 655 2855 725 pridie
2879 656 3071 711 Nonas
3097 654 3454 725 Septembris
3481 659 3618 714 sunt

1975 743 2340 812 ordinata,ct
2363 743 2487 799 dies
2507 742 2918 798 translationis
2935 747 2993 798 et
3026 741 3615 800 revelationiseorum

1977 846 2080 902 per
2107 831 2480 887 suecedentia
2504 836 2767 902 tempora
2791 831 3160 887 celebritatis
3182 846 3386 888 annuae
3407 837 3497 889 est
3522 833 3620 889 ho-

1976 934 2118 975 nore
2147 919 2440 989 insignita.
2469 921 2724 986 Quorum
2757 921 2956 975 merita
2992 921 3060 975 ad
3088 920 3358 990 sepulcra
3385 921 3616 978 illorum

1975 1009 2291 1064 ostendunt
2320 1008 2643 1078 frequentia
2666 1007 2960 1063 miracula.
2980 1010 3094 1064 Nos
3115 1023 3256 1076 ergo
3279 1007 3482 1077 eojam
3508 1021 3622 1066 me-

1976 1095 2122 1152 liore
2151 1097 2236 1152 via
2271 1101 2567 1166 suscepto,
2593 1097 2711 1166 jam
2745 1096 2817 1152 ad
2847 1096 3090 1167 patriam
3124 1096 3426 1153 felicitatis
3449 1100 3618 1152 teter-

1975 1199 2064 1242 nae
2091 1185 2392 1256 perducto,
2413 1199 2615 1241 secure
2639 1186 2708 1240 de
2728 1192 2843 1240 tam
2864 1185 3122 1254 gloriosa
3149 1185 3523 1242 miseratione
3547 1183 3618 1242 ad

1975 1272 2206 1328 laudem
2238 1273 2335 1329 Dsi
2367 1277 2426 1328 et
2457 1289 2492 1344 p
2531 1273 2808 1329 moenium
2843 1273 2994 1328 servi
3025 1273 3116 1329 sui
3149 1273 3339 1329 ﬁdelis
3365 1273 3617 1330 ﬁdeliter

1976 1368 2036 1416 et
2065 1361 2271 1417 devota
2315 1362 2644 1417 humilitate
2679 1361 2939 1432 placeret
2969 1361 3393 1430 aliquantulum
3427 1361 3620 1418 decla-

1977 1464 2154 1506 mare.
2189 1451 2446 1520 Denique
2478 1449 2575 1504 iilc
2612 1449 2846 1521 placens
2877 1455 2938 1504 et
2968 1448 3274 1506 adhaerens
3304 1451 3418 1506 Deo
3449 1449 3502 1505 in
3535 1464 3621 1506 re-

1977 1538 2145 1607 gione
2174 1539 2433 1593 vivorum
2467 1538 2631 1592 nobis
2678 1537 3004 1608 cxcnplum
3043 1537 3304 1606 reliquit,
3337 1537 3616 1594 auxilium

1979 1625 2258 1696 impendit
2293 1626 2345 1680 in
2383 1627 2616 1694 regione
2671 1631 3052 1691 mortuarum,
3089 1631 3152 1681 ut
3194 1630 3254 1680 et
3284 1640 3386 1681 nos
3419 1631 3620 1682 nostra

1978 1715 2046 1768 ad
2074 1713 2594 1784 normamjustitize
2628 1713 3004 1770 informemus
3035 1728 3233 1784 opera,
3261 1718 3320 1768 et
3356 1713 3622 1782 dejustis

1979 1805 2256 1873 oper'hus
2302 1803 2662 1872 proferamus
2716 1804 2912 1857 verba.
2951 1800 3072 1867 (Fol
3103 1805 3215 1875 46.)
3249 1803 3465 1858 Orabat
3498 1802 3624 1858 sine

221 1901 386 1957 poris
419 1892 642 1961 pondus
672 1895 916 1965 spiritus
949 1895 1190 1952 lenitate
1221 1897 1548 1960 excedens;
1573 1895 1871 1952 subitolu-
1896 1920 1950 1980 B
1982 1891 2432 1956 intermissione,
2468 1895 2530 1946 ut
2560 1889 2828 1961 impleret
2856 1895 3216 1961 praeceptum
3265 1890 3486 1946 Domini
3541 1889 3626 1946 di-

222 1987 374 2044 men,
410 1981 564 2048 quod
597 1988 733 2040 ante
768 1983 954 2054 ipsum
1003 1985 1268 2053 ardebat,
1304 1985 1623 2040 extinctum
1658 1988 1772 2051 est,
1806 1990 1864 2038 et

221 2067 506 2124 remansit
537 2071 785 2141 pervigil
819 2087 884 2128 ac
912 2073 1162 2143 sobrius,
1188 2088 1300 2129 non
1327 2075 1472 2142 visu,
1502 2089 1613 2130 non
1638 2074 1863 2142 auditu,

220 2163 336 2207 non
373 2153 491 2214 ullo
522 2173 798 2216 sensuum
825 2162 1078 2232 quinque
1099 2162 1418 2218 carnalium
1441 2161 1750 2218 obstaculo
1769 2162 1870 2216 im-

221 2241 480 2312 peditus.
519 2249 774 2320 Cumque
803 2257 968 2308 totus
999 2267 1216 2321 secum,
1243 2257 1428 2308 totum
1454 2267 1516 2308 sc
1539 2253 1654 2307 Deo
1677 2255 1870 2306 exten-

221 2330 410 2402 deret,
429 2337 903 2397 etanimasancta
927 2349 1179 2412 corpore
1202 2341 1361 2409 gravi
1392 2354 1592 2412 pressa
1621 2340 1672 2394 in
1695 2343 1867 2395 Deum

1981 1979 2171 2036 centis
2203 1999 2214 2033 :
2251 1981 2487 2052 Oportet
2511 1993 2738 2051 semper
2756 1993 2949 2048 orare,
2981 1980 3173 2036 etnon
3194 1981 3440 2048 (ie/icere
3459 1981 3618 2039 (Luc.

1980 2083 2136 2134 xvut,
2167 2073 2243 2133 4/.
2279 2067 2579 2135 Quomodo
2627 2079 2819 2124 autem
2867 2082 2978 2123 non
3032 2068 3310 2124 deﬁciens
3359 2068 3620 2124 orabat?

1981 2156 2125 2224 Quia
2161 2157 2459 2212 Dominum
2493 2157 2712 2212 sanctis
2746 2156 3020 2227 precibus
3051 2156 3386 2226 sanctisque
3433 2155 3623 2228 operi-

1982 2245 2092 2302 bus
2123 2245 2524 2314 bcncdicebat,
2565 2245 3049 2315 quemadmodum
3088 2245 3266 2300 David
3297 2245 3369 2302 de
3398 2259 3461 2300 se
3495 2245 3624 2316 ipso

1980 2342 2215 2398 dicebat
2235 2343 2618 2398 :Benedicam
2630 2341 2944 2398 Dominum
2960 2342 3196 2399 inomni
3211 2342 3628 2412 tempore,sem-

221 2433 288 2476 se
321 2423 680 2492 speculando
711 2427 1009 2498 dilataret,
1047 2429 1400 2485 ascendente
1428 2443 1497 2484 eo
1521 2429 1591 2484 ad
1617 2444 1868 2499 superna
1966 2447 2079 2504 per
2111 2431 2248 2488 laus
2277 2432 2408 2501 ejus
2438 2432 2504 2486 in
2531 2444 2629 2486 ore
2647 2445 2769 2486 meo
2792 2432 3192 2500 (Paetum,
3213 2431 3290 2498 2).
3319 2432 3386 2484 Et
3407 2430 3618 2486 Tobias

224 2524 301 2565 ex
333 2509 646 2585 desiderio,
677 2515 893 2572 familia
928 2519 997 2572 ad
1029 2532 1159 2573 eum
1188 2533 1436 2588 superna
1465 2517 1787 2586 descendit,
1811 2521 1871 2573 et

222 2599 543 2657 multitudo
567 2603 904 2672 angelorum
931 2604 1137 2662 domus
1154 2606 1281 2675 ejus
1302 2606 1752 2670 sanctitudinem
1774 2621 1872 2677 pe-

219 2689 483 2744 netravit
512 2693 572 2744 et
603 2691 1002 2762 perlustravit.
1031 2695 1378 2764 Refulgehat
1403 2695 1552 2751 cella
1577 2696 1871 2750 accubita-

220 2774 298 2832 lis
323 2782 657 2835 sanctorum
683 2780 1020 2850 angelorum
1044 2782 1481 2853 Splendoribus,
1507 2789 1568 2838 et
1596 2789 1738 2853 quot
1771 2783 1872 2837 mi-

219 2863 394 2920 nistri
417 2866 641 2935 gloriae,
673 2872 756 2925 tot
789 2869 1005 2926 lumina
1037 2870 1356 2939 gloriarum
1385 2889 1398 2938 ;
1429 2873 1716 2927 canebant
1755 2888 1873 2941 ym-

222 2967 328 3009 nos
351 2969 480 3010 cum
495 2957 718 3012 concivi
734 2959 1213 3016 etcontubernali
1231 2976 1357 3028 suo,
1375 2965 1433 3016 et
1451 2960 1870 3017 inenarrabiles

218 3041 338 3098 Deo
367 3041 607 3100 deorum
635 3045 893 3115 gloriose
931 3047 987 3102 in
1029 3047 1249 3104 sanctis
1300 3049 1590 3104 armenias
1635 3063 1874 3106 resona-

225 3129 386 3186 bant.
407 3132 722 3190 Hauriebat
757 3134 855 3191 ille
886 3149 951 3191 ac
986 3136 1333 3206 degustabat
1360 3137 1708 3194 suavitatem
1733 3151 1869 3194 vase

223 3217 451 3288 fragilis
473 3223 742 3293 corporis
764 3224 1126 3296 ampliorem,
1156 3223 1520 3282 nec‘munera
1545 3225 1642 3282 Dei
1669 3241 1872 3296 super-

226 3307 505 3365 undantia
528 3325 668 3366 caro
691 3311 914 3369 inﬁrma
939 3314 1433 3384 comprehendere
1453 3314 1542 3371 vel
1569 3315 1864 3372 continer;

223 3395 476 3453 valebat.
505 3398 878 3457 Laudabatur
896 3403 968 3457 ab
992 3402 1212 3472 angelis
1234 3403 1454 3459 sanctis
1472 3403 1662 3472 gratia
1685 3404 1783 3459 Dei
1807 3407 1868 3458 ct

219 3485 626 3544 misericordia
660 3488 716 3544 in
745 3495 982 3547 sanctos
1005 3491 1130 3559 ejus
1156 3495 1215 3547 et
1237 3497 1542 3562 respectus
1565 3491 1619 3546 in
1643 3491 1868 3549 electos

220 3573 402 3631 illius.
425 3576 680 3646 Cumque
702 3580 786 3634 tot
810 3579 1018 3648 gaudia
1038 3579 1090 3634 in
1112 3584 1436 3651 conSpectu
1452 3580 1712 3652 episcOpi
1738 3583 1868 3638 cho-

219 3677 318 3719 rea
341 3663 606 3721 coelestis
627 3666 914 3736 exibet-et,
929 3667 1000 3724 ad
1016 3669 1340 3740 profectum
1360 3669 1864 3740 supplendumque

219 3752 406 3808 totius
429 3758 647 3810 sanctae
670 3755 936 3812 ecclesiae
961 3757 1316 3828 praesidium,
1346 3761 1578 3813 sanctos
1603 3763 1866 3815 anteces-

217 3855 386 3898 sores
407 3857 546 3899 suos
568 3843 876 3915 episcopos
900 3845 1176 3915 Maurum,
1195 3846 1507 3912 Salvinum,
1535 3848 1861 3918 Aratorem,

218 3927 319 3985 ille
351 3936 687 3988 sanctorum
719 3937 958 3989 senatus
993 3933 1294 4004 revelavit,
1331 3949 1576 4004 quorum
1609 3941 1774 3991 erant
1808 3937 1864 3992 in

219 4031 329 4074 suo
356 4019 605 4089 collegio
637 4020 862 4088 animae,
897 4036 1146 4092 corpora
1178 4037 1318 4078 vero
1349 4027 1524 4079 terrm
1551 4023 1776 4079 credita
1809 4025 1866 4079 in

221 4105 549 4175 ignorantia
583 4107 949 4164 celabantur.
985 4111 1118 4165 Haec
1149 4124 1407 4174 munera,
1437 4111 1556 4166 haec
1587 4115 1701 4166 tam
1739 4127 1866 4182 pre-

221 4193 381 4250 ciosa
417 4195 674 4267 symbola
698 4195 967 4252 caelestes
987 4196 1259 4253 concives
1283 4197 1500 4268 [ποερὶιὶ
1524 4213 1630 4254 suo
1653 4203 1711 4253 et
1733 4214 1868 4255 eon-

218 4281 330 4338 civi
359 4282 411 4336 in
433 4283 822 4340 muniﬁcentia
841 4283 1224 4354 reliquerunt,
1243 4285 1340 4354 qui
1367 4286 1564 4341 multis
1579 4291 1713 4343 ante
1735 4302 1866 4344 eum

223 4370 390 4426 anni;
427 4371 844 4428 Virdunenscm
875 4372 1196 4428 mcclesiam
1228 4379 1526 4443 rexerunt,
1549 4379 1604 4430 et
1629 4377 1869 4447 conjun-

221 4460 301 4518 cti
329 4462 445 4517 Deo
467 4460 764 4530 conjuncti
789 4475 1019 4532 quoque
1043 4461 1201 4518 fuere
1225 4463 1518 4533 sepulcro.
1539 4463 1720 4534 Igitur
1739 4471 1866 4535 post

223 4548 621 4606 visitationem
647 4554 760 4605 tam
783 4549 1130 4619 mirabilem,
1154 4565 1283 4607 cum
1305 4551 1401 4606 lux
1423 4556 1482 4606 et
1505 4552 1690 4621 angeli
1715 4553 1866 4609 coelo

225 4651 288 4694 se
307 4637 694 4708 recepissent,
715 4637 794 4692 illi
821 4639 917 4710 qui
941 4639 1216 4696 cubiculo
1239 4639 1408 4696 simul
1434 4639 1682 4707 inerant,
1702 4645 1866 4698 tanto
1896 4629 1948 4688 D

224 4727 460 4782 attoniti
509 4726 790 4783 miraculo
831 4741 979 4800 pene
1009 4727 1306 4784 exanimes
1337 4733 1470 4784 sunt
1506 4727 1716 4784 redditi
1745 4735 1869 4786 stu-

227 4827 370 4886 pore
389 4814 604 4872 divino.
630 4815 853 4882 Quibus
875 4819 1115 4872 sanctus
1139 4816 1237 4871 Dei
1263 4816 1580 4872 fortissima
1607 4817 1870 4888 increpa-

223 4903 385 4958 tione
415 4903 736 4974 probibuit,
771 4918 842 4960 ne
872 4902 974 4960 ulli
1008 4903 1302 4960 hominum
1338 4903 1460 4960 haec
1490 4903 1734 4960 dicendo
1765 4921 1870 4976 pu-

227 4991 540 5062 blicarent,
556 4991 830 5062 quamdiu
846 4991 973 5062 ipse
997 4991 1053 5047 in
1077 4991 1248 5062 hujus
1268 4991 1404 5050 vitae
1425 4992 1721 5049 curriculo
1739 5007 1870 5065 per-

227 5083 509 5136 maneret.
529 5079 738 5136 Levata
763 5085 896 5138 sunt
921 5093 1062 5150 ergo
1085 5087 1418 5138 sanctorum
1443 5095 1690 5150 corpora
1725 5095 1868 5138 auro

223 5167 430 5226 obrizo
456 5167 832 5239 preciosiora,
852 5167 993 5224 etin
1015 5167 1288 5238 ecclesia,
1316 5168 1412 5225 ubi
1436 5167 1632 5224 sedem
1657 5169 1870 5226 habue-

221 5259 359 5314 rant
389 5255 792 5327 requietionis,
824 5255 1011 5314 sancti
1062 5255 1223 5312 Petri
1272 5255 1526 5328 apostoli
1572 5255 1805 5314 nomine
1834 5271 1866 5314 a

1899 3271 1948 3334 C

1979 2520 2050 2576 ad
2085 2520 2306 2576 ﬁlium:
2360 2519 2548 2584 Omni,
2600 2518 2808 2589 inquit,
2843 2519 3096 2588 tempore
3145 2517 3384 2574 benedic
3434 2519 3624 2574 Dewm

1982 2607 2142 2672 (Τοῦ.
2170 2623 2241 2674 ιν,
2273 2609 2383 2676 20),
2410 2612 2466 2662 et
2493 2605 2736 2676 reliqua.
2764 2607 2926 2662 Sicut
2957 2606 3106 2661 enim
3143 2605 3308 2662 malis
3337 2607 3621 2677 operibus

1981 2696 2150 2750 ﬁdem
2183 2711 2480 2764 negamus,
2515 2695 2600 2750 sic
2631 2699 2867 2750 econtra
2903 2694 3072 2750 bonis
3096 2695 3377 2766 operibus
3409 2694 3625 2750 astrui-

1979 2800 2106 2840 mus
2131 2801 2144 2844 ;
2169 2791 2227 2839 et
2261 2785 2404 2839 bene
2439 2785 2613 2838 Deum
2645 2787 2793 2851 orat,
2821 2784 2916 2852 qui
2948 2796 3122 2853 prece
3142 2788 3242 2839 aut
3269 2783 3420 2840 bono
3441 2797 3620 2853 opere

1979 2872 2305 2944 proximum
2335 2871 2588 2926 ediﬁcat.
2623 2870 2764 2936 Quia
2798 2877 3014 2941 autem,
3049 2871 3196 2928 sicut
3231 2871 3314 2926 illi
3357 2877 3625 2942 pastores

1979 2960 2295 3029 evangelici
2330 2975 2504 3030 supra
2535 2975 2768 3030 gregem
2800 2959 3139 3029 vigilabant,
3169 2960 3246 3015 ita
3273 2961 3382 3016 iste
3414 2961 3628 3017 oratio-

1979 3051 2152 3107 nibus
2181 3052 2295 3106 Deo
2323 3050 2586 3120 acceptis
2633 3048 2918 3105 custodiae
2951 3049 3394 3106 commissorum
3447 3049 3626 3106 insta-

1980 3140 2098 3209 bat,
2136 3139 2266 3194 ideo
2296 3139 2504 3195 meruit
2554 3139 2626 3193 ab
2677 3138 2901 3206 angelis
2946 3138 3197 3208 visitari,
3251 3142 3308 3193 et
3357 3138 3623 3195 mortalis

1981 3228 2166 3284 adhuc
2199 3227 2327 3283 luce
2366 3227 2670 3282 celestium
2705 3227 2946 3297 perfrui.
2983 3228 3052 3282 Et
3081 3226 3234 3283 sicut
3268 3226 3350 3282 illi
3379 3226 3623 3296 gloriam

1979 3316 2034 3372 in
2063 3315 2314 3372 excelsis
2341 3317 2476 3382 Deo,
2509 3319 2564 3370 et
2600 3328 2795 3385 pacem
2830 3316 2990 3370 bonae
3022 3313 3348 3370 voluntatis
3380 3313 3623 3370 homini-

1979 3407 2087 3460 bus
2118 3404 2568 3470 annunciabant,
2597 3403 2674 3458 ita
2704 3403 2800 3458 isti
2825 3403 3000 3458 Deum
3033 3402 3088 3458 in
3123 3416 3229 3457 suo
3257 3405 3462 3458 sancto
3487 3415 3624 3474 pon-

1978 3493 2134 3548 tiﬁce
2157 3492 2582 3562 gloriﬁcabant.
2611 3490 2834 3557 Quomo
2856 3493 2912 3546 lo
2944 3491 3119 3546 etiam
3156 3490 3236 3565 illi
3269 3490 3339 3546 ad
3371 3489 3620 3546 salutem

1977 3581 2173 3638 mundi
2206 3581 2658 3649 designaverunt
2690 3579 3056 3636 nativitatem
3089 3578 3326 3648 Christi,
3363 3579 3473 3636 ista
3525 3576 3624 3634 isti

1975 3672 2046 3728 ad
2072 3671 2320 3726 salutem
2343 3668 2625 3726 zecclesiae
2649 3673 2983 3724 sanctorum
2998 3682 3246 3738 corpora
3268 3671 3620 3722 monstrave-

1975 3763 2130 3816 rnnt.
2167 3759 2350 3828 Igitur
2380 3759 2453 3814 ab
2485 3756 2724 3826 angelis,
2753 3755 2824 3811 ab
2857 3755 3042 3812 anima
3057 3757 3163 3812 bus
3194 3755 3434 3821 sanctis,
3461 3768 3492 3810 a
3525 3768 3624 3811 no-

1978 3850 2068 3906 bis
2091 3848 2267 3904 etiam
2293 3847 2347 3902 in
2370 3859 2616 3916 corpore
2641 3844 2890 3900 minimis
2913 3845 3262 3900 decantetur
3282 3843 3469 3914 gloria
3495 3841 3620 3912 regi

1976 3935 2308 3994 seculorum
2339 3933 2670 4002 immortali,
2699 3931 2997 4002 invisibili,
3026 3932 3122 4002 qui
3152 3936 3242 3988 est
3278 3931 3622 3988 benedictus

1977 4026 2034 4082 in
2067 4023 2285 4080 secula.
2321 4025 2454 4078 llzec
2483 4022 2552 4077 ad
2585 4019 2828 4089 gloriam
2862 4020 2962 4075 Dei
3004 4025 3063 4075 et
3111 4019 3618 4076 commonitionem

1977 4112 2337 4170 audientium
2383 4109 2604 4167 dixisse
2658 4109 2926 4178 suﬁlciat,
2983 4109 3117 4164 hinc
3175 4109 3484 4164 redeamus
3545 4107 3616 4164 ad

2162 4215 2232 4254 m.

2162 4215 2232 4254 m.

1977 4215 2211 4342 “gitana
2243 4289 2342 4341 157
2375 4289 2507 4355 post
2535 4283 2848 4340 transitum
2883 4283 3069 4338 sancti
3120 4282 3349 4338 Martini
3383 4287 3624 4340 sanctus

1978 4373 2289 4432 Eufronius
2322 4371 2604 4427 Eduensis
2630 4371 2946 4442 episcopus
2977 4371 3318 4426 Turonicam
3343 4370 3609 4426 sedem...

1979 4466 2257 4532 regnante
2281 4459 2596 4526 Clothario,
2615 4461 2709 4529 qui
2735 4459 3012 4514 defuncto
3036 4458 3330 4529 Ariberto,
3349 4459 3406 4514 in
3419 4457 3618 4515 sedem

1978 4552 2106 4622 ejus
2133 4550 2497 4620 Sigebertum
2532 4546 2778 4604 induxit.

2053 4639 2249 4710 [Οιιεσ.
2281 4640 2436 4706 Tur.,
2473 4652 2544 4704 Iv,
2578 4637 2654 4706 9.]
2683 4634 3084 4692 Theodeberto
3131 4633 3311 4703 igitur
3359 4645 3499 4702 rege
3545 4630 3616 4688 ad

1978 4741 2231 4800 superna
2248 4721 3075 4794 demigranteﬂheodebaldus
3090 4722 3243 4778 ﬁlius
3256 4723 3628 4793 ejussucces—

1979 4818 2075 4887 sit,
2109 4815 2278 4871 valde
2311 4813 2546 4884 iniquus
2573 4818 2633 4868 et
2666 4811 2799 4866 mali
2833 4811 3072 4881 ingenii,
3106 4811 3204 4882 qui
3236 4810 3382 4866 obiit
3411 4815 3445 4867 7
3470 4823 3622 4866 anno

1979 4904 2141 4974 regni
2176 4903 2286 4959 sui.
2321 4902 2575 4971 Regnum
2606 4899 2736 4970 ejus
2763 4899 3095 4957 Clotharius
3123 4898 3369 4968 accepit.
3397 4896 3624 4954 Childe-

1979 4995 2184 5050 bertus
2217 5004 2447 5062 quoque
2475 4989 2734 5045 l'arieius
2752 4986 2934 5044 obiit:
2959 4991 3018 5043 et
3039 4988 3122 5044 sic
3147 4985 3477 5044 Clotharius
3503 4999 3625 5041 mo-

1980 5079 2274 5136 narchiam
2302 5076 2577 5149 optinuit.
2615 5077 2955 5146 (ηιίοπεαίοθ.
2989 5076 3214 5142 Garat.)
3251 5074 3354 5130 Hic
3400 5072 3627 5130 Clotha-

1977 5169 2103 5226 rius
2131 5179 2392 5225 sororem
2425 5179 2586 5242 suam
2621 5166 2911 5221 Ansberto
2945 5163 3001 5218 in
3034 5162 3464 5219 matrimonium
3491 5161 3622 5232 jun-

1977 5257 2084 5327 xit,
2115 5255 2215 5328 qui
2246 5259 2304 5312 et
2342 5254 2544 5324 genuit
2595 5251 2936 5321 Arnoldum,
2973 5250 3266 5308 Arnoldus
3314 5249 3618 5308 Arnulfum

1813 5387 2034 5446 NOTAE.

297 5503 411 5575 (44)
441 5499 743 5575 Duplicem
773 5499 1590 5575 Agerici_Vitam,_breviorem
1615 5515 1784 5557 unam
1807 5505 1866 5558 et

223 5569 617 5644 antiquior-cm
651 5569 1456 5644 illam,'ampjioremalteram
1482 5585 1546 5628 se
1562 5578 1714 5644 ante
1733 5587 1869 5628 ocu-

225 5647 314 5704 los
342 5641 616 5700 habuisse
645 5641 1350 5714 testantur'Bollandistze
1389 5645 1516 5699 Act.
1552 5641 1645 5698 SS.
1684 5643 1867 5714 Sept.,

133 5729 144 5737 '
221 5721 268 5774 t.
304 5717 371 5774 ll.
403 5717 528 5772 222.
565 5713 918 5786 Ampliorem
951 5717 1218 5772 secutum
1249 5727 1383 5770 esse
1423 5715 1740 5784 nugonem,
1762 5713 1872 5785 ’pa-

1974 5504 2062 5556 tet
2094 5515 2165 5556 ex
2197 5499 2328 5555 loco
2355 5496 2601 5568 quodam
2626 5495 2772 5568 Vitae
2796 5493 3231 5568 brevioristqui
3254 5493 3291 5550 l.
3315 5493 3618 5568 l.legitur.

1977 5573 2058 5627 Ex
2089 5571 2198 5627 hoc
2233 5565 2390 5626 fonte
2421 5567 2666 5624 alteram
2699 5566 2854 5622 illam
2887 5565 3074 5624 Vitam
3097 5565 3339 5624 ﬁnxisse
3361 5565 3621 5639 Hugonis

1980 5641 2317 5698 narratione
2348 5639 2652 5712 probatur.
2685 5639 2746 5694 K.
