3922 6410
327 392 441 469 128

1284 402 1654 474 HUGONIS
1695 406 2049 474 ABBATIS
2090 408 2773 475 FLAVINIACENSIS

3618 400 3749 467 124

327 536 664 611 episcOpum
723 540 1083 611 Mettensem,
1121 542 1401 602 Arnulfus
1442 546 1747 605 Anchisem
1782 545 1877 618 qui
1910 550 1969 604 et
1999 544 2055 608 A
2083 560 2261 617 gnare
2296 547 2494 619 coepit,
2522 551 2581 603 et
2606 543 2869 617 regnavit
2892 540 3059 602 annis
3084 538 3560 614 quatuordecim;
3584 539 3752 598 Gun-

328 627 666 699 Ansegisus,
726 632 1040 701 Ansegisus
1086 634 1411 706 Pippinum,
1468 636 1750 708 Pippinus
1803 638 1973 692 Caro-

329 713 466 771 lum.

401 804 597 875 [Gaza
626 810 778 877 Tur.,
805 825 878 877 IV,
905 811 1018 882 20.]
1045 813 1122 867 Eo
1156 817 1416 883 tempore
1438 812 1769 869 Clotharius
1795 814 1971 869 filium

332 906 498 949 suum
533 895 858 953 Chrannum
889 904 1089 956 contra
1122 915 1183 956 se
1225 901 1629 969 rebellantem,
1663 906 1719 955 et
1756 917 1848 957 res
1877 917 1973 957 no-

330 995 432 1037 vas
462 983 817 1054 molientem,
843 1002 970 1043 cum
1006 988 1166 1059 prius
1190 996 1398 1060 captus
1422 990 1627 1045 fuisset
1651 996 1705 1046 et
1733 991 1970 1060 ligatus,

324 1069 499 1139 jussit
535 1072 665 1140 igne
687 1076 967 1130 comburi.
996 1077 1133 1131 Post
1161 1079 1265 1133 hec
1290 1078 1622 1134 Clotharius
1644 1094 1748 1149 pro
1772 1094 1976 1148 pecca-

329 1158 407 1213 tis
441 1160 559 1215 suis
593 1161 659 1215 ad
695 1162 889 1218 limina
922 1166 1109 1219 sancti
1157 1167 1379 1221 Martini
1432 1168 1787 1237 properavit,
1827 1167 1974 1222 unde

330 1246 563 1304 rediens
596 1252 947 1321 Compendio
980 1253 1113 1308 villa
1155 1255 1299 1309 obiit
1351 1270 1500 1311 anno
1550 1257 1618 1310 ab
1666 1257 1773 1310 inc.
1813 1257 1969 1310 Dom.

332 1338 453 1404 569,
485 1339 679 1393 aetatis
724 1355 844 1395 suae
895 1355 1043 1397 anno
1092 1347 1178 1411 95,
1215 1358 1362 1398 anno
1413 1345 1572 1413 regni
1619 1345 1706 1399 sui
1752 1344 1855 1411 5t;
1889 1359 1976 1398 re-

329 1436 503 1489 gnum
536 1427 661 1505 ejus
694 1434 947 1497 quatuor
981 1430 1079 1485 filii
1126 1431 1252 1499 ejus
1302 1432 1453 1488 inter
1507 1448 1569 1489 se
1622 1433 1969 1488 diviserunt.

333 1512 503 1574 (Vita
526 1516 736 1586 Praef.)
763 1518 1125 1587 Chilpericns
1151 1535 1389 1589 regnum
1412 1522 1595 1590 patris
1617 1522 1871 1593 optinuit
1890 1538 1976 1578 se-

330 1598 457 1654 dem
493 1602 713 1659 habens
743 1606 1108 1674 Suessionis;
1142 1609 1247 1662 sub
1282 1608 1348 1640 ²¹⁷
1375 1625 1485 1679 quo
1518 1610 1628 1681 (45)
1654 1626 1859 1681 passus
1882 1615 1970 1667 est

329 1693 567 1745 sanctus
600 1692 915 1761 Pravjectus
948 1700 1167 1764 martyr
1195 1701 1253 1750 et
1288 1698 1547 1767 pontifex
1584 1702 1970 1755 Arvernorum

330 1774 680 1836 interfectus
711 1795 739 1834 a
775 1783 895 1837 suis
923 1783 1168 1851 civibus,
1206 1799 1354 1839 anno
1388 1787 1459 1840 ab
1508 1787 1615 1841 inc.
1652 1789 1809 1855 Dom,
1847 1793 1968 1855 58f),

418 1869 702 1959 successit
740 1874 977 1927 sanctus
1013 1872 1233 1941 Avitus,
1263 1873 1357 1942 qui
1395 1875 1622 1944 prmfuit
1651 1890 1757 1930 non
1785 1876 1970 1946 plenis
2002 1901 2053 1959 Β

328 1955 392 2005 15
420 1954 585 2008 annis
630 1958 762 2025 (46),
815 1964 869 2011 et
910 1960 959 2013 ci
1006 1965 1244 2015 sanctus
1298 1962 1541 2018 Bonitus
1593 1966 1778 2033 primo
1824 1980 1971 2019 anno

326 2040 623 2097 Tcodcrici
667 2048 970 2103 sueccssit.
1020 2050 1188 2109 (Vita
1245 2050 1497 2117 Boniti.)
1545 2052 1851 2107 Aribertus
1885 2068 1972 2108 re-

324 2142 499 2195 gnum
518 2131 893 2199 Childeberti,
914 2136 1108 2191 sedem
1137 2137 1353 2192 habens
1378 2139 1664 2195 Parisins:
1687 2141 1974 2196 Guntran-

329 2231 437 2272 nus
463 2233 700 2287 regnum
736 2222 1095 2280 Clodomcris
1127 2228 1320 2279 sedem
1356 2228 1574 2282 habens
1606 2229 1967 2285 Aurelianis:

331 2305 669 2373 Sigebertus
702 2324 940 2377 regnum
970 2313 1329 2381 Theodorici,
1358 2315 1552 2370 sedem
1586 2317 1805 2372 habens
1837 2319 1975 2373 Met-

329 2393 451 2447 tim.
488 2394 781 2469 [Fnsnac]
816 2400 959 2453 Huni
1006 2401 1219 2456 Gallias
1269 2403 1661 2473 expetiernnt,
1700 2420 1845 2473 quos
1891 2407 1972 2461 Si-

328 2483 607 2550 gebertus
638 2485 797 2555 vicit,
827 2488 1068 2555 fugavit,
1095 2495 1299 2560 etpost
1327 2506 1455 2545 cum
1481 2492 1564 2547 eis
1591 2507 1789 2563 pacem
1820 2494 1967 2549 iniit.

328 2570 690 2641 Chilpericns
751 2575 972 2631 interea
1033 2579 1370 2634 Renienscm
1435 2581 1635 2636 urbem
1712 2588 1768 2637 et
1828 2583 1973 2639 alias

328 2657 506 2714 urbes
532 2660 601 2715 de
621 2676 800 2730 regno
825 2665 1109 2731 Sigeberti
1136 2667 1369 2731 invasit,
1389 2670 1540 2725 unde
1568 2669 1780 2726 bellum
1798 2671 1971 2727 civile

327 2744 483 2801 inter
512 2761 615 2803 eos
653 2751 779 2805 fuit.
815 2753 1155 2821 Sigebertus
1197 2770 1333 2811 vero
1380 2757 1742 2813 Suessionem
1791 2760 1971 2830 obpu-

327 2840 485 2904 gnat,
520 2838 981 2897 Theodehertum
1018 2842 1328 2913 Chilperici
1369 2845 1547 2901 filium
1579 2847 1735 2917 capit
1768 2854 1828 2903 et
1855 2849 1972 2904 exi-

328 2919 407 2978 lio
429 2922 659 2994 religat,
687 2926 871 2998 ipsum
898 2935 1156 2999 superat,
1182 2936 1239 2985 et
1266 2932 1441 2987 urbes
1466 2934 1694 3004 recipit.
1713 2937 1853 2991 Post
1877 2951 1972 2991 an-

328 3024 463 3065 num
500 3011 677 3069 ﬁlium
706 3015 757 3069 ei
792 3016 1007 3086 reddit,
1035 3021 1091 3072 et
1120 3032 1319 3088 pacem
1354 3020 1562 3076 firmat.
1598 3023 1971 3080 Guntrannus

328 3096 384 3152 in
422 3099 755 3169 Burgundia
786 3118 1037 3173 regnans
1068 3106 1174 3161 fuit
1206 3108 1294 3161 vir
1328 3108 1514 3165 bonus
1545 3114 1602 3164 et
1636 3110 1971 3170 elemosinis

328 3184 584 3243 deditus.
610 3190 951 3259 Sigebertus
984 3209 1123 3250 vero
1154 3194 1379 3255 videns.
1408 3198 1561 3268 quod
1585 3199 1892 3258 Aribertus
1913 3209 1971 3259 et

330 3272 705 3334 Guntrannus
740 3280 885 3336 viles
917 3297 1125 3338 uxores
1155 3284 1509 3354 acciperent,
1540 3287 1806 3356 Brunam,
1844 3305 1970 3359 quas

327 3365 385 3416 et
405 3364 796 3425 Brunichildis
819 3368 1056 3441 dicitur,
1075 3372 1247 3428 filiam
1273 3373 1641 3443 Athanagildi
1668 3378 1825 3446 regis
1852 3379 1973 3435 llis-

328 3453 534 3524 paniaa,
567 3470 804 3513 uxorem
837 3460 1084 3531 accepit,
1120 3462 1287 3531 cujus
1320 3463 1569 3519 consilio
1613 3464 1791 3521 multa
1826 3467 1970 3525 mala

328 3544 388 3595 et
437 3543 740 3611 sanguinis
770 3546 976 3603 effusio
1009 3548 1064 3602 in
1096 3550 1333 3605 Francia
1368 3552 1517 3606 facta
1553 3558 1710 3608 sunt.
1748 3554 1975 3625 Chilpe-

328 3626 490 3685 ricus
518 3644 746 3701 quoque
779 3648 1042 3691 sororem
1074 3636 1200 3705 ejus
1231 3638 1709 3695 Gachilissindam
1735 3656 1971 3698 uxorem

330 3714 518 3784 duxit,
553 3718 894 3791 relinquens
946 3723 1381 3793 Fredegundem
1431 3731 1485 3782 et
1542 3727 1686 3784 alias
1734 3744 1969 3793 uxores,

329 3816 475 3871 quas
494 3805 768 3878 habebat,
795 3824 964 3878 quam
997 3818 1199 3880 postea
1234 3813 1419 3869 fracto
1441 3813 1796 3887 juramento,
1817 3819 1971 3888 quod

328 3890 616 3950 habuerat
646 3896 715 3952 ad
753 3897 991 3967 Gothos,
1015 3913 1086 3954 ne
1122 3914 1247 3955 eam
1288 3900 1359 3956 de
1403 3916 1580 3971 regno
1625 3904 1969 3975 deponeret,

329 3980 610 4049 sugillare
662 3984 819 4055 fecit,
852 3992 912 4042 et
958 3988 1042 4043 sic
1087 3988 1519 4059 Fredegundem
1561 3993 1807 4064 recepit,
1845 4010 1970 4065 quae

328 4071 697 4138 postmodum
731 4075 1199 4132 crudelissimam
1231 4079 1406 4134 vitam
1440 4078 1612 4149 digna
1640 4088 1825 4138 morte
1850 4084 1974 4138 fini-

328 4157 429 4211 vit.
467 4158 663 4229 [ϐκεῦ.
701 4163 855 4231 Tur.,
891 4179 942 4232 ν,
975 4165 1088 4236 29.]
1119 4165 1219 4221 Hic
1276 4167 1501 4223 Nerone
1546 4170 1711 4239 pejor
1758 4176 1818 4226 et
1868 4174 1975 4227 He-

329 4246 473 4303 rode
506 4248 790 4307 ecclesias
817 4252 916 4307 Dei
948 4254 1219 4324 vastavit,
1254 4260 1311 4311 et
1363 4256 1581 4312 multos
1632 4264 1969 4316 sanctorum

329 4335 661 4405 interfecit;
695 4339 1121 4412 descriptiones
1154 4344 1543 4412 gravissimas
1566 4346 1619 4401 in
1654 4352 1773 4402 toto
1792 4362 1972 4418 regno

328 4436 436 4480 suo
468 4425 626 4495 fecit,
655 4442 797 4496 quas
817 4442 945 4485 cum
971 4430 1150 4507 ferme
1182 4446 1284 4502 per
1317 4446 1485 4488 omne
1510 4448 1748 4503 regnum
1773 4450 1974 4507 perce-

326 4511 535 4584 pisset,
562 4514 657 4584 qui
693 4516 938 4587 ferebat,
964 4532 994 4573 a
1022 4506 1401 4576 Lemovicinis
1429 4506 1813 4593 interceptus,
1842 4540 1974 4594 per-

2085 641 2345 691 tramnus
2377 651 2607 706 quoque
2644 633 3051 704 Langobardos
3083 647 3265 703 regno
3297 646 3404 688 suo
3437 631 3752 688 irruentes

2084 728 2243 780 tanta
2276 725 2433 781 caede
2467 724 2815 795 perdomuit,
2840 730 2902 778 ut
2933 737 3004 777 ex
3026 722 3177 777 omni
3204 720 3470 776 exercitu
3496 719 3745 777 illorum

2085 814 2471 884 quadraginta
2486 818 2709 869 tantum
2732 811 2833 866 ltal
2848 812 2952 867 iam
2971 810 3248 866 redirent.
3274 809 3412 871 (Fol.
3432 806 3563 880 ιδ’.)
3589 811 3751 865 Post

2084 902 2206 958 haec
2238 903 2601 974 Chilpericns
2634 906 2693 955 et
2719 901 3059 969 Sigebertus
3082 898 3391 955 consilium
3417 899 3647 963 ineunt,
3677 904 3747 953 ut

2084 992 2502 1047 Guntranmum
2527 989 2902 1058 interficiant,
2921 992 2979 1042 et
3003 1003 3241 1058 regnum
3265 988 3391 1058 ejus
3414 986 3738 1059 accipiant.

2086 1081 2192 1135 Sed
2226 1081 2445 1135 Domini
2478 1079 2783 1134 voluntate
2837 1077 3042 1133 mutati
3093 1076 3343 1133 consilio
3391 1076 3746 1145 Sigebertus

2086 1184 2264 1239 super
2287 1168 2674 1240 Chilpericum
2703 1167 2897 1235 irruit,
2915 1167 3011 1236 qui
3030 1166 3175 1235 fugit
3196 1168 3536 1235 Tornacnin,
3554 1169 3613 1221 et
3635 1164 3742 1218 ille

2085 1258 2345 1314 Parisius
2378 1258 2553 1325 venit,
2582 1258 2675 1312 ubi
2708 1260 3020 1325 correptus
3044 1270 3073 1310 a
3093 1259 3298 1311 sancto
3324 1255 3605 1309 Germano
3629 1255 3743 1307 Pa-

2086 1346 2728 1411 risiensi,utdesisteret
2748 1345 2983 1399 fratrem
3000 1342 3733 1414 persequi,andirenoluit.

2087 1435 2185 1489 Cui
2211 1435 2521 1505 episcopus
2541 1433 2715 1488 dixit:
2736 1432 3076 1502 Scriptum:
3098 1429 3739 1503 Quiparatfrat'risuo

2068 1524 2521 1593 faveamqn'wr
2544 1520 2766 1578 incidit
2786 1521 2849 1576 in
2873 1533 3019 1575 eam.
3043 1520 3292 1575 Veniens
3317 1523 3509 1575 autem
3534 1517 3738 1574 Victu-

2085 1611 2261 1679 riaco,
2291 1626 2489 1666 omnes
2521 1608 2890 1665 Neustrasios
2925 1608 2978 1662 in
3014 1608 3368 1663 deditionem
3397 1606 3647 1677 recepit,
3674 1612 3738 1661 et

2085 1699 2161 1754 ibi
2197 1700 2332 1754 dolo
2366 1700 2709 1754 interfectus
2740 1701 2831 1751 est
2865 1711 2892 1752 a
2926 1696 3153 1752 duobus
3188 1696 3405 1767 pueris,
3434 1694 3735 1765 quietiam

2085 1788 2433 1858 deprehensi
2454 1786 2744 1842 interfecti
2762 1791 2918 1853 sunt,
2936 1790 2992 1840 et
3011 1785 3091 1840 sic
3109 1784 3471 1855 Chilpericns
3488 1796 3735 1852 regnum

2086 1876 2330 1946 recepit.
2356 1875 2554 1945 [Gneo
2580 1877 2732 1933 Tur.,
2761 1890 2833 1942 IV,
2854 1874 2963 1944 41.]
2990 1872 3147 1928 Obiit
3170 1876 3361 1927 autem
3388 1871 3735 1942 Sigebertus

2086 1979 2234 2019 anno
2266 1964 2425 2029 regni
2451 1963 2537 2017 sui
2564 1968 2644 2031 l3,
2662 1967 2835 2018 aetate
2861 1961 3344 2031 quadragenaria,
3366 1964 3425 2014 et
3447 1960 3734 2029 regnabat

2085 2052 2495 2107 Childebertns
2524 2052 2675 2107 filius
2707 2051 2832 2119 ejus
2867 2066 2970 2121 pro
2999 2064 3067 2103 eo
3088 2063 3236 2103 anno
3262 2051 3381 2117 582,
3408 2048 3734 2104 indictione

2084 2143 2165 2193 15.
2188 2140 2481 2210 [Fanni-30.]
2502 2138 2891 2195 Brunichildis
2916 2138 3177 2193 Parisius
3192 2138 3297 2192 sub
3320 2135 3582 2192 custodia
3597 2151 3730 2192 cum

2084 2227 2199 2283 filio
2219 2228 2595 2284 Childeberto
2619 2228 2990 2283 detinebatur
3007 2244 3019 2289 ;
3037 2226 3136 2280 sed
3157 2240 3300 2296 puer
3316 2225 3368 2280 in
3388 2240 3521 2296 pera
3538 2239 3642 2296 per
3660 2228 3734 2280 fe.

2082 2322 2340 2371 uestram
2366 2316 2717 2384 demittitur,
2733 2320 2790 2370 et
2806 2316 3023 2369 Mettim
3041 2329 3068 2368 a
3086 2313 3483 2369 Gundebaudo
3504 2313 3653 2370 duce
3671 2313 3727 2368 in

2084 2418 2261 2471 regno
2283 2405 2465 2474 patris
2501 2405 2867 2459 sublimatur.
2898 2402 3500 2474 [Gn£c.Tur.,v,1,2.]
3528 2401 3730 2457 Bruni-

2080 2492 2616 2561 childisverojussu
2638 2491 2950 2562 Cbilperici
2972 2491 3353 2558 Rotomagum
3378 2488 3555 2545 exilio
3570 2490 3729 2544 dam-

2083 2586 2254 2636 natur
2270 2597 2335 2636 an
2348 2598 2417 2636 no
2433 2580 2619 2651 primo
2638 2581 2795 2649 regni
2816 2579 3193 2634 Childeberti.
3214 2581 3292 2634 Eo
3315 2592 3463 2634 anno
3488 2578 3723 2635 transiit

2083 2674 2321 2725 sanctus
2346 2671 2664 2725 Germanus
2696 2668 3051 2723 Parisiorum
3075 2666 3727 2738 episcopus,etRegna-

2082 2758 2333 2816 mundus
2373 2757 2678 2813 successit.
2705 2754 3070 2828 Chilpericns
3111 2756 3310 2826 itaque
3332 2754 3508 2812 ﬁlium
3554 2770 3721 2811 suum

2082 2849 2405 2902 Meroveum
2442 2845 2692 2901 Pictavis
2711 2860 2839 2900 cum
2864 2843 3123 2900 exercitu
3144 2843 3379 2913 direxit,
3398 2843 3492 2914 qui
3521 2843 3723 2899 relicta

2081 2934 2449 2991 ordinatione
2468 2934 2668 3005 patris,
2691 2934 2967 3002 adjuncto
2990 2932 3100 2989 sibi
3127 2932 3484 2988 Guntramno
3499 2932 3724 2988 Bosone

2082 3024 2247 3092 duce,
2272 3024 2653 3090 Rotomagum
2682 3021 2870 3092 petiit,
2892 3026 2952 3076 et
2986 3020 3411 3076 Brunichildem
3436 3020 3491 3075 in
3526 3020 3725 3090 conju-

2080 3112 2235 3182 gium
2252 3111 2495 3181 accepit.
2515 3109 2677 3175 Quod
2692 3109 2934 3165 audiens
2951 3108 3316 3179 Chilpericns
3339 3109 3721 3177 Rotomagum

2085 3200 2238 3256 venit
2254 3204 2311 3255 et
2328 3204 2456 3272 post
2475 3196 3158 3270 paucos‘dies,assnmpto
3171 3196 3723 3265 Meroveo,Suessio-

2082 3289 2171 3346 nis
2195 3288 2388 3357 rediit,
2410 3293 2469 3343 et
2493 3303 2603 3343 non
2630 3286 2812 3343 multo
2837 3291 2965 3357 post
2988 3291 3230 3358 propter
3254 3285 3719 3357 conjunctionem

2085 3376 2830 3447 Brunichildissuspectnm
2860 3375 3078 3431 habens
3111 3373 3422 3445 spoliatum
3452 3374 3722 3430 omnibus

2080 3465 2363 3523 custodia
2397 3464 2764 3535 mancipavit.
2802 3463 2876 3533 (v,
2912 3467 2989 3534 3.)
3024 3463 3129 3529 Qui
3162 3463 3296 3518 dum
3350 3462 3401 3517 in
3452 3461 3720 3519 custodia

2084 3555 2411 3611 detineretu
2426 3557 2819 3622 r,tonsoratus
2833 3555 3292 3621 est,mutataque
3306 3554 3468 3605 veste
3484 3551 3721 3622 presby-

2082 3648 2174 3699 ter
2194 3643 2519 3709 ordinatur,
2537 3646 2593 3696 et
2613 3641 2835 3710 fugiens
2858 3639 3163 3697 ecclesiam
3187 3639 3360 3711 petiit
3380 3639 3563 3695 sancti
3586 3639 3721 3695 Mar-

2084 3730 2186 3786 tini
2222 3730 2372 3800 apud
2404 3732 2605 3786 urbem
2652 3730 3014 3797 Turonicam,
3050 3728 3145 3784 ubi
3196 3728 3316 3783 haec
3367 3730 3527 3797 gesta
3562 3732 3716 3784 sunt.

2084 3818 2505 3890 (v,1t.)Latuit
2530 3819 2583 3873 in
2607 3818 2804 3873 eadem
2834 3817 3073 3873 basilica
3104 3832 3209 3889 per
3243 3816 3387 3873 duos
3408 3830 3648 3885 menses,
3663 3822 3718 3873 et

2083 3913 2214 3978 post
2247 3908 2367 3963 hzcc
2410 3907 2479 3962 ad
2514 3906 2944 3963 Brunichildem
2980 3906 3177 3975 rediit,
3208 3909 3264 3960 et
3297 3905 3370 3961 ab
3402 3904 3720 3962 Austrasiis

2084 4000 2356 4066 receptus
2388 4010 2497 4050 non
2531 4000 2643 4050 est.
2680 3996 2815 4050 Cum
2849 4009 2992 4065 ergo
3023 3995 3078 4049 in
3120 3994 3383 4049 Remensi
3418 3994 3717 4064 Campania

2083 4083 2364 4153 latitaret,
2424 4082 2627 4139 dolose
2682 4088 2892 4154 captus
2952 4084 3024 4138 ab
3112 4080 3613 4148 Atrebatensibus,
3661 4085 3717 4136 et

2082 4172 2294 4227 timens
2339 4186 2409 4227 ne
2461 4172 2611 4243 patri
2669 4171 3037 4238 redderetur,
3103 4170 3324 4226 socium
3382 4169 3602 4225 monuit
3658 4172 3719 4225 ut

2082 4259 2336 4316 irrueret
2367 4274 2545 4331 super
2587 4274 2738 4315 eum.
2775 4259 2898 4324 Quo
2955 4259 3108 4313 facto
3161 4257 3504 4313 adveniente
3565 4269 3715 4326 rege,

2083 4352 2349 4406 mortuus
2397 4348 2668 4404 inventus
2716 4353 2829 4402 est.

2154 4435 2229 4505 (v,
2262 4437 2375 4508 3t.)
2408 4436 2508 4491 His
2539 4436 2745 4491 diebus
2776 4433 2926 4505 apud
2979 4433 3538 4504 Constantinopolim
3590 4447 3715 4489 cum

2083 4523 2330 4579 amentia
2364 4528 2595 4579 mortuo
2624 4523 2874 4594 Justino,
2892 4522 3157 4578 Tiberius
3192 4521 3505 4592 imperator
3537 4520 3718 4577 factus

329 4606 562 4672 emptus
575 4607 753 4673 est,et
774 4605 1420 4677 descriptionescombu
1434 4611 1549 4664 stas.
1572 4610 1741 4671 (Vita
1757 4612 1968 4684 Prcej.)
2001 4622 2053 4683 Ι)
2083 4618 2172 4670 est
2196 4612 2397 4681 largus
2420 4611 2472 4667 in
2499 4611 2904 4682 eleemosynis.
2933 4611 3007 4681 (v,
3036 4612 3147 4682 38.)
3171 4609 3383 4676 Quinto
3406 4623 3552 4666 anno
3576 4608 3721 4665 Chil-

331 4689 417 4744 ΑΙ)
447 4688 555 4746 hoc
583 4691 756 4748 etiam
780 4698 1121 4765 peremptus
1140 4699 1230 4750 est
1256 4696 1468 4751 Hector
1491 4697 1761 4754 Massilia)
1785 4704 1905 4769 pati
1925 4700 1968 4755 i-

327 4776 475 4847 cius,
509 4793 639 4835 cum
673 4780 746 4836 ab
791 4794 860 4837 eo
911 4787 1150 4839 sanctus
1198 4782 1519 4852 Praejectus
1571 4785 1786 4856 injuste
1834 4793 1969 4844 ante

328 4863 516 4936 ipsum
550 4866 786 4925 delatus
813 4873 993 4939 esset,
1027 4874 1088 4925 et
1117 4883 1349 4927 causam
1392 4870 1569 4927 delati
1605 4875 1871 4945 probare,
1906 4881 1971 4932 ut

328 4951 575 5026 dixerat,
611 4954 994 5026 nequivisset.

403 5042 697 5115 [Faenza]
734 5047 896 5100 Anno
928 5045 1000 5101 ab
1031 5044 1141 5101 inc.
1172 5046 1329 5102 Dom.
1358 5050 1478 5117 566,
1510 5047 1850 5118 Sigebertus
1881 5065 1968 5106 re-

2084 4700 2310 4757 deberti
2336 4713 2539 4769 magna
2561 4700 3013 4756 christianorum
3036 4698 3417 4769 persequutio
3443 4697 3498 4752 in
3523 4697 3717 4768 HiSpa-

2083 4789 2193 4845 niis
2225 4789 2375 4845 facta
2406 4794 2515 4844 est.
2552 4788 2626 4857 (v,
2652 4792 2765 4861 35.)
2791 4788 3205 4857 Dysentericus
3228 4799 3460 4858 quoque
3484 4785 3712 4843 morbus

2084 4875 2299 4933 Gallias
2330 4875 2784 4948 praeoccupavit,
2812 4890 2925 4947 quo
2956 4876 3421 4946 ingravescente,
3441 4872 3716 4946 Chilperi-

2082 4979 2186 5020 cus
2200 4964 2431 5021 adultos
2447 4965 2563 5034 jam
2578 4968 2701 5021 tres
2714 4963 2866 5020 filios
2883 4978 2995 5019 uno
3008 4976 3157 5019 anno
3173 4960 3451 5035 perdidit;
3469 4964 3710 5032 quartus

2085 5052 2180 5122 qui
2216 5052 2528 5123 superfuit,
2555 5052 2783 5108 nomine
2808 5051 3151 5119 Clodoveus,
3176 5050 3401 5106 carceri
3436 5048 3715 5121 mancipa-

1693 5172 1927 5227 νΑκυΕ
1971 5174 2366 5230 LECTIONES.

395 5260 662 5335 ’f'sub—
700 5264 1004 5322 Teoderici
1043 5266 1965 5337 successitinmargineadditur.

1912 5392 2131 5447 ΝΟΤᾹΞ.

398 5480 511 5555 (ιδ)
545 5481 767 5554 Duplex
801 5484 928 5539 Vita
950 5486 1003 5540 S.
1030 5485 1297 5555 Praejecti
1331 5486 1504 5542 testis
1533 5493 1642 5555 est,
1664 5497 1793 5543 eum
1818 5488 1969 5544 Chil-

328 5552 527 5610 derico
561 5552 699 5624 rege
731 5556 1100 5613 interfectum
1133 5552 1261 5613 esse
1290 5556 1444 5613 circa
1478 5571 1507 5611 a
1540 5552 1666 5622 674,
1701 5563 1765 5613 ιιι
1793 5558 1963 5614 docet

326 5624 599 5750 313%billon
651 5629 777 5682 Act.
817 5626 909 5680 SS.
946 5640 1077 5684 szec.
1115 5628 1201 5694 ll;
1235 5629 1360 5684 Act.
1397 5627 1490 5684 SS.
1523 5629 1781 5699 Januar.,
1816 5634 1858 5684 t.
1893 5631 1961 5697 Il,

2151 5487 2263 5556 (46)
2304 5488 2412 5561 Ter
2438 5488 2649 5561 quinis
2663 5488 2808 5561 fere
2832 5488 3095 5561 amplius
3115 5487 3295 5561 annis
3314 5501 3557 5561 munere
3572 5488 3714 5560 fuit,

2076 5558 2205 5615 ctus
2232 5559 2335 5616 est.
2375 5559 2580 5615 Avitus
2617 5558 2679 5614 in'
2700 5560 2830 5617 Vita
2862 5558 3146 5617 SfBoniti
3180 5562 3304 5616 Act.
3334 5559 3429 5615 SS.
3462 5558 3719 5617 Jan‘uaré

2078 5632 2116 5683 t.
2164 5630 2203 5699 Ι,
2250 5633 2404 5685 107i.
