3922 6444
105 413 224 478 129

1387 407 1887 478 CHRONICON.
1920 449 1998 460 -—-
2030 411 2161 478 LIB
2190 409 2236 478 Ῐ.

3393 423 3506 487 130

103 545 294 605 sancti
317 544 576 621 Martini,
604 545 675 602 de
698 543 864 604 Italia
885 543 1048 602 venit
1070 545 1128 601 in
1153 544 1416 615 Galliam,
1433 549 1492 601 et
1515 543 1752 602 fuititer
1779 547 1838 607 Α
1865 545 2152 618 Dogmate
2197 548 2401 606 divino
2417 545 2648 621 prasul
2657 551 2933 622 facunde
2968 550 3360 625 triumphans,

103 635 268 694 illius
293 649 398 708 per
430 635 770 692 Virdunum.
801 635 981 702 Quem
1001 634 1449 706 episcOpus,cui
1479 633 1567 690 lex
1584 647 1754 690 cano-

101 723 235 782 nica
262 723 434 795 jubet
465 738 664 780 omnes
695 723 1010 794 suscipere,
1047 723 1294 792 benigne
1336 723 1619 793 suscepit,
1653 723 1756 778 hu-

105 825 280 869 mane
307 811 571 881 servivit,
605 817 664 867 et
693 811 922 867 viscera
954 825 1132 882 super
1159 825 1290 866 eum
1321 811 1510 867 totius
1541 809 1758 866 sancti-

102 901 252 956 tatis
265 904 326 956 et
343 899 586 971 pietatis
599 914 708 970 pro
719 899 1146 956 consuetudine
1159 913 1264 954 sua
1281 900 1428 955 bona
1455 897 1751 970 patefecit.

105 991 180 1044 At
212 988 311 1045 ille
343 987 871 1044 remunerationem
895 986 1162 1056 cogitans
1191 1002 1292 1058 pro
1320 986 1608 1044 servitute
1631 999 1758 1042 sus-

103 1081 300 1147 cepta,
319 1091 449 1132 cum
464 1081 604 1132 voto
625 1074 1110 1146 cxpleto.(Bsnr.)
1129 1075 1408 1130 Pictavim
1433 1072 1759 1129 rediensibi

104 1165 422 1234 habitaret,
459 1169 846 1221 consecratus
896 1163 951 1219 in
999 1163 1416 1234 presbiter-um,
1449 1167 1510 1218 et
1541 1167 1675 1232 post
1704 1160 1758 1216 in

105 1251 373 1322 ejusdem
425 1252 590 1309 urbis
635 1251 1000 1322 episcopum,
1055 1255 1116 1306 et
1164 1253 1319 1306 esset
1371 1250 1582 1306 doctus
1635 1253 1761 1304 arte

103 1340 514 1411 grammatica,
545 1340 872 1412 composuit
907 1339 986 1394 ibi
1017 1353 1249 1395 carmen
1284 1339 1338 1394 in
1371 1338 1542 1395 laude
1575 1337 1762 1408 ipsius

107 1427 471 1484 hexametris
531 1433 830 1498 comptum
891 1432 949 1483 et
1013 1427 1394 1498 pcntametris
1467 1425 1756 1494 versibus,

107 1531 260 1587 quos
290 1516 382 1574 hic
414 1515 770 1586 subjungcre
800 1531 994 1587 operae
1037 1514 1299 1586 precium
1349 1513 1642 1571 duximus.
1679 1514 1760 1569 lta

104 1619 250 1675 ergo
280 1619 510 1662 carmen
548 1605 603 1660 id
637 1604 855 1661 dicitur
889 1623 902 1658 :

183 1707 340 1766 Urbs
372 1707 661 1775 Virduna,
681 1705 873 1764 breuis
883 1705 1162 1777 quamuis
1184 1704 1500 1762 claudaris
1521 1705 1586 1759 in
1607 1702 1758 1770 orbe,

179 1795 502 1867 Ponti/Zeis
533 1795 766 1851 meritis
795 1793 1171 1866 ampliﬁcata
1185 1792 1410 1864 places.

107 1883 318 1956 Major
345 1883 413 1941 in
441 1883 694 1954 angusto
711 1882 1050 1956 prafulget
1066 1881 1279 1952 gratia
1299 1893 1471 1952 gyro,

179 1973 456 2043 Agerice,
486 1973 642 2041 tuus,
677 1985 861 2044 quam
887 1971 1086 2040 magis
1115 1970 1300 2026 auxit
1320 1970 1522 2025 honor.

113 2061 401 2118 Plurima
427 2074 790 2131 magnarum
803 2059 1043 2132 fudisti
1071 2057 1302 2116 semina
1337 2057 1602 2125 laudum,

184 2149 329 2216 Quae
355 2149 600 2206 matura
629 2163 800 2220 apere
813 2147 1154 2220 fertilitate
1179 2147 1378 2204 metes.

117 2239 395 2311 Tempore
413 2239 707 2310 praesenti
731 2237 956 2294 rictum
976 2237 1229 2306 largiris
1258 2237 1478 2306 egenis.

183 2325 354 2383 Unde
365 2327 600 2398 futura
630 2326 758 2383 dies
799 2323 1233 2394 centuplicabit
1257 2337 1410 2394 opes.

108 2415 427 2485 Dogmatis
453 2414 710 2472 archani
731 2426 966 2471 reseras
986 2412 1335 2484 penetralia
1360 2411 1576 2486 pastor
1603 2430 1624 2466 .-
1723 2422 1727 2426 ’

181 2504 317 2562 Non
343 2505 537 2560 solum
566 2502 840 2574 dapibus,
861 2500 1070 2573 pascis
1097 2501 1158 2557 et
1196 2515 1297 2558 ore
1320 2513 1547 2571 greges.

119 2591 360 2664 Templa
386 2591 618 2649 uetusta
643 2604 846 2660 novas,
874 2589 1205 2660 preciosius
1233 2590 1289 2644 ei
1339 2603 1491 2645 nova
1539 2586 1764 2657 condis,

187 2680 435 2738 Culcior
464 2681 558 2736 est
579 2679 823 2736 Domini
855 2678 908 2734 te
921 2677 1276 2750 famulante
1305 2677 1528 2734 damus.

117 2767 416 2839 Egregios
429 2768 637 2838 fontes
661 2767 825 2825 sacri
857 2765 1240 2838 baptismatis
1271 2765 1490 2836 exples,

194 2858 342 2914 Tam
359 2857 477 2928 pia
510 2855 710 2912 diuino
723 2855 903 2928 fonte
928 2854 1192 2924 repletus
1221 2855 1380 2923 agis.

125 2943 412 3002 Candida
437 2943 667 3002 sincero
693 2943 910 3000 radiat
931 2943 1032 2998 hec
1075 2941 1224 2998 aula
1272 2955 1478 2998 sereno
1505 2960 1525 2996 .-

183 3032 273 3089 Et
293 3033 353 3090 si
382 3032 472 3090 sol
476 3031 719 3105 fugiat,
748 3031 849 3088 hic
872 3030 1080 3088 manet
1095 3031 1236 3086 arta
1259 3029 1405 3088 dies.

115 3119 210 3178 Ad
231 3133 386 3178 nova
419 3119 636 3191 temﬂa
663 3120 841 3176 aeide
867 3118 1234 3176 concurrunt
1255 3119 1524 3189 undique
1539 3115 1764 3190 plebes,

186 3209 274 3266 Et
299 3207 524 3266 tribuis
542 3207 789 3280 papulis
807 3209 955 3280 plus
986 3208 1053 3263 in
1077 3220 1272 3262 amore
1310 3210 1514 3262 Deum.

124 3298 199 3355 Te
222 3297 496 3355 solamen
515 3297 684 3368 inops
711 3296 948 3365 meruit,
977 3295 1031 3352 te
1057 3295 1255 3352 nudus
1285 3295 1586 3352 amictum.

188 3385 276 3442 Et
303 3384 468 3443 solus
497 3384 730 3442 cunctis
749 3385 931 3456 potus
977 3383 1036 3440 et
1073 3397 1207 3441 esca
1234 3397 1458 3440 manes.

123 3473 320 3543 Felix,
347 3473 458 3546 qui
481 3473 718 3531 meritis
763 3473 995 3530 eterna
1043 3472 1195 3530 lucis
1231 3472 1485 3542 amator,

195 3563 478 3634 Tempora
493 3563 632 3634 jam
657 3561 885 3618 modico
920 3575 1037 3617 non
1079 3575 1207 3617 mor
1240 3561 1378 3616 tura
1412 3574 1626 3632 paras.

121 3649 359 3708 Phebus
387 3651 460 3706 ut
476 3650 700 3706 elatum
719 3649 1034 3720 suspendit
1054 3649 1121 3705 in
1143 3649 1346 3705 ethera
1370 3663 1628 3718 cursum,

188 3738 396 3795 Purus
423 3739 483 3794 et
503 3737 842 3811 igni/erum
880 3738 1125 3808 spargit
1149 3736 1372 3807 ubique
1389 3737 1582 3806 jubar
1611 3756 1631 3792 :

119 3825 357 3898 Efusis
402 3827 603 3884 radiis
637 3827 821 3882 totum
851 3825 970 3884 sibi
1000 3826 1283 3882 cendicat
1310 3825 1522 3895 urbem,

195 3913 454 3986 (Fol.i8’)
470 3914 716 3982 Montes,
721 3915 918 3986 plana
938 3914 1194 3984 replens,
1208 3916 1334 3970 ima
1348 3915 1442 3970 vel
1449 3914 1581 3970 alta
1603 3913 1774 3970 tenet.

127 4001 237 4060 Sic
250 4003 486 4075 prasul
510 4003 826 4075 splendore
861 4003 1055 4059 animi
1089 4015 1221 4072 eum
1263 4002 1384 4058 sole
1437 4001 1774 4071 choruscas,

197 4091 314 4148 Ile
340 4089 474 4148 suis
499 4089 704 4147 radis
718 4089 949 4162 fulget,
979 4089 1036 4144 et
1080 4089 1210 4159 ipse
1240 4089 1380 4159 tuis,

131 4179 378 4248 Agerice
402 4191 594 4247 sacer,
637 4178 811 4248 cujus
837 4190 1102 4234 sermone
1129 4177 1350 4240 colente

196 4265 484 4326 Ecclesia
509 4265 734 4335 segetes
743 4264 1086 4336 fertilitate
1115 4264 1383 4335 placent,

137 4353 410 4414 Terrenis
437 4353 668 4411 sterilis
692 4351 890 4421 rebus,
904 4351 1168 4425 fecunde
1194 4351 1492 4422 supernis,

201 4442 436 4502 Cuncta
461 4441 692 4499 caduca
718 4454 964 4513 negans,
993 4439 1158 4498 dices
1201 4439 1362 4495 ituro
1385 4439 1563 4510 polis.

134 4528 443 4590 Illecebris
467 4530 745 4599 mundus,
776 4528 993 4586 mundi
1023 4527 1256 4586 lasciva
1296 4529 1608 4598 repellens,

207 4619 317 4677 Nil
341 4619 442 4678 cui
468 4617 1001 4690 subripuitcarnis
1029 4630 1278 4674 amarus
1305 4631 1490 4673 amor.

135 4705 386 4766 Lubrica
405 4708 586 4780 culpa
593 4705 778 4779 perit,
796 4719 986 4778 neque
999 4719 1158 4763 mors
1182 4705 1252 4762 de
1271 4706 1522 4763 crimine
1531 4701 1776 4776 gaudet,

207 4795 356 4854 Cum
383 4797 490 4854 tua
519 4795 753 4854 delictis
783 4793 974 4852 libera
1015 4792 1262 4850 menbra
1305 4794 1490 4852 rides.

138 4881 213 4941 In
237 4884 474 4959 templis
494 4883 825 4941 habitando
847 4883 976 4954 piis
1002 4883 1094 4941 sic
1109 4895 1308 4954 purus
1337 4881 1600 4953 haberis,

212 4972 291 5030 Ut
315 4975 421 5033 tua
445 4971 645 5043 corda,
666 4972 867 5044 pater,
897 4971 1025 5028 sint
1042 4971 1155 5041 pia
1187 4971 1415 5042 templa
1431 4973 1564 5028 Dei.

139 5061 341 5132 Eligit
365 5063 434 5120 in
466 5061 580 5120 tali
609 5075 672 5119 se
703 5060 986 5118 Christus
1023 5073 1167 5116 case
1189 5059 1466 5128 recondi;

215 5151 403 5218 Quam
426 5150 549 5210 sibi
563 5148 879 5224 purgauit,
895 5146 1170 5222 possidet
1214 5149 1342 5218 ipse
1384 5147 1634 5204 domum.

146 5236 277 5296 Non
303 5238 475 5298 dolus
499 5239 568 5296 in
595 5236 720 5294 labi
748 5250 800 5308 s,
829 5249 948 5293 non
972 5235 1280 5308 suntfera
1306 5235 1520 5296 nubila
1543 5235 1783 5307 mentis,

209 5325 484 5386 Sinceris
505 5327 728 5386 animis
755 5323 976 5382 uernat
993 5323 1062 5380 in
1086 5337 1190 5380 ore
1216 5323 1361 5382 dies.

147 5411 560 5489 Doctiloquum
573 5415 811 5488 flumen
835 5411 1088 5472 salienti
1095 5411 1277 5484 fonte
1309 5411 1616 5486 refundit,

214 5503 300 5561 Et
319 5517 529 5564 sensus
549 5503 786 5562 steriles
813 5514 950 5560 uoce
973 5499 1222 5572 rigante
1230 5499 1428 5572 fores.

148 5587 354 5650 Ardua
381 5593 658 5651 calorum
673 5589 906 5663 pandis
955 5587 1234 5647 misteria
1275 5587 1474 5660 terris,

218 5677 336 5738 Per
361 5693 538 5754 quem
543 5679 691 5753 plus
713 5676 1036 5740 Dominum
1051 5676 1186 5750 scit,
1211 5675 1399 5750 τίθησι,
1421 5678 1575 5752 orat,
1599 5677 1786 5739 amat.

1801 3255 1848 3316 Ο

1825 3293 1850 3316 λ
1881 3291 2397 3362 ejusaccumulans
2425 3292 2478 3346 in
2501 3294 2803 3363 patientia.
2829 3293 3531 3364 Appropinquavitigitur

1935 636 2062 694 Das
2079 637 2292 708 pastor
2327 638 2575 695 monitis
2599 653 2673 695 ne
2708 639 2950 710 premat
2988 653 3152 696 error
3208 655 3356 700 ores.

1863 724 2117 782 Deliciis
2133 727 2355 796 reﬁcis,
2379 741 2532 798 quas
2555 729 2761 796 celum,
2786 742 2959 798 arva,
2985 729 3146 784 unda
3165 729 3501 800 ministrat,

1935 812 2020 867 Et
2038 813 2503 886 saciatpopza'os
2535 813 2676 872 hinc
2703 815 2888 884 cibus,
2921 816 3060 872 inde
3086 817 3262 888 ﬁdes.

1862 901 2076 958 Sumit
2083 917 2320 973 pauper
2345 917 2524 974 opem,
2553 905 2750 960 tristis
2775 918 2952 976 spem,
2979 906 3178 963 nudus
3199 907 3502 973 amictum,

1939 989 2151 1046 Omnia
2181 991 2485 1063 quidquid
2511 991 2695 1048 habes
2719 993 2990 1050 omnibus
3029 1009 3154 1051 esse
3165 995 3356 1066 facis.

1867 1079 1988 1134 Hic
2019 1077 2128 1132 tbi
2168 1079 2348 1150 longa
2391 1081 2561 1136 salus
2595 1081 2857 1151 maneat,
2893 1083 3038 1139 licet
3068 1083 3210 1139 inde
3235 1083 3504 1155 futura:

1939 1167 2132 1238 Atque
2162 1166 2269 1224 diu
2283 1169 2496 1239 pastor
2509 1183 2626 1240 pro
2648 1182 2831 1240 grege
2857 1172 2993 1227 eota
3006 1173 3240 1243 ferens.

1943 1346 2081 1400 Cum
2115 1345 2294 1414 igitur
2325 1346 2738 1416 prolongatum
2787 1348 2925 1404 vita:
2974 1348 3146 1418 hujus
3196 1349 3512 1408 incolatum

1873 1439 2118 1488 mortem
2150 1434 2583 1490 delectabiliter
2611 1441 2926 1506 expectans
2959 1437 3055 1494 diu
3089 1438 3514 1508 patientissime

1874 1522 2237 1592 pertulisset,
2256 1527 2312 1577 et
2339 1523 2565 1593 pondus
2598 1523 2932 1594 impositum
2961 1525 3074 1580 diei
3106 1533 3166 1582 et
3197 1533 3379 1583 mstus
3413 1541 3514 1599 spe

1874 1609 2117 1668 salutari
2135 1611 2579 1680 infatigabiliter
2597 1614 2990 1683 deportasset,
3007 1619 3062 1670 et
3089 1615 3360 1672 lacrimas
3379 1631 3518 1686 quo-

1875 1712 1984 1769 que
2015 1690 2341 1754 crescentis
2363 1700 2579 1754 cotidie
2603 1700 2876 1756 desiderii
2902 1717 3082 1773 panes
3107 1704 3270 1760 bona:
3295 1717 3359 1760 ac
3385 1703 3516 1761 leta:

1873 1786 2300 1842 consolationis
2323 1788 2645 1858 habuisset,
2663 1790 2868 1845 videns
2893 1791 3158 1846 inimicos
3181 1808 3318 1848 suos
3339 1793 3520 1850 victo-

1793 1901 1848 1962 Β
1880 1875 1962 1931 ria
1997 1877 2271 1932 vitiorum
2305 1876 2626 1932 scabellum
2677 1877 2885 1948 pedum
2937 1893 3194 1947 suorum,
3225 1880 3520 1949 gaudebat

1877 1965 2064 2020 anima
2097 1966 2224 2036 ejus
2256 1964 2312 2020 in
2343 1966 2604 2033 Domino,
2629 1971 2684 2020 et
2710 1965 3012 2022 exultabat
3045 1967 3291 2038 spiritus
3315 1969 3441 2039 ejus
3463 1969 3519 2024 in

1876 2055 1993 2109 Deo
2024 2052 2269 2108 salutari
2301 2067 2428 2108 suo.
2463 2053 2701 2108 Vincula
2753 2060 3000 2111 terrente
3043 2056 3212 2112 molis
3261 2055 3522 2121 graviter

1879 2140 2192 2210 tolerabat,
2208 2149 2268 2196 et
2287 2145 2505 2211 quanto
2526 2141 2748 2198 viribus
2771 2144 3038 2214 corporis
3061 2144 3517 2215 destituebatur,

1877 2233 2042 2285 tanto
2073 2229 2256 2298 magis
2281 2229 2613 2285 libertatem
2640 2231 2984 2300 promissam
3007 2232 3256 2304 amplius
3279 2233 3520 2289 sitiebat

1877 2333 2005 2374 cum
2035 2317 2304 2388 apostolo
2335 2317 2534 2374 dicens
2569 2338 2581 2372 :
2619 2320 2806 2390 Cupio
2837 2321 3102 2392 dissolvi,
3139 2322 3199 2378 et
3231 2335 3354 2379 esse
3391 2336 3524 2379 cum

1881 2406 2120 2462 Christo
2159 2406 2342 2480 multo
2371 2409 2569 2476 magis
2594 2409 2810 2466 melius
2840 2409 3185 2480 (Philippi,
3214 2417 3328 2479 23).
3357 2410 3520 2477 Quod

1877 2509 1984 2566 per
2010 2468 2310 2565 speculum
2340 2495 2394 2550 in
2427 2497 2716 2564 enigmate
2751 2498 2868 2568 jam
2917 2513 3091 2554 senex
3125 2513 3191 2554 ac
3221 2499 3520 2556 lassaban-

1879 2583 1987 2639 dus
2009 2584 2268 2651 tenebat,
2287 2584 2394 2638 hoc
2420 2585 2617 2640 videre
2641 2585 2882 2641 ardebat
2909 2601 3010 2657 per
3035 2589 3309 2658 Speciem.
3333 2589 3526 2645 Bonus

1877 2677 2070 2728 autem
2095 2671 2369 2727 Dominus
2394 2673 2598 2728 messis
2621 2673 2927 2730 dill‘erebat
2952 2675 3362 2744 succisionem,
3387 2676 3523 2746 quia

1879 2765 2266 2830 opportunam
2303 2767 2613 2816 noveratet
2632 2762 2977 2833 disponebat
2994 2763 3410 2820 maturitatem.
3434 2765 3524 2820 Vi-

1878 2847 2188 2904 derateum
2211 2849 2598 2921 etadjuVerat
2622 2851 2676 2904 in
2704 2853 2808 2907 hac
2833 2851 3019 2906 hieme
3043 2866 3249 2922 asp-cra
3279 2852 3526 2924 pernici-

1879 2936 3522 3012 terdesudasse,ventostemptationum,pruinastribula-

1876 3025 2120 3093 tionum,
2147 3026 2485 3082 adustiones
2499 3027 2863 3098 voluptatum
2889 3043 3222 3100 superasse,
3243 3037 3303 3084 et
3327 3031 3520 3100 provi-

1879 3112 1989 3169 dus
2020 3121 2354 3170 sanctarum
2387 3115 2670 3172 virtutum
2693 3116 2950 3187 agricola
2977 3119 3224 3174 fructum
3250 3118 3528 3190 multipli-

1880 3217 2004 3258 cem
2029 3209 2204 3260 terrae
2231 3205 2394 3259 bona;
2419 3204 2726 3260 dill‘erebat
2761 3205 3086 3275 succidere,
3107 3206 3526 3276 plenitudinem

1883 3395 2127 3460 vespera
2162 3381 2386 3449 mortis,
2409 3386 2470 3436 et
2501 3382 2786 3451 gaudens,
2831 3397 2896 3437 ac
2932 3383 3366 3452 praeteritorum
3391 3398 3530 3453 quo-

1886 3467 2526 3538 dammodoimmemor,
2547 3470 2597 3524 in
2623 3470 2916 3524 anteriora
2933 3485 2995 3525 se
3010 3470 3364 3525 extendebat
3387 3485 3532 3542 prat-

1888 3568 2106 3628 parataa
2124 3557 2486 3627 pausationis
2511 3557 2808 3614 denarium
2832 3574 2863 3614 a
2903 3565 3066 3630 patre
3094 3559 3340 3613 familias
3361 3574 3528 3630 repo-

1887 3659 2057 3702 scens
2083 3651 2266 3715 pactae
2291 3661 2358 3702 ac
2382 3647 2479 3702 diu
2501 3653 2828 3718 expectatio
2853 3648 3158 3702 mercedis.
3181 3649 3300 3703 Non
3326 3647 3529 3702 fefellit

1887 3747 2017 3789 eum
2043 3733 2162 3801 (l'ol.
2191 3737 2303 3806 49.)
2333 3735 2456 3804 spei
2487 3749 2698 3792 ancora
2727 3738 2998 3793 omnibus
3033 3737 3194 3792 ﬁrma
3227 3735 3525 3808 periculis,

1888 3826 1946 3876 et
1979 3823 2195 3878 veritas
2227 3823 2296 3878 de
2327 3825 2730 3894 promissionis
2765 3825 3104 3882 umbraculo
3156 3824 3445 3897 processit
3475 3824 3532 3880 in

1889 3909 2097 3966 lucem.
2132 3913 2344 3968 Tactus
2375 3914 2525 3968 enim
2574 3914 2937 3984 digladiabili
2989 3921 3148 3970 sorte
3197 3922 3439 3982 natura},
3475 3917 3537 3968 et

1889 4003 2086 4055 sciens
2117 4001 2228 4056 sibi
2259 4001 2564 4058 discidium
2597 4005 2866 4074 corporis
2888 4009 2948 4058 et
2971 4004 3176 4059 anima:
3199 4001 3536 4074 superveni-

1892 4101 1974 4156 re,
2001 4088 2302 4144 conlidens
2326 4089 2380 4144 in
2403 4091 2536 4160 Deo,
2555 4092 2650 4161 qui
2677 4098 2871 4162 potest
2891 4099 2950 4147 et
2969 4094 3215 4147 animam
3239 4101 3296 4147 et
3317 4104 3536 4162 corpus

1890 4177 2136 4246 perdere
2161 4181 2218 4230 et
2240 4177 2488 4247 salvare,
2516 4181 2824 4235 convocari
2845 4180 3022 4249 jussit
3047 4195 3248 4236 omnes
3271 4178 3536 4236 ecclesia

1891 4277 2012 4319 sum
2050 4264 2197 4318 lilios
2227 4270 2287 4319 et
2306 4265 2360 4318 in
2383 4267 2666 4322 aicclesize
2689 4267 2977 4338 meliores,
3003 4273 3062 4324 et
3083 4276 3363 4324 consueta
3385 4265 3538 4324 salu-

1891 4349 1970 4406 tis
1983 4351 2331 4406 documenta
2350 4354 2656 4424 replicans,
2677 4370 2856 4424 seque
2879 4355 2992 4412 illis
3007 4357 3440 4425 commendans,
3459 4355 3532 4412 ad

1891 4437 2156 4494 ultimum
2184 4437 2260 4494 ait
2293 4440 2487 4496 futura
2519 4445 2907 4512 pronuntians
2933 4463 2944 4496 :
2974 4443 3240 4500 Sabbato
3267 4443 3538 4514 uenturo,

1891 4527 2012 4592 ﬁlii
2026 4527 3148 4602 harissimi,magnamscitotefuturam
3157 4531 3540 4587 serenitatem

1807 4608 1862 4670 D
1891 4616 2480 4676 cali.Serenissimus
2492 4621 2648 4675 enim
2659 4617 2896 4676 sabbati
2907 4621 3196 4676 Dominus
3207 4620 3542 4676 mihiserco

1890 4719 1996 4764 suo
2005 4705 2183 4776 ﬁdeli
2209 4705 2571 4764 dabitsabba
2583 4708 2704 4763 tum
2721 4709 3135 4780 requietionis,
3161 4709 3222 4764 et
3238 4707 3542 4778 pertesum

1893 4792 2094 4850 labore
2111 4807 2219 4850 sea:
2235 4795 2468 4852 dierum
2489 4796 2672 4868 hujus
2690 4797 2897 4866 seculi,
2925 4796 2992 4852 in
3009 4795 3263 4868 septima
3293 4795 3424 4852 sine
3447 4807 3543 4850 oe-

1890 4896 2067 4954 spera
2087 4883 2249 4940 anni
2271 4883 2470 4940 labore
2485 4883 2736 4940 liberum
2754 4883 3204 4956 transportabit.
3221 4885 3414 4941 Terra
3427 4882 3543 4954 igi-

1895 4971 1996 5028 tru
2025 4970 2227 5041 matri,
2260 4972 2420 5042 quod
2435 4987 2609 5030 suum
2632 4973 2845 5030 estred
2857 4975 3001 5042 tite;
3018 4986 3160 5030 nam
3189 4974 3366 5042 Deus,
3413 4971 3546 5030 vita

1891 5061 2212 5132 mea,reeip
2242 5061 2359 5133 et,q
2369 5061 2482 5118 uad
2493 5063 2820 5134 inspiravit
2827 5063 2895 5119 in
2891 5063 3126 5136 faciem
3136 5075 3328 5118 meam
3349 5051 3544 5132 spira:

1894 5151 2259 5208 culumoita.
2281 5151 2385 5208 Vos
2397 5151 2577 5207 etiam
2587 5151 3549 5225 obsecrojratres,etnuncproeo-

1895 5235 1987 5294 bis
1999 5237 2324 5307 sollicitus,
2343 5239 2415 5295 ut
2430 5253 2760 5312 numquam
2775 5254 2814 5296 a
2838 5241 3124 5296 memoria
3159 5238 3365 5295 vestra
3394 5251 3549 5296 rece-

1897 5324 2373 5398 dat,quisemper
2385 5326 2672 5398 etubique
2682 5327 2980 5386 vobiscum
2999 5329 3104 5396 est,
3129 5327 3438 5384 Dominus.
3460 5325 3550 5383 Di-

1896 5415 2069 5470 cebat
2093 5415 2214 5472 haec
2235 5415 2466 5486 aliaque
2487 5415 2798 5486 similia,et
2821 5416 2988 5486 quasi
3011 5413 3080 5472 ad
3105 5417 3323 5486 pascha
3350 5429 3551 5488 super-

1897 5509 2208 5560 venturum
2235 5517 2297 5560 se
2313 5518 2671 5576 praeparans,
2689 5504 2896 5560 sordes
2917 5510 2978 5561 et
2999 5503 3270 5573 contagia
3289 5504 3550 5562 circuns-

1897 5592 2678 5665 tantiumatquelugentium
2703 5606 2870 5650 sacra
2894 5598 2954 5649 et
2975 5591 3315 5650 multimoda
3339 5604 3554 5649 ammo-

1904 5679 2134 5744 nitione
2149 5680 2389 5746 sinebat
2401 5695 2590 5760 ;nunc
2605 5680 2680 5744 de
2694 5681 2796 5742 his
2815 5694 2950 5758 qua
2969 5680 3362 5758 relinquebat,
3375 5680 3555 5740 casti-
