3922 6410
158 384 277 453 133

1423 384 1915 453 CHRONICON.
1952 425 2029 436 --
2058 389 2217 454 LIB.
2263 380 2310 455 Ῑ.

3454 380 3567 459 lat

153 526 372 582 davera
404 528 765 583 mortuorum
798 538 909 582 non
947 524 1228 582 haberent
1264 540 1377 596 quo
1400 527 1656 591 ruerent,
1679 538 1798 596 prae
1831 526 1885 586 A
1915 540 2054 583 usus
2071 526 2315 584 consilio
2342 532 2566 600 partem
2592 529 2749 598 regni
2769 528 2930 585 fratri
2951 530 3244 588 concessit
3276 531 3561 601 Tolosam,

155 614 542 670 multitudine
576 615 932 671 occisorum.
995 615 1336 671 ATulbiaco
1396 629 1582 684 usque
1639 614 1802 670 Colo-

154 703 311 758 niam
348 707 683 775 prostratus
700 704 1001 759 exercitus
1025 708 1241 759 terram
1266 704 1516 774 operuit.
1552 702 1807 759 Theode-

157 792 323 848 ricus
351 792 543 847 victor
567 792 804 847 fratrem
838 792 1235 861 persequitur,
1261 798 1319 846 et
1350 807 1583 847 suorum
1615 791 1807 862 prodi-

157 880 320 936 tione
341 884 576 951 captum
604 880 749 936 aviae
774 879 1131 936 Brunichildi
1156 880 1354 949 dirigit
1383 898 1396 945 ;
1423 894 1590 950 quem
1625 879 1720 935 illa
1750 879 1805 933 in

157 967 440 1024 clericum
473 968 728 1023 totondit
760 973 815 1023 et
856 973 986 1039 post
1023 967 1317 1038 paululum
1379 968 1695 1023 interfecit.

236 1055 407 1125 (Vita
429 1055 647 1114 θ’ωῆσί
667 1057 874 1127 αφηρί.)
900 1056 1196 1125 Regnante
1217 1056 1620 1112 Tlieodeberto
1674 1071 1808 1125 rege

160 1149 407 1200 sanctus
438 1145 834 1213 Goaricus,rex
854 1144 1179 1214 Aquitaniae
1204 1144 1462 1212 ultimus,
1484 1144 1658 1212 justis
1693 1144 1813 1214 pol-

159 1232 292 1288 lens
314 1232 594 1302 moribus,
622 1247 651 1289 a
676 1233 913 1288 Domino
936 1233 1201 1288 caecitate
1228 1246 1562 1303 percussus,
1598 1232 1812 1287 revela-

160 1322 325 1377 tione
355 1320 615 1390 angelica
662 1321 879 1376 Mettim
928 1320 1208 1389 venit,cui
1270 1326 1514 1391 praeerat
1575 1325 1812 1376 sanctus

162 1408 441 1466 Arnulfus
464 1409 829 1480 prapinquus
857 1408 984 1478 ejus
1010 1426 1023 1473 ;
1048 1408 1491 1466 etilluminatus
1534 1423 1563 1463 a
1609 1412 1812 1463 sancto

159 1497 697 1568 Stephanodomum
713 1497 1072 1553 sanctiPetri
1088 1497 1438 1566 construxit,
1455 1503 1514 1551 et
1556 1501 1814 1566 tempore

161 1586 498 1655 Dagoberti,
524 1592 727 1641 sancto
752 1585 992 1641 Arnulfo
1009 1599 1262 1641 eremum
1282 1590 1534 1655 petente,
1600 1585 1812 1639 ibidem

163 1673 433 1744 pontifex
466 1675 825 1741 subrogatus
849 1676 911 1729 18
948 1675 1114 1728 annis
1170 1674 1426 1743 priefuit,
1454 1673 1709 1729 decessit
1752 1676 1814 1726 13

161 1761 455 1817 Kalendas
469 1762 762 1826 Octobris,
786 1762 1053 1832 sepultus
1077 1762 1131 1816 in
1145 1762 1411 1817 coenobio
1436 1760 1623 1816 sancti
1662 1762 1816 1829 Sym-

1917 616 2303 685 Caturcinam,
2334 620 2713 687 Agenensem,
2746 619 3185 687 Petragoricum
3227 624 3283 675 et
3327 619 3567 676 Sancto-

1915 703 2128 771 nicum,
2162 709 2221 759 et
2255 708 2406 774 quod
2438 707 2509 759 ab
2541 706 2630 760 his
2656 719 2861 762 versus
2895 707 3188 775 Pyreneos
3212 712 3441 764 montes
3469 722 3567 763 ex-

1917 791 2221 857 cluditur;
2254 794 2614 861 etregnabat
2665 794 2973 850 Arihertus
3037 795 3093 849 in
3143 795 3447 851 Provincia
3507 801 3567 852 et

1920 880 2227 948 Aquitania
2252 886 2311 935 et
2341 886 2473 950 post
2507 886 2627 936 tres
2661 896 2845 938 annos
2877 887 3058 938 totam
3094 883 3435 939 Vasconiam
3468 897 3564 941 su-

1920 982 2134 1037 perans
2164 967 2275 1022 sibi
2303 969 2586 1024 subdidit.

1993 1055 2287 1127 [BER‘I‘AIL]
2323 1060 2482 1113 Anno
2505 1058 2727 1113 Domini
2762 1061 2864 1114 582
2893 1058 3037 1113 obiit
3062 1064 3303 1116 sanctus
3335 1060 3565 1115 Germa-

1923 1158 2031 1198 nus
2054 1144 2401 1200 Parisiensis
2427 1150 2485 1200 et
2516 1160 2564 1200 a.
2612 1150 2716 1202 630
2746 1146 2852 1202 sub
2884 1147 3210 1216 Dagoberto
3234 1147 3417 1218 viguit
3438 1163 3566 1203 san-

1923 1236 2054 1288 ctus
2086 1232 2299 1288 Paulus
2331 1234 2711 1290 Virdunensis
2752 1235 2932 1290 frater
2960 1235 3103 1303 ejus.
3137 1235 3302 1301 Quod
3373 1235 3446 1307 si,
3500 1241 3564 1293 ut

1923 1321 2221 1390 scribitur,
2256 1321 2335 1375 ita
2364 1329 2473 1389 est,
2499 1322 2803 1391 sexaginta
2869 1326 2925 1379 et
2968 1337 3037 1378 eo
3088 1324 3339 1395 amplius
3398 1325 3567 1380 annis

1925 1408 2066 1463 vixit
2098 1413 2230 1479 post
2264 1424 2414 1466 eum.
2447 1411 2574 1465 Nati
2608 1415 2744 1467 sunt
2776 1411 2832 1466 in
2892 1425 3040 1482 pago
3090 1412 3364 1481 Eduensi,
3437 1412 3567 1469 vico

1928 1497 2151 1563 Lausia,
2185 1498 2314 1552 etin
2338 1512 2533 1554 manso
2560 1499 2884 1555 nativitatis
2908 1514 3109 1555 eorum
3138 1502 3567 1571 noncanis,non

1927 1585 2049 1639 avis
2079 1586 2332 1655 praedam
2365 1600 2569 1657 rapere
2604 1588 3038 1658 praevalet,qu:e
3072 1603 3183 1644 non
3240 1589 3437 1645 statim
3480 1590 3567 1644 in-

1924 1676 2116 1728 tereat
2149 1691 2163 1739 ;
2196 1674 2345 1743 quod
2375 1675 2778 1745 experimento
2807 1678 3115 1746 probatum
3143 1682 3255 1733 est.
3281 1677 3571 1744 Quilocus

1930 1774 2113 1830 usque
2137 1761 2307 1817 hodie
2337 1761 2703 1818 ecclesiolam
2720 1764 2938 1819 retinet
2966 1765 3435 1821 sanctiGermani
3474 1780 3571 1822 no-

160 1849 457 1938 phorianii
495 1850 665 1918 (Vita
686 1850 837 1920 Lupi
856 1851 1022 1921 Sen).
1058 1851 1336 1920 Tempore
1374 1849 1712 1938 Theoderici
1754 1852 1814 1902 et
1846 1881 1898 1938 Β
1930 1848 2079 1938 mine
2111 1854 2169 1904 et
2202 1850 2479 1938 virtutem
2512 1851 2816 1921 insignem.

164 1937 561 1994 Brunichildis
583 1943 820 1994 sanctus
842 1939 1031 2008 Lupus
1047 1937 1393 1993 Senonensis
1414 1936 1619 2006 viguit,
1637 1950 1819 2006 nepos

169 2026 431 2082 Austerii
464 2025 903 2083 Aurelianensis
927 2030 985 2081 et
1019 2026 1258 2082 Aunarii
1283 2023 1818 2081 Antissiodorensis

165 2113 604 2186 episcoporum.

245 2202 538 2275 [Faunum]
574 2205 735 2258 Anno
769 2203 968 2273 itaque
1003 2207 1069 2258 16
1102 2202 1261 2271 regni
1288 2202 1399 2271 sui,
1437 2202 1534 2271 qui
1586 2204 1715 2257 erat
1746 2200 1817 2255 ab

167 2292 284 2347 inc.
324 2293 477 2346 Dom.
496 2290 1026 2361 615,Theodericus
1039 2290 1240 2346 volens
1256 2304 1435 2361 super
1460 2289 1815 2345 Clotharium

168 2381 420 2445 irruere,
446 2379 640 2435 Mettis
665 2378 950 2451 profluvio
968 2378 1450 2435 ventrisinteriit.
1496 2376 1820 2434 Brunichil-

168 2469 262 2524 dis
287 2468 654 2537 Sigebertum
688 2466 869 2523 filium
899 2466 1247 2536 ejusin10co
1271 2467 1456 2538 patris
1485 2464 1813 2523 substituit.

166 2556 503 2611 Clotharius
532 2571 673 2611 vero
706 2555 849 2610 fines
880 2556 1042 2625 regni
1074 2556 1171 2626 qui
1219 2571 1335 2611 sua:
1368 2555 1576 2609 ditioni
1648 2555 1819 2609 debe-

167 2645 386 2700 bantur
417 2648 664 2699 conatur
695 2644 984 2714 recipere,
1016 2644 1110 2699 cui
1142 2644 1484 2711 Sigebertus
1533 2643 1815 2712 occurrit,

167 2731 682 2803 quemClotharius
699 2746 936 2788 suorum
953 2732 1284 2803 proditione
1296 2735 1529 2801 captum
1548 2731 1815 2801 peremit,

166 2825 228 2875 et
265 2820 521 2890 quinque
548 2820 759 2874 fratres
782 2819 908 2888 ejus
929 2834 1058 2876 cum
1085 2819 1457 2875 Brunichilde
1482 2819 1658 2889 cepit.
1677 2821 1822 2874 Pue-

171 2923 272 2964 ros
302 2908 617 2979 separatim
655 2908 919 2978 peremit,
953 2908 1383 2964 Brunichildem
1405 2906 1818 2963 indomitorum

170 3011 455 3066 equorum
488 2995 689 3051 caudis
722 2995 1012 3051 irretitam
1040 2995 1357 3051 miserabili
1382 3000 1569 3051 morte
1593 2996 1821 3050 damna-

173 3085 261 3141 vit
293 3099 442 3141 anno
475 3085 548 3139 ab
581 3084 690 3139 inc.
751 3085 911 3154 Dom,
970 3088 1094 3152 623,
1148 3099 1274 3153 quae
1330 3088 1390 3138 et
1447 3082 1676 3156 sepulta
1732 3088 1819 3138 est

174 3173 373 3229 Edute.

251 3260 729 3317 Clotariustrium
746 3275 1057 3330 regnorum
1074 3259 1735 3316 monarchiamobtinuit
1768 3273 1819 3314 a.
1855 3236 1902 3295 Ο

172 3354 245 3405 °28
278 3349 439 3420 regni
474 3349 751 3418 sui,sicut
773 3354 830 3404 et
853 3351 1059 3404 beatus
1094 3348 1484 3405 Columbanus
1538 3349 1822 3418 praedixe—

173 3444 290 3509 rat,
325 3442 451 3494 eta.
477 3442 544 3494 38
567 3438 833 3507 regnisui
857 3439 1249 3506 Dagobertum
1276 3437 1455 3493 filium
1490 3441 1822 3492 consortem

172 3527 341 3597 regni
375 3526 531 3583 facit.
561 3530 723 3583 Anno
754 3540 893 3583 vero
918 3528 986 3581 42
1009 3526 1169 3595 regni
1201 3525 1329 3594 ejus
1379 3525 1532 3581 inter
1597 3525 1825 3580 Clotha-

175 3616 327 3673 rium
347 3620 402 3671 et
430 3614 608 3670 filium
632 3630 797 3671 suum
829 3614 1023 3684 gravis
1052 3619 1182 3670 orta
1228 3617 1313 3669 est
1374 3613 1693 3682 contentio,
1754 3627 1823 3667 eo

173 3705 333 3775 quod
359 3703 693 3759 Clotharius
721 3707 933 3758 cuncta
964 3717 1092 3772 qua}
1125 3703 1194 3757 ad
1218 3717 1456 3770 regnum
1496 3700 1826 3757 Austrasio-

174 3808 304 3849 rum
348 3792 740 3863 pertinebant,
803 3791 911 3846 sibi
976 3790 1206 3846 volebat
1268 3791 1546 3845 rt-iincre.
1620 3788 1827 3854 Quam-

172 3883 379 3937 obrem
411 3880 585 3936 electi
617 3885 749 3936 sunt
784 3879 1088 3935 duodecim
1109 3878 1339 3947 judices
1360 3894 1431 3932 ex
1468 3878 1726 3947 Francis,
1746 3877 1827 3931 in-

174 3976 272 4026 ter
303 3984 452 4040 quos
486 3969 591 4025 fuit
627 3972 869 4024 sanctus
902 3967 1180 4022 Arnulfus
1206 3966 1571 4022 Mettensium
1603 3967 1827 4037 episco-

174 4072 560 4130 pus,quorum
592 4056 842 4112 consilio
866 4060 1030 4126 pater
1051 4055 1535 4125 pacificaturcum
1556 4054 1693 4110 filio.
1727 4057 1829 4109 Su-

179 4147 401 4219 periori
432 4160 574 4201 vero
607 4157 775 4213 anno,
810 4158 938 4199 cum
964 4144 1078 4213 jam
1104 4143 1467 4211 Dagobertus
1499 4143 1829 4198 Austrasio-

180 4252 309 4293 rum
338 4248 579 4304 regnum
603 4237 840 4288 strenue
885 4236 1136 4299 regeret,
1163 4230 1393 4300 quidam
1424 4231 1532 4299 vir,
1600 4231 1828 4285 nomine

179 4322 514 4381 Haroaldus
542 4321 812 4393 (47),ejus
826 4320 1104 4375 offensam
1124 4319 1389 4387 incurrit,
1406 4334 1515 4389 pro
1529 4318 1831 4388 quointer-

183 4426 456 4470 cessores
488 4410 627 4466 facti
658 4414 795 4464 sunt
825 4408 1095 4463 dominus
1118 4407 1397 4462 Arnulfus
1427 4412 1484 4461 et
1550 4406 1829 4477 Pippiuus

187 4501 373 4571 major
405 4499 630 4571 domus,
668 4496 769 4559 sed
803 4511 915 4552 non
950 4495 1133 4552 multo
1152 4499 1290 4565 post
1336 4494 1602 4551 Treveris
1654 4496 1830 4550 inter-

184 4591 377 4645 fectus
409 4593 516 4645 est.

257 4681 421 4734 Anno
453 4681 558 4733 630
588 4675 881 4731 Clotarius
914 4675 1180 4743 moritur,
1214 4676 1273 4729 et
1301 4674 1665 4743 Dagobertus
1716 4686 1833 4727 mo-

184 4766 483 4823 narchiam
509 4765 765 4820 obtinuit
796 4777 846 4818 a.
878 4768 960 4817 15.
990 4764 1093 4818 Hic
1144 4767 1309 4834 patre
1368 4762 1628 4831 orbatus,
1691 4763 1833 4817 Aus-

182 4854 387 4912 trasiis
405 4868 552 4925 quos
575 4854 836 4924 regebat,
864 4852 1032 4922 jubet
1068 4852 1389 4907 exercitum
1468 4863 1828 4922 promovere,

187 4945 404 5001 missos
431 4942 690 5012 dirigens
715 4942 769 4997 in
808 4940 1232 5011 Burgundia,et
1253 4940 1487 4996 caeteris
1510 4939 1671 5008 regni
1706 4953 1835 5009 par-

186 5033 372 5103 tibus,
410 5036 470 5089 ut
501 5032 555 5087 in
573 5046 742 5087 suum
766 5044 1006 5101 regnum
1028 5030 1332 5099 eligerent.
1357 5032 1613 5098 Cumque
1642 5026 1835 5082 Remis

189 5122 469 5190 venisset,
488 5135 689 5176 omnes
712 5134 773 5175 se
795 5120 848 5174 ei
882 5119 1269 5174 tradiderunt.
1319 5118 1630 5173 Aribertus
1655 5116 1836 5170 frater

188 5210 315 5280 ejus
346 5210 644 5264 nitebatur
671 5223 735 5263 se
770 5214 944 5278 posse
968 5221 1207 5276 regnum
1238 5220 1553 5262 assumere:
1591 5204 1693 5259 sed
1709 5205 1837 5274 ejus

188 5299 463 5355 voluntas
479 5312 584 5369 pro
598 5295 977 5367 simplicitate
994 5310 1195 5366 parum
1212 5295 1420 5350 sortita
1439 5297 1527 5348 est
1542 5293 1831 5349 eﬂ‘ectum.

189 5388 558 5459 Dagobertus
591 5400 729 5443 vero
765 5399 896 5441 cum
911 5383 1542 5453 obtinuissetregnum,
1585 5381 1837 5451 sapienti

2001 1936 2292 2008 [BERTML]
2322 1937 2500 2007 liujus
2532 1940 2841 2008 Dagoberti
2875 1944 3138 2012 tempore
3166 1944 3298 2012 post
3339 1942 3573 1997 Ermen-

1929 2024 2138 2080 fridum
2168 2026 2506 2097 episcopum
2521 2026 2942 2084 Virdunensem
2964 2033 3190 2085 tractus
3222 2034 3313 2086 est
3351 2030 3422 2085 de
3455 2044 3573 2085 mo-

1928 2114 2184 2169 nasterio
2212 2113 2521 2183 Theolegio
2555 2120 2797 2171 sanctus
2822 2115 3056 2183 Paulus,
3088 2117 3185 2187 qui
3218 2117 3328 2172 fuit
3388 2117 3571 2173 frater

1928 2202 2114 2256 sancti
2148 2202 2413 2257 Germani
2446 2202 2787 2259 Parisiensis
2818 2203 3085 2261 ecclesiae
3108 2204 3390 2276 episcopi,
3428 2210 3490 2260 et
3512 2204 3569 2260 in

1927 2289 2275 2345 Virdunensi
2304 2290 2554 2346 ecclesia
2583 2291 2898 2363 episcopus
2944 2297 3366 2360 consecratus;
3399 2293 3565 2363 cujus

1929 2378 2204 2433 memoria
2232 2384 2447 2435 aeterna
2479 2380 2709 2434 est.Hic
2741 2381 3119 2436 monasticam
3140 2381 3316 2437 vitam
3341 2380 3562 2437 ducens

1926 2479 2055 2521 cum
2091 2466 2145 2520 in
2177 2467 2427 2536 pistrino
2458 2467 2701 2523 fratrum
2731 2468 3031 2524 habuisset
3070 2468 3490 2535 obedientiam,
3511 2474 3570 2525 et

1926 2552 2162 2608 timeret
2193 2569 2262 2609 ne
2295 2555 2432 2610 hora
2457 2559 2678 2610 statuta
2711 2556 2922 2612 fratres
2954 2571 3160 2628 panem
3218 2558 3437 2613 habere
3470 2574 3571 2629 po-

1928 2642 2203 2711 tuissent,
2229 2643 2418 2712 ejecto
2442 2643 2569 2712 igne
2589 2643 2660 2699 de
2677 2643 2910 2700 clibano
2926 2645 3053 2716 ipse
3068 2646 3223 2702 intus
3239 2646 3559 2717 ingressus,

1929 2743 2058 2786 cum
2088 2729 2316 2786 cuculla
2352 2746 2449 2786 sua
2482 2731 2773 2788 clibanum
2807 2733 3095 2803 purgavit,
3127 2739 3187 2789 et
3218 2748 3423 2805 panem
3449 2732 3570 2789 illic

1930 2817 2001 2873 ad
2031 2818 2395 2889 coquendum
2423 2818 2733 2889 ordinavrt,
2768 2834 3060 2891 sanusque
3092 2821 3250 2877 foras
3293 2836 3571 2891 egressus

1932 2920 2133 2978 panem
2159 2911 2419 2962 sanctum
2449 2907 2732 2963 fratribus
2756 2908 2811 2963 in
2832 2909 3422 2980 refcctoriotempore
3459 2914 3577 2965 sta-

1931 2997 2061 3051 tuto
2092 2994 2416 3049 distribuit.
2452 2995 2587 3051 Cum
2620 3010 2759 3065 ergo
2787 3002 2945 3051 esset
2991 2997 3304 3069 episcopus
3336 2998 3569 3054 ordina-

1931 3086 2237 3153 tus,nepos
2273 3084 2580 3152 Dagoberti
2612 3084 2765 3153 regis
2798 3084 2989 3141 Grimo
3012 3085 3308 3155 diaconus,
3348 3085 3442 3156 qui
3512 3090 3573 3141 et

1934 3171 2243 3239 Adelgisus
2271 3169 2465 3227 dictus
2497 3177 2743 3239 est,cum
2768 3173 2972 3244 fuisset
3008 3188 3036 3229 a
3062 3179 3265 3229 sancto
3286 3174 3465 3230 Paulo
3497 3174 3571 3229 ab

1934 3258 2173 3314 infantia
2206 3266 2545 3314 reverenter
2574 3261 2992 3332 educatus,pro
3012 3276 3205 3317 amore
3240 3263 3427 3332 ipsius
3471 3276 3571 3317 an-

1936 3346 2147 3403 tistitis
2171 3362 2328 3403 suam
2361 3349 2802 3419 proprietatem,
2838 3349 2892 3403 id
2916 3354 3006 3404 est
3048 3348 3419 3419 Theolegium
3463 3364 3578 3406 mo-

1934 3435 2274 3504 nasterium,
2314 3442 2531 3492 sanctae
2555 3437 2743 3493 Mariae
2775 3437 2828 3491 in
2879 3437 3134 3492 Virduuo
3187 3452 3293 3493 suo
3346 3437 3569 3508 scripto

1934 3527 1991 3579 et
2012 3524 2322 3579 multorum
2340 3524 2594 3580 fidelium
2637 3525 3128 3595 scriptistradidit
3207 3526 3574 3595 roboranter,

1934 3617 1993 3667 et
2028 3616 2089 3667 ut
2132 3612 2510 3669 Virdunensis
2537 3612 2783 3669 ecclesia
2814 3614 3003 3684 ipsum
3047 3614 3461 3670 monasterium
3523 3614 3580 3668 in

1937 3701 2356 3770 sempiternum
2378 3701 2638 3767 haberet,
2689 3702 2840 3757 omni
2891 3702 3246 3758 auctoritate
3304 3701 3575 3757 firmavit.

1936 3788 2127 3845 Victui
2155 3805 2289 3844 vero
2325 3791 2565 3846 fratrum
2592 3791 2787 3846 Grimo
2831 3790 3172 3846 Frasindum
3223 3790 3422 3847 villam
3472 3805 3579 3861 pro

1937 3892 2035 3933 sua
2062 3878 2279 3948 pietate
2302 3878 3056 3947 delegavit.Sanctusctiam
3074 3877 3288 3935 Paulus
3331 3878 3573 3934 Basonis

1936 3965 2143 4021 villare
2176 3966 2245 4021 de
2273 3967 2396 4021 suis
2428 3966 2757 4023 redditibus
2780 3968 3160 4038 comparavit.
3198 3966 3578 4035 Privilegium

1938 4056 2278 4109 canonicum
2310 4055 2496 4124 ipsius
2527 4055 2793 4110 ecclesiae
2822 4055 2891 4109 de
2933 4054 3362 4125 antiquioribus
3423 4054 3580 4111 villis

1941 4142 2179 4211 fecit,et
2204 4155 2304 4197 sua
2340 4141 2699 4211 aliorumque
2747 4142 3154 4214 episcoporum
3221 4143 3577 4199 auctoritate

1940 4231 2129 4301 ipsum
2161 4230 2268 4284 sub
2291 4228 2483 4284 divina
2549 4230 2931 4285 attestatione
2979 4231 3299 4287 roboravit.
3363 4231 3465 4288 Hic
3526 4230 3582 4286 in

1940 4318 2278 4389 episcopatu
2312 4316 2555 4387 positus,
2577 4317 2758 4373 multa
2786 4317 3062 4374 miracula
3078 4324 3357 4389 operatus
3373 4323 3484 4390 est,
3519 4323 3578 4375 et

1942 4410 2076 4477 post
2104 4420 2269 4460 suum
2300 4417 2602 4459 excessum
2638 4390 2867 4475 positus
2889 4404 2943 4459 in
2980 4405 3216 4462 basilica
3255 4408 3443 4463 sancti
3476 4408 3573 4463 Sa-

1940 4493 2460 4561 turnini,omnihus
2487 4508 2617 4548 cum
2643 4493 2753 4548 fide
2770 4494 3146 4564 poscentibus
3163 4495 3340 4551 multa
3368 4495 3583 4552 sanita-

1860 4584 1912 4643 D
1943 4586 2062 4638 tum
2098 4581 2373 4637 beneficia
2395 4580 2653 4650 largitus
2683 4583 3002 4637 cst.C:ecos
3022 4596 3267 4652 namque
3292 4583 3580 4639 illumina-

1941 4671 2249 4740 vit,surdis
2279 4670 2540 4726 auditum
2565 4669 2969 4739 dedit,clausis
2999 4684 3268 4740 gressum
3302 4672 3578 4743 prwbuit,

1942 4768 2197 4830 aegrotos
2219 4773 2248 4813 a
2281 4758 2459 4813 variis
2493 4757 2933 4813 inﬁrmitatibus
2995 4758 3288 4815 liberavit.
3325 4760 3391 4815 Et
3444 4759 3582 4830 quid

1945 4849 2111 4920 plura
2134 4850 2156 4902 ?
2179 4846 2497 4904 Ecclesiam
2522 4847 2633 4902 sibi
2663 4848 3025 4903 commissam
3050 4849 3227 4903 rebus
3247 4847 3585 4920 temporali-

1945 4939 2054 5003 bus
2079 4936 2366 5005 dilatavit,
2402 4936 2681 4991 bonorum
2706 4949 2944 5007 operum
2972 4936 3214 4992 floribus
3254 4935 3581 5007 adornavit,

1943 5034 2002 5082 et
2020 5025 2293 5081 Dominus
2316 5024 2686 5094 omnipotens
2707 5023 2952 5081 animam
2976 5026 3101 5095 ejus
3126 5039 3255 5080 cum
3291 5023 3585 5081 sanctisin

1945 5119 2164 5170 aeterna
2188 5112 2370 5182 gloria
2396 5112 2653 5182 gaudere
2675 5111 2832 5168 facit.
2858 5112 3373 5183 Requievitautem
3390 5126 3586 5170 mense

1945 5203 2283 5272 Februario,
2348 5201 2438 5257 die
2489 5205 2539 5256 9.
2602 5202 2739 5256 Post
2787 5200 2937 5257 hunc
2979 5201 3173 5257 extitit
3255 5199 3588 5259 Gisloaldus

1946 5292 2274 5363 episcopus,
2309 5290 2665 5345 Gerebertus
2694 5287 2785 5345 ²²¹.

2023 5377 2317 5451 [Fur-1026.]
2349 5377 2716 5447 Dagobertus
2775 5376 2957 5447 igitur
3004 5389 3154 5434 anno
3215 5377 3378 5449 regni
3408 5376 3522 5445 ,ειιὶ
3552 5379 3587 5435 6

1545 5479 1782 5535 νΑΡιΙίΕ
1823 5476 2221 5536 LECTIONES.

1778 5618 2000 5680 ΝΟΤλΕ.

261 5555 330 5591 ²²ι
365 5554 505 5622 Quae
527 5552 926 5628 sequebantur
953 5552 1177 5612 abi-asa
1206 5551 1362 5612 sunt.

268 5698 381 5773 (47)
414 5699 562 5772 Lege
595 5694 1030 5759 C’Itrodoaldus.
1061 5693 1229 5757 Fred-
1257 5709 1311 5769 c,
1332 5696 1418 5751 δε).
