3922 6416
117 461 249 526 187

1395 465 1897 533 CHRONICON.
1935 503 2007 515 --
2037 467 2190 531 LIB.
2227 470 2273 533 Ι.

3420 472 3537 536 138

115 602 235 660 sia
269 602 624 661 Glennonem
648 620 776 663 cum
800 603 1180 678 appendiciis.
1209 607 1313 665 Hic
1336 606 1390 663 in
1408 607 1779 679 expeditione
1808 605 1865 666 Α
1891 608 2073 679 cina.)
2105 609 2167 663 In
2200 608 2408 666 diebus
2441 606 2560 664 illis
2590 604 2790 662 Franci
2824 609 3024 661 mutua
3066 618 3131 663 se
3180 607 3341 664 caede
3389 612 3539 665 ster-

119 690 512 763 imperatoris
535 693 678 750 obiit
704 694 891 765 pridie
916 695 1106 751 Nonas
1125 696 1279 752 Julii.
1307 698 1584 767 Tempore
1605 696 1780 752 etiam

116 780 261 849 ejus
307 782 466 837 dedit
517 783 653 854 Bajo
693 788 898 841 sancto
931 785 1200 854 Prejecto
1233 785 1617 841 Pulliniacum
1652 799 1781 841 cum

122 869 426 940 aeeclesia,
478 872 856 943 Magniacum,
909 873 1302 943 Pruiniaeum,
1351 877 1412 929 et
1463 888 1607 929 uxor
1654 872 1783 943 ejus

120 958 430 1029 Puteolos,
458 960 939 1031 Opiemariacum,
970 961 1293 1018 Cleriacum
1318 976 1468 1017 anno
1500 966 1532 1017 7
1564 960 1787 1017 Childe-

125 1045 244 1102 rici
298 1046 431 1117 (49).

211 1135 314 1190 llis
338 1134 543 1191 diebus
564 1136 886 1193 Eduensem
909 1136 1217 1193 ecclesiam
1239 1138 1522 1209 praefatus
1548 1139 1787 1206 regebat

127 1224 556 1294 Leodegarius,
593 1224 1013 1281 Virdunensem
1046 1227 1424 1295 Gcrcbertus,
1447 1226 1518 1280 de
1540 1225 1786 1295 quojam

130 1312 480 1367 memoriam
514 1313 777 1383 fecimus,
796 1313 1225 1383 Trajectcnsem
1250 1322 1489 1370 sanctus
1503 1314 1791 1370 Theodar-

130 1398 272 1456 dus.
310 1402 479 1471 (Vita
510 1400 734 1473 Lamb.)
764 1402 825 1456 In
857 1401 985 1458 aula
1021 1402 1179 1473 regis
1212 1403 1523 1459 Childerici
1546 1405 1787 1459 sanctus

129 1493 273 1544 erat
308 1489 912 1560 l.ambertus,juvcnis
933 1491 1095 1547 bona
1121 1491 1352 1559 indolis,
1383 1491 1477 1560 qui
1506 1496 1639 1562 post
1662 1506 1788 1546 san-

130 1582 304 1634 ctum
366 1577 767 1635 Theodardum
836 1594 1119 1636 consensu
1175 1584 1504 1648 magnatum
1553 1585 1610 1634 et
1660 1595 1789 1650 pro-

128 1680 341 1722 cerum
385 1666 810 1736 Trajectensem
867 1667 1127 1737 suscepit
1173 1668 1595 1738 episcopatum.
1647 1669 1787 1723 Dum

138 1754 335 1824 igitur
369 1760 606 1811 strenue
625 1760 682 1810 et
708 1755 999 1824 sagaciter
1024 1755 1389 1811 Childericus
1410 1756 1570 1825 regni
1596 1755 1789 1826 dispo-

136 1846 320 1898 neret
345 1843 756 1912 moderamina,
774 1844 1246 1900 crescenteinter
1263 1844 1790 1915 principesdiscor-

134 1929 242 1986 dia
275 1930 490 1987 diaboli
542 1931 774 2001 maligni
826 1932 1109 1987 suadente
1151 1931 1389 1998 invidia,
1438 1932 1790 1988 interficitur

135 2017 426 2091 princeps
456 2018 566 2075 iste
600 2019 873 2089 inclytus,
909 2034 1058 2075 anno
1088 2022 1159 2075 ab
1192 2020 1303 2075 inc.
1341 2022 1500 2075 Dom.
1540 2022 1664 2087 670,
1712 2020 1794 2074 iu-

137 2108 409 2163 dictione
442 2112 529 2178 13,
552 2108 776 2165 exactis
803 2109 858 2164 in
881 2109 1044 2178 regni
1074 2107 1585 2164 administratione
1608 2113 1676 2163 22
1700 2122 1796 2163 an-

144 2197 268 2266 nis,
302 2202 359 2252 et
388 2212 700 2267 germanus
730 2198 858 2267 ejus
888 2196 1279 2253 Theodericus
1311 2197 1594 2253 succedit.
1628 2198 1798 2269 (Vita

144 2286 357 2356 Leod.)
390 2287 451 2341 In
484 2286 689 2343 diebus
722 2286 839 2342 illis
870 2292 1028 2342 tanta
1060 2287 1162 2343 fuit
1196 2285 1504 2342 tribulatio
1538 2286 1591 2341 in
1615 2286 1799 2342 cccle-

142 2374 261 2445 sia,
297 2374 531 2431 Ebroini
567 2375 816 2431 faciente
850 2376 1129 2445 nequitia,
1166 2380 1229 2431 ut
1256 2374 1525 2431 videatur
1546 2375 1799 2430 cruJeli-

140 2468 279 2521 tate
307 2463 540 2519 vincere
571 2464 898 2519 Neroniana
928 2470 987 2519 et
1021 2463 1265 2519 Deciana
1290 2468 1571 2534 tempora.
1605 2462 1792 2535 [Ano.]

138 2554 309 2609 Tunc
330 2551 676 2608 interfectus
699 2559 791 2607 est
813 2557 1055 2608 sanctus
1078 2551 1465 2621 Leodegarius
1487 2566 1618 2607 cum
1644 2552 1799 2607 Ceri-

141 2656 222 2697 no
258 2640 440 2696 fratre
472 2642 544 2696 ab
572 2640 696 2711 ipso
729 2640 980 2696 Ebroino
1023 2640 1306 2711 principe,
1351 2646 1593 2696 sanctus
1643 2640 1800 2695 Lam-

142 2730 363 2785 bertus
394 2743 423 2783 a
456 2726 687 2783 Dodone
710 2728 943 2784 comite.
970 2728 1259 2784 Ebroiuus
1276 2728 1625 2784 crudelitate
1652 2729 1802 2784 fren-

142 2818 322 2887 dens,
356 2818 428 2873 ab
458 2817 821 2872 Ermenfrido
853 2819 1068 2872 Franco
1099 2817 1445 2872 interfectus
1483 2821 1593 2872 est.
1649 2818 1789 2872 Erat

148 2913 301 2963 tunc
323 2906 605 2976 temporis
627 2905 714 2960 vir
738 2906 808 2961 ab
832 2905 959 2975 ipso
980 2905 1233 2961 Ebroino
1252 2905 1439 2961 oculis
1457 2906 1723 2976 privatus
1748 2906 1802 2960 in

147 2994 349 3052 insula
383 3009 511 3065 qum
540 2995 791 3050 Barbara
817 2996 1053 3063 dicitur,
1080 3010 1210 3051 cum
1235 3000 1520 3050 nocturno
1545 2999 1805 3065 tempore

151 3084 227 3140 ad
262 3085 446 3154 ripam
481 3083 681 3139 Araris
709 3083 911 3138 orandi
942 3084 1132 3152 gratia
1167 3082 1421 3152 sederet,
1458 3082 1682 3138 audivit
1712 3097 1806 3138 na-

150 3172 483 3243 vigantium
509 3172 580 3227 im
593 3178 806 3243 petum.
835 3172 940 3239 Qui
967 3173 1356 3241 interrogans,
1384 3186 1498 3241 quo
1516 3171 1805 3240 navigium

1893 706 2058 770 nunt,
2093 703 2147 755 et
2173 695 2563 753 Theobaldum
2588 690 2903 749 Grimoaldi
2929 690 3107 747 filium
3133 695 3535 764 persequendo

1896 788 2116 858 fugant,
2150 786 2340 843 electo
2376 782 2687 840 Rainfredo
2724 780 2778 835 in
2812 780 3140 851 principatu
3175 781 3409 851 majoris
3441 784 3538 841 do-

1896 892 2045 945 mus,
2079 876 2150 932 de
2180 876 2347 945 cujus
2377 887 2545 927 manu
2582 884 2683 940 per
2717 867 2894 924 multa
2930 868 3078 924 bella
3112 870 3360 927 Karolus
3401 887 3540 929 eun-

1897 965 2024 1021 dem
2061 964 2451 1036 principatum
2487 957 2751 1025 sustulit,
2785 962 2841 1012 et
2877 963 3142 1014 mortuus
3176 960 3541 1016 estRaiufrc-

1897 1053 2007 1109 dus
2040 1068 2091 1109 a.
2123 1057 2245 1109 731.
2284 1048 2487 1121 (Gesta
2519 1047 2762 1115 Franc.)
2794 1048 2957 1100 Anno
2991 1061 3223 1116 quoque
3255 1053 3358 1103 717
3389 1049 3537 1104 obiit

1898 1142 1954 1197 in
1990 1141 2286 1196 Attiniaco
2314 1137 2451 1193 villa
2484 1133 2705 1202 Daniel,
2739 1132 2834 1202 qui
2860 1139 2919 1188 et
2944 1134 3326 1204 Chilpericus,
3350 1142 3405 1191 et
3434 1138 3541 1192 No-

1898 1229 2090 1285 viomo
2123 1228 2413 1299 sepultus,
2446 1229 2506 1280 et
2536 1221 2803 1279 succedit
2834 1222 2883 1277 ei
2919 1222 3312 1279 Theodericus
3364 1226 3542 1293 Dago-

1900 1317 2050 1372 bcrti
2080 1316 2334 1386 junioris
2367 1314 2538 1369 filius.
2575 1310 2740 1381 (0hr.
2768 1310 3033 1380 Divina.)
3068 1311 3190 1376 Quo
3223 1317 3454 1369 mortuo
3486 1329 3536 1368 a.

1897 1410 1998 1460 725
2032 1408 2319 1461 suceissit
2355 1402 2708 1467 Clotbarius,
2760 1404 2816 1455 et
2861 1401 3156 1457 Clotbario
3208 1400 3544 1456 Childeber-

1896 1497 2019 1562 tus,
2042 1498 2099 1548 et
2126 1493 2504 1548 Childebcrto
2539 1492 2936 1555 Cbildericus;
2977 1491 3033 1544 in
3071 1504 3185 1559 quo
3203 1488 3415 1545 defecit
3446 1504 3543 1558 ge-

1899 1582 2124 1637 neratio
2150 1582 2305 1651 regis
2336 1581 2631 1651 Clodovci,
2669 1596 2797 1651 quae
2824 1594 3005 1651 usque
3032 1585 3170 1635 tunc
3195 1583 3541 1647 regnaverat

1897 1671 2016 1742 (fol.
2052 1672 2160 1742 52).

1975 1813 2259 1887 [Recmm]
2298 1812 2540 1868 Karolus
2572 1814 2644 1868 ab
2667 1811 2968 1881 ergastulo
2993 1826 3106 1882 quo
3131 1812 3440 1868 tenebatur
3463 1812 3546 1867 di-

1902 1903 2033 1959 vina
2070 1902 2445 1958 miseratione
2476 1908 2738 1972 ereptus,
2772 1905 2840 1957 27
2869 1902 3053 1958 annis.
3092 1902 3304 1971 quibus
3339 1902 3547 1973 princi-

1910 1996 2103 2062 patum
2136 1990 2393 2047 obtinuit
2424 1992 2532 2046 sub
2567 1990 2827 2060 prmfatis
2858 1990 3117 2059 regibus,
3154 1988 3365 2045 bellum
3414 2005 3544 2047 cum

1908 2080 2111 2152 paucis
2137 2079 2225 2134 bis
2254 2085 2455 2149 terque
2480 2092 2833 2147 congressus
2860 2079 3222 2149 primoabiit,
3242 2078 3545 2135 tandemin

1907 2168 2178 2225 Vinciaco
2214 2172 2276 2221 13
2310 2167 2428 2222 Kal.
2469 2167 2681 2238 Aprilis
2713 2172 2919 2223 contra
2954 2167 3326 2221 Rziiufredum
3381 2169 3548 2221 Fran-

1908 2272 2108 2313 corum
2141 2255 2458 2327 principem
2492 2270 2541 2310 a.
2577 2261 2701 2325 717,
2740 2256 2917 2311 tertio
2949 2256 3038 2311 sui
3070 2255 3435 2327 principatus
3459 2270 3549 2311 an-

1908 2361 2013 2410 no;
2051 2345 2201 2402 unde
2234 2345 2424 2400 victor
2456 2345 2664 2412 factus,
2688 2359 2795 2399 una
2824 2348 3068 2413 tantum,
3096 2344 3148 2399 id
3170 2350 3264 2398 est
3288 2344 3548 2413 Andega-

1905 2434 1996 2488 vis
2026 2431 2265 2488 civitate
2297 2432 2347 2486 ei
2380 2446 2656 2487 concessa
2678 2431 2749 2487 ad
2774 2432 3172 2501 habitandum,
3197 2432 3547 2489 Francorum

1913 2526 2088 2577 totam
2130 2525 2362 2590 gentem
2414 2535 2643 2590 regens,
2697 2521 2947 2576 vastavit
2994 2521 3320 2590 Saxoniam,
3375 2523 3550 2578 Bava-

1910 2609 2073 2675 riam,
2106 2610 2346 2664 intravit
2380 2608 2434 2663 in
2466 2608 2825 2664 Provinciam
2854 2623 3033 2678 usque
3059 2609 3390 2679 Massiliam,
3417 2611 3547 2666 iuva

1910 2699 1983 2755 sit
2020 2698 2406 2767 Wascouiam,
2429 2698 2683 2753 vastavit
2708 2698 2969 2767 Frisiam,
2995 2699 3272 2754 contrivit
3294 2699 3552 2755 Aleman-

1910 2787 2079 2842 niam.
2115 2786 2281 2858 (Chr.
2316 2786 2695 2856 Dicion.)Qui
2722 2792 3030 2857 propterea
3053 2789 3275 2843 Tuditis
3298 2789 3550 2859 appella-

1912 2881 2009 2932 tus
2037 2880 2128 2931 est
2158 2876 2313 2946 quod
2345 2881 2438 2931 est
2466 2874 2711 2931 malleus
2746 2875 2911 2943 fabri,
2958 2876 3091 2945 quia
3140 2876 3290 2931 sicut
3344 2878 3551 2936 malleo

1913 2964 2181 3022 universa
2215 2964 2540 3020 tunduntur
2576 2964 2946 3032 ferramenta,
2983 2964 3060 3019 ita
3100 2964 3224 3034 ipse
3271 2967 3551 3023 contrivit

1914 3053 2102 3109 omnia
2136 3068 2309 3122 regna
2345 3051 2455 3108 sibi
2488 3052 2695 3108 vicina.
2735 3054 3014 3122 Pugnavit
3038 3054 3209 3109 etiam
3236 3071 3364 3112 cum
3390 3061 3555 3116 Sara-

1914 3142 2077 3198 cenis
2110 3158 2219 3197 non
2252 3142 2422 3211 longe
2452 3158 2481 3198 a
2517 3143 2802 3210 Narbona,
2840 3146 2897 3197 et
2933 3142 3173 3198 maxima
3221 3146 3380 3202 caede
3425 3164 3555 3218 pro-

151 3229 304 3317 “ﬁld
352 3229 637 3331 tendere-l’
690 3229 910 3316 audiét
948 3279 959 3314 ε
1011 3229 1309 3317 Εῡγπῆαε
1346 3229 1461 3329 ’8ἑῶ
1511 3229 1685 3331 que";
1728 3259 1810 3316 ad
1841 3312 1883 3331 ﬁ
1917 3230 2147 3331 stravit.
2186 3229 2408 3331 Quibus
2439 3230 3550 3331 iterum‘Proviuiiim‘irrumpentibus,

164 3350 529 3407 Valcam'am
566 3350 750 3406 ollam
780 3350 1125 3423 deferimus,
1178 3350 1265 3409 ibi
1309 3350 1469 3406 enim
1497 3350 1667 3421 facti
1708 3349 1807 3405 sui

150 3451 365 3510 panas
395 3437 536 3495 laet.

226 3528 399 3600 (Chr.
434 3527 701 3598 Divicm.)
727 3528 850 3582 Jam
888 3532 1020 3583 tunc
1054 3526 1465 3584 deficientibus
1492 3541 1521 3582 a
1555 3526 1805 3600 pristino

150 3616 362 3687 vigore
390 3616 645 3686 regibus,
671 3615 834 3686 regni
856 3630 995 3671 cura
1021 3616 1545 3672 administrabatur
1570 3631 1672 3688 per
1697 3630 1809 3670 ma-

146 3708 320 3777 jores
350 3705 574 3760 domus.
611 3704 837 3760 Mortuo
865 3719 1006 3774 ergo
1033 3704 1389 3761 Theoderico
1412 3706 1485 3761 ab
1508 3705 1616 3761 inc.
1644 3707 1803 3760 Dom.

150 3797 283 3864 692,
322 3793 639 3850 indictione
671 3793 893 3863 quinta,
931 3794 1257 3851 Clodoveus
1288 3794 1442 3851 illius
1466 3794 1592 3864 ejus
1612 3809 1808 3851 succe-

154 3881 307 3938 dens
338 3888 616 3951 regnata.
646 3886 694 3937 1.
725 3882 882 3937 Inter
906 3882 1088 3938 duces
1110 3889 1167 3939 et
1193 3884 1473 3954 primates
1497 3883 1657 3953 regni
1682 3884 1811 3954 Pip-

155 3970 338 4041 pinus
366 3970 802 4042 praeeminebat,
836 3976 891 4025 et
928 3971 1172 4026 maxima
1208 3986 1342 4042 pars
1368 3971 1529 4041 regni
1556 3972 1609 4027 in
1641 3987 1810 4028 manu

156 4059 292 4129 ejus
325 4064 474 4116 erat.
510 4059 800 4115 Clodoveo
833 4074 1065 4129 quoque
1099 4059 1374 4116 defuncto
1404 4059 1814 4116 Childebertus

156 4148 494 4207 succedens
523 4146 787 4216 regnavit
809 4161 859 4202 a.
883 4151 968 4202 13.
999 4148 1204 4217 (Gesta
1227 4148 1470 4218 Franc.)
1492 4148 1815 4205 Virdunen-

161 4252 286 4296 sem
322 4235 630 4294 ecclesiam
665 4235 1090 4291 Bertbalamius
1133 4237 1444 4307 episcopus
1494 4237 1664 4306 rexit,
1717 4252 1813 4307 qui

158 4326 364 4383 studio
398 4339 504 4381 suo
533 4329 593 4379 et
622 4322 907 4379 industria
938 4323 1206 4380 ecclesiae
1235 4324 1347 4380 sibi
1370 4324 1694 4381 commissas
1720 4325 1817 4380 ad-

165 4415 416 4487 quisivit
452 4412 669 4485 praedia
701 4411 1147 4484 quamplurima.
1207 4413 1498 4485 [Bsnum]
1547 4412 1672 4481 Quo
1722 4412 1817 4470 de-

164 4504 373 4561 functo
404 4500 671 4560 succedit
700 4503 864 4557 Abbo
892 4502 1224 4573 episcopus.

239 4592 622 4649 Cbildeberlo
654 4605 884 4663 quoque
914 4605 1073 4662 rege,
1110 4591 1205 4663 qui
1238 4591 1682 4663 cognominatus
1729 4595 1819 4648 est

164 4682 401 4747 Justus,
435 4681 506 4738 de
542 4649 733 4737 medio
768 4649 920 4737 facto
950 4649 1099 4737 anno
1128 4649 1252 4749 711,
1281 4649 1646 4751 Dvagobertus
1668 4679 1821 4737 illius
1855 4660 1902 4721 ί)
1930 4649 1960 4693 c

168 4769 299 4841 ejus
332 4769 600 4828 succedit
631 4769 820 4842 adhuc
853 4784 998 4842 puer
1019 4784 1169 4826 anno
1194 4769 1305 4825 ine.
1334 4771 1493 4825 Dom.
1517 4773 1640 4835 712,
1661 4776 1719 4825 et
1743 4783 1826 4827 re.

169 4836 373 4929 gnavit
401 4857 568 4914 annis
592 4836 725 4924 δίει
752 4836 1018 4915 mortuus
1040 4862 1133 4915 est
1156 4873 1206 4914 a.
1223 4862 1346 4927 715,
1366 4855 1568 4929 (Gesta
1589 4858 1825 4929 Franc.)

171 4947 267 5004 cui
299 4952 594 5005 successnt
624 4946 824 5003 Daniel
869 4947 1143 5017 clericus,
1196 4946 1294 5018 qui
1338 4951 1397 5003 et
1445 4946 1823 5020 Chilpericus,

172 5037 565 5109 regnavitque
597 5051 779 5093 annos
803 5035 940 5108 plus
970 5037 1246 5108 quinque.

1838 3312 1886 3375 C
1914 3336 2045 3377 eum
2071 3319 2367 3376 Arelatum
2387 3319 2703 3390 cepissent,
2727 3319 2969 3375 Carolus
2989 3321 3094 3376 sibi
3111 3323 3386 3393 adjuncto
3407 3326 3556 3381 Luit-

1923 3425 2021 3481 pra
2035 3410 2145 3465 ndo
2170 3408 2681 3477 Longobardorum
2710 3423 2864 3478 rege.
2890 3409 2959 3464 dc
2981 3408 3095 3463 illis
3109 3425 3208 3466 eos
3224 3412 3558 3481 regionibus

1918 3498 2213 3566 ellugavit.
2249 3498 2423 3567 [PAUL
2444 3496 2623 3568 D|.\c.]
2654 3497 2730 3550 Eo
2756 3502 3017 3566 tempore
3045 3497 3237 3553 floruit
3266 3500 3377 3555 vita
3395 3509 3558 3559 etac-

1919 3569 2079 3625 tibus
2102 3568 2703 3635 PetrusTicinensise,
2732 3568 2985 3637 iscopus,
3004 3569 3557 3641 virginitatisgloria

1920 3658 2253 3726 decoratus,
2280 3656 2374 3727 qui
2402 3657 2472 3711 ab
2496 3657 2770 3727 Aripcrto
2796 3658 3082 3725 quondam
3107 3663 3560 3732 rcgeapudSpo-

1921 3747 2099 3803 letum
2137 3747 2324 3802 fuerat
2357 3745 2672 3815 relegatus.
2710 3746 2860 3801 Misit
2893 3750 3081 3801 autem
3105 3747 3348 3804 Carolus
3373 3751 3563 3823 Pippi-

1920 3851 2056 3892 num
2091 3835 2268 3891 filium
2300 3850 2465 3891 suum
2503 3834 2857 3905 Luitprando
2890 3837 3130 3905 praefato
3163 3837 3303 3907 regi,
3342 3844 3405 3895 ut
3437 3840 3562 3909 ejus

1920 3923 2196 3996 capillum
2230 3923 2534 3980 incideret.
2576 3922 2683 3988 Qui
2715 3924 2934 3979 crinem
2964 3925 3090 3993 ejus
3122 3926 3381 3984 incidens
3402 3936 3567 4000 pater

1922 4015 1973 4071 ei
2003 4015 2192 4071 factus
2213 4017 2302 4070 est
2328 4011 2676 4082 ;multisque
2700 4012 2947 4068 ditatum
2965 4015 3566 4086 muneribusgenitori

1926 4103 2172 4158 remisit.
2201 4100 2727 4177 Leoneimperante
2751 4101 3110 4171 temporibus
3127 4102 3388 4175 Gregorii
3406 4122 3568 4179 papas

1924 4190 2110 4259 tertii,
2145 4190 2379 4245 hortatu
2413 4189 2539 4257 ejus
2579 4190 2900 4245 Petronace
2952 4190 3099 4246 duce
3152 4197 3568 4253 monasterium

1930 4278 2112 4336 sancti
2139 4276 2434 4333 Benedicti
2457 4276 2511 4331 in
2537 4276 2778 4331 Cassino
2804 4283 3197 4335 restauratum
3222 4286 3309 4337 est
3332 4283 3571 4354 ,elapsis

1923 4369 2040 4439 jam
2075 4368 2195 4423 fere
2229 4367 2330 4421 110
2362 4364 2528 4421 annis
2562 4379 2592 4419 a
2621 4364 3023 4421 destructione
3055 4367 3200 4437 ejus,
3252 4372 3344 4427 cui
3395 4374 3570 4432 etiam

1928 4456 2238 4515 Zacharias
2268 4468 2411 4526 papa
2446 4453 2611 4526 plura
2644 4452 2917 4523 contulit,
2952 4456 3104 4511 inter
3137 4471 3265 4528 qua)
3289 4462 3569 4534 regulam,

1932 4561 2102 4617 quam
2132 4549 2372 4602 sanctus
2401 4542 2751 4600 Benedictus
2779 4558 2951 4600 manu
2985 4559 3090 4601 sua
3137 4547 3396 4619 scripsit,
3446 4565 3576 4607 con-

1965 4635 2128 4691 essit.

2008 4777 2298 4850 [ΒετιτΑιι.]
2369 4777 2524 4833 Tune
2586 4780 2840 4847 praeerat
2900 4776 3253 4835 Virdunensi
3310 4779 3578 4840 ecclesia:

1935 4867 2132 4938 Peppo
2152 4866 2484 4937 episcopus,
2511 4871 2568 4921 et
2596 4865 2649 4921 in
2673 4864 2771 4921 illa
2797 4865 3107 4937 seditione,
3136 4882 3303 4939 quam
3330 4868 3580 4927 diximus

1939 4956 2115 5013 fuisse
2150 4955 2302 5011 inter
2334 4953 2726 5010 Raimfredum
2760 4956 3111 5011 Francorum
3155 4957 3471 5027 principem
3521 4963 3579 5014 et

1938 5042 2208 5101 Karolum
2238 5041 2659 5113 Tuditem,ipse
2695 5042 2830 5097 favit
2870 5044 3137 5114 partibus
3174 5044 3385 5113 Caroli,
3418 5052 3477 5101 et
3507 5046 3582 5102 ob

253 5125 548 5199 [Battum]
585 5128 749 5183 Anno
782 5127 852 5181 ab
885 5127 995 5182 inc.
1032 5128 1192 5183 Dom.
1235 5130 1361 5196 711,
1414 5129 1587 5182 natus
1634 5131 1727 5182 est
1774 5127 1831 5184 in
1939 5132 1997 5188 id
2029 5132 2281 5204 optinuit
2314 5130 2505 5202 pretio
2537 5145 2664 5188 cum
2698 5131 2904 5187 Carolo
2926 5131 3255 5202 etquodam
3290 5132 3468 5189 nobili
3488 5148 3584 5191 va-

179 5211 532 5271 Virdunensi
584 5215 728 5271 urbe
781 5214 1029 5272 domnus
1089 5213 1569 5287 Madeleveuspx
1616 5214 1833 5272 familia

185 5301 475 5360 ecclesiae.

256 5392 542 5466 Pippinus
571 5398 840 5451 mortuus
868 5399 959 5451 est
1009 5408 1158 5451 anno
1210 5395 1283 5451 ab
1332 5395 1442 5451 inc.
1492 5395 1653 5451 Dom.
1706 5397 1830 5466 716,

188 5495 390 5541 mense
420 5486 780 5556 Decembrio,
815 5489 872 5542 et
908 5485 1275 5544 Grimoaldus
1309 5485 1464 5543 illius
1508 5486 1638 5556 ejus
1687 5500 1837 5544 mor-

185 5574 347 5645 tuus,
379 5578 440 5631 et
467 5573 714 5632 Karolus
739 5576 1023 5633 successit
1059 5577 1109 5631 in
1146 5575 1272 5633 loco
1307 5576 1513 5647 patris.
1539 5575 1706 5647 (Car.
1730 5576 1838 5635 Di-

1942 5219 2089 5279 sallo
2122 5220 2249 5289 ejus
2282 5220 2640 5276 Calmoutem
2670 5219 2864 5275 villam
2898 5235 3027 5276 cum
3061 5220 3329 5277 omnibus
3373 5236 3586 5293 appen-

1942 5308 2133 5365 diciis.
2169 5310 2484 5378 Postquam
2518 5323 2658 5364 vero
2692 5308 2842 5364 Deus
2872 5306 3079 5364 Karolo
3110 5307 3386 5364 solidavit
3416 5310 3588 5365 Fran-

1940 5412 2140 5456 corum
2176 5411 2437 5467 regnum,
2471 5395 2695 5453 addidit
2725 5401 2784 5452 et
2810 5393 2918 5451 alia
2942 5394 3386 5467 quamplurima,
3413 5402 3475 5454 ut
3495 5412 3590 5455 os~

1941 5486 2136 5545 tendit
2165 5487 2502 5544 chartarum
2527 5486 2755 5542 notitia.
2784 5486 2853 5541 Et
2871 5485 2980 5542 hoc
3002 5499 3142 5556 ergo
3164 5485 3438 5544 defuncto
3458 5486 3591 5543 Vol-

1942 5578 2147 5635 chisus
2180 5577 2496 5650 episcopus
2528 5575 2720 5633 factus
2750 5579 2864 5646 est,
2898 5580 2956 5631 et
2993 5580 3123 5647 post
3145 5589 3275 5633 eum
3299 5575 3589 5647 Agroinus

1774 5690 1995 5748 NOTIE.

269 5793 383 5870 (49)
416 5796 521 5855 Die
548 5795 847 5853 Dominico
879 5799 1013 5853 ante
1045 5795 1194 5855 med.
1229 5809 1487 5855 mensem
1514 5795 1676 5868 Maii;
1708 5795 1848 5856 ibid.

505 5894 768 5960 Panos.
801 5894 1015 5961 CLIV.
