3922 6408
338 450 453 519 189

1279 447 1645 516 HUGONIS
1687 448 2041 515 ABBATIS
2084 444 2771 516 FLAVINIACENSIS

3623 437 3747 516 140

332 589 668 664 episcopus,
702 588 799 663 qui
821 588 1130 664 perpaucis
1155 586 1446 662 annisipsi
1472 587 1764 662 praefuere
1787 586 1974 646 eccle-
2004 586 2061 646 A
2092 584 2381 644 sumdedit
2416 601 2724 658 regnorum
2757 586 2908 659 jura.
2960 584 3201 646 inﬂatur
3249 600 3400 646 unus
3450 586 3745 645 adversus

334 696 453 737 SHB.

406 770 570 840 (0hr.
602 770 865 840 Dicion.)
898 772 1060 827 Anno
1092 769 1164 825 ab
1198 768 1305 826 inc.
1348 770 1505 824 Dom.
1556 770 1679 838 741,
1733 766 1978 823 Karolus

336 865 603 917 mortuus
633 863 743 929 est,
775 864 833 915 et
867 858 968 914 filii
998 857 1125 928 ejus
1157 857 1576 914 Karlomannus
1607 861 1664 912 et
1696 856 1977 928 Pippinus

336 951 719 1019 susceperunt
754 947 916 1017 regni
950 947 1368 1017 gubernacula,
1404 946 1504 1003 sed
1554 945 1978 1001 Karlomannus

334 1038 585 1108 septimo
620 1040 749 1108 post
783 1037 967 1109 patris
998 1037 1222 1093 obitum
1255 1050 1404 1091 anno
1435 1036 1507 1091 ab
1530 1034 1639 1091 inc.
1666 1036 1826 1089 Dom.
1848 1037 1976 1102 747,

336 1125 540 1182 relicta
568 1140 708 1182 cura
739 1124 900 1195 regni
935 1124 1179 1196 Pippino
1217 1124 1404 1193 fratri,
1449 1125 1665 1179 Roman
1717 1121 1981 1193 perrexit

333 1219 389 1270 et
425 1215 480 1269 in
515 1217 709 1269 monte
740 1212 966 1283 Serapti
1001 1212 1319 1268 monachus
1353 1211 1771 1267 habitationem
1818 1208 1983 1264 insti-

338 1303 466 1359 tuit.
504 1303 717 1358 Postea
747 1317 858 1358 non
882 1302 1075 1357 ferens
1099 1300 1396 1356 molestias
1416 1300 1628 1355 crebro
1652 1313 1714 1355 se
1739 1298 1982 1355 visitan-

334 1391 501 1460 tium,
554 1390 624 1445 ad
675 1393 937 1446 sanctum
987 1389 1366 1445 Benedictum
1411 1388 1466 1442 in
1518 1391 1711 1442 monte
1759 1385 1979 1443 Cassini

336 1478 760 1547 commigravit.
799 1476 1001 1549 (Gesta
1014 1493 1078 1548 p.
1108 1478 1204 1547 Β.)
1228 1479 1381 1533 Tunc
1408 1476 1647 1545 regebat
1668 1476 1982 1530 Romanam

337 1566 644 1623 ecclesiam
658 1566 964 1622 Zacharias
982 1580 1147 1637 papa,
1165 1566 1260 1635 qui
1282 1565 1571 1621 successit
1591 1563 1867 1633 Gregorio
1883 1563 1977 1632 Ill,

340 1669 391 1712 a.
424 1658 547 1725 742,
581 1658 637 1709 et
673 1654 825 1709 rexit
857 1654 1041 1725 ipsam
1073 1654 1385 1709 ecclesiam
1420 1668 1470 1708 a.
1508 1658 1593 1722 10,
1629 1667 1701 1707 m.
1730 1656 1781 1720 3,
1808 1650 1864 1706 d.
1894 1652 1980 1706 14.

341 1742 623 1815 [Racmo]
660 1743 762 1798 Hic
796 1746 1035 1813 accepta
1070 1741 1359 1811 legatione
1392 1757 1420 1797 a
1452 1741 1697 1813 Pippino
1724 1755 1824 1812 per
1847 1741 1985 1795 Bur-

338 1835 583 1902 gardum
615 1831 1139 1899 Vitzoburgensem
1174 1830 1535 1901 episcopum,
1568 1834 1627 1885 et
1673 1828 1984 1884 Fulradum

2090 674 2287 748 alium,
2310 677 2529 734 invadit
2555 677 2800 748 quisque
2814 692 3019 735 nomen
3035 678 3279 749 regium.
3298 679 3415 733 Hac
3429 681 3745 734 crescente

2091 765 2383 822 discordia
2417 769 2592 824 urbes
2623 766 3072 840 depopulantur,
3110 766 3375 824 ecclesiae
3418 764 3744 823 incendun-

2091 854 2536 924 tur,ministeria
2562 856 2754 911 divina
2779 857 3190 926 detrahuntur,
3215 854 3564 912 monasteria
3588 854 3748 910 viro-

2092 958 2220 1000 rum
2253 944 2627 1015 dejiciuntur,
2662 944 2989 1016 puellarum
3024 944 3404 1015 deluduntur,
3443 948 3498 1000 et
3524 948 3748 1000 cuncta

2091 1039 2437 1099 vastantur;
2472 1033 2699 1105 fuitque
2730 1049 2799 1090 eo
2824 1038 3085 1105 tempore
3109 1048 3223 1089 non
3250 1033 3436 1089 minor
3460 1033 3513 1087 in
3535 1030 3748 1088 aeccle-

2094 1123 2198 1179 siis
2227 1123 2500 1193 gemitus,
2534 1137 2704 1194 quam
2737 1122 3040 1179 Decianeis
3071 1121 3564 1191 Diocletianisque
3595 1125 3749 1175 tem-

2095 1212 2353 1283 poribus.
2394 1210 2583 1281 [Βεκτ.
2621 1210 2708 1283 12]
2744 1210 2867 1277 Quo
2899 1211 3133 1268 turbine
3176 1208 3557 1267 Virdunensis
3602 1207 3751 1265 civi-

2093 1304 2185 1356 tas
2236 1299 2531 1370 exagitata
2582 1286 2860 1356 defuncto
2910 1299 3161 1369 Agroino
3208 1299 3484 1379 episcopo
3529 1296 3745 1354 diebus

2095 1388 2295 1445 multis
2329 1390 2538 1445 mansit
2572 1404 2775 1459 vacua,
2811 1393 3047 1459 pastore
3076 1387 3331 1444 viduata.

2166 1478 2266 1534 His
2298 1478 2506 1534 diebus
2540 1476 2871 1533 ablactatus
2904 1477 3089 1532 almus
3113 1490 3257 1548 puer
3280 1474 3628 1544 Maldeveus,
3653 1487 3751 1529 re-

2097 1567 2319 1638 ligiosis
2332 1566 2473 1623 viris
2490 1566 2746 1622 traditus
2761 1570 2851 1622 est
2869 1565 3088 1621 litteris
3107 1563 3472 1629 imbuendus,
3491 1577 3743 1634 quarum

2096 1655 2403 1713 elementis
2424 1655 2586 1711 brevi
2615 1654 2769 1710 datis
2792 1653 3103 1723 memoriae,
3133 1651 3292 1709 dedit
3317 1666 3551 1724 cperam
3570 1650 3751 1706 intel-

2100 1745 2279 1815 ligere
2316 1745 2604 1816 praacepta
2639 1743 2783 1799 artis
2812 1743 3225 1813 grammaticae,
3277 1756 3379 1814 per
3424 1755 3551 1811 quae
3598 1754 3747 1797 vera

2100 1839 2465 1904 agnosceret,
2501 1833 2646 1890 vicia
2677 1832 2868 1904 quiret
2900 1833 3105 1888 vitare.
3142 1833 3277 1887 Post
3312 1831 3434 1886 haec
3482 1827 3749 1886 tribunal

343 1919 526 1991 ipsius
549 1918 779 1989 Pippini
798 1918 1185 1989 capellanum,
1216 1919 1287 1974 de
1314 1918 1658 1974 incivilitate
1683 1932 1881 1987 regum
1914 1931 1988 1971 ex
2016 1943 2070 2002 Β
2101 1924 2363 1980 ascendit
2384 1922 2713 1979 rethoricaa.
2742 1923 2849 1978 Sed
2866 1922 2998 1992 quia
3025 1921 3226 1977 rethor
3246 1916 3754 1975 esttraditorelo-

344 2008 582 2079 antiqua
606 2006 1069 2077 Merovingorum
1094 2008 1282 2078 stirpe
1298 2006 1795 2077 descendentium,
1818 2009 1875 2062 ut
1894 2020 1989 2062 su-

346 2097 544 2168 perius
565 2095 1024 2167 przelibavimus,
1049 2096 1282 2150 mandat
1299 2094 1514 2166 populo
1530 2092 1905 2159 Francorum,
1924 2099 1985 2150 ut

344 2185 644 2256 Pippinus,
671 2183 768 2254 qui
793 2188 1087 2255 potestate
1104 2185 1261 2252 regia
1279 2186 1574 2253 utebatur,
1594 2183 1840 2239 nominis
1856 2198 1991 2254 quo-

345 2288 456 2343 que
488 2273 775 2342 dignitate
810 2273 1121 2329 frueretur.
1159 2274 1331 2343 (Anu.
1366 2272 1568 2342 thld.)
1598 2273 1681 2327 Ita
1708 2272 1993 2328 Childeri-

343 2375 447 2416 cus
479 2374 582 2414 rex
612 2359 854 2416 ultimus
888 2360 958 2415 dc
991 2359 1113 2429 ipsa
1140 2359 1325 2430 stirpe
1356 2359 1683 2430 depositus,
1710 2364 1766 2415 et
1792 2359 1845 2414 in
1874 2374 1990 2415 mo-

344 2447 662 2504 nasterium
696 2452 916 2517 trusus,
953 2451 1008 2503 et
1046 2448 1326 2519 Pippinus
1359 2448 1415 2503 in
1440 2462 1635 2516 regem
1659 2448 1904 2519 electus,
1930 2453 1989 2503 et

341 2541 727 2593 consecratus
760 2542 846 2592 est
903 2551 932 2592 a
986 2536 1281 2592 Bonifacio
1326 2537 1635 2606 Moguntiaa
1685 2538 1986 2608 episcopo,

344 2625 668 2682 Sucssionis
701 2626 754 2679 in
788 2624 946 2681 villa.
983 2639 1012 2679 a
1046 2630 1168 2680 752.
1195 2626 1500 2696 (Gestap.
1529 2626 1626 2696 R.)
1653 2625 1763 2680 Sed
1787 2629 1844 2680 et
1870 2627 1991 2681 Ste-

344 2712 589 2784 phanus,
626 2712 721 2782 qui
749 2712 1040 2768 Zachariae
1075 2715 1467 2780 successerat,
1491 2717 1734 2783 prepter
1758 2712 1993 2768 infesta-

343 2799 561 2855 tionem
586 2797 816 2854 Aistulfi
841 2798 998 2867 regis
1022 2798 1539 2867 Langobardorum
1567 2803 1635 2855 14
1658 2799 1750 2855 die
1775 2799 1992 2854 mensis

344 2886 618 2942 Octobris
649 2888 827 2942 Roma
859 2900 1149 2955 egressus,
1187 2886 1510 2943 indictione
1542 2892 1593 2957 7,
1632 2893 1880 2959 papatus
1904 2888 1993 2943 sui

346 2990 395 3033 a.
430 2980 482 3046 2,
509 2977 581 3031 ab
604 2976 713 3032 inc.
744 2977 903 3031 Dom.
929 2977 1050 3030 754.
1080 2975 1150 3030 ad
1174 2976 1440 3047 Pipinum
1466 2977 1622 3032 venit
1652 2977 1705 3031 in
1729 2976 1989 3046 Francia,

343 3069 399 3121 et
430 3064 735 3121 constituit
772 3078 904 3120 eum
936 3065 1205 3119 Romana:
1238 3063 1507 3121 ecclesiae
1540 3064 1905 3120 defensorem
1938 3070 1992 3119 et

347 3152 690 3225 principem,
717 3157 773 3209 et
799 3152 1165 3209 confirmavit
1195 3153 1471 3209 unctione
1496 3168 1598 3210 sua
1626 3153 1680 3208 in
1705 3168 1921 3223 regem,
1938 3158 1994 3209 et

349 3242 507 3299 unxit
540 3242 689 3298 duos
723 3241 872 3297 filios
920 3241 1046 3310 ejus
1093 3241 1543 3298 Carlomannum
1594 3247 1653 3297 et
1706 3242 1992 3299 Carolum.

345 3332 519 3403 (Anu.
550 3330 753 3413 Eata.)
780 3332 1003 3386 Extunc
1036 3329 1231 3386 ablata
1254 3336 1349 3385 est
1371 3331 1549 3386 Roma
1575 3345 1605 3386 a
1631 3330 1999 3400 subjectione

350 3417 577 3491 imperii
631 3419 986 3474 Graecorum.
1043 3421 1203 3474 Anno
1232 3418 1300 3451 ²²³
1332 3424 1436 3474 755
1489 3424 1618 3491 post
1672 3420 1998 3491 Gayronum

351 3509 691 3579 episcopum
710 3507 1163 3565 Flaviniacensis
1184 3507 1469 3565 zecclesias
1493 3508 1764 3563 abbatem
1788 3509 2003 3563 Manas-

352 3611 446 3652 ses
480 3595 787 3651 ordinatur
815 3595 997 3650 abbas
1028 3599 1292 3667 tempore
1317 3595 1546 3667 Pippini
1572 3595 1862 3666 quondam
1890 3609 2004 3651 ma-

348 3684 497 3754 joris
528 3683 752 3753 domus,
790 3690 927 3739 tunc
963 3689 1154 3739 autem
1190 3684 1346 3753 regis
1376 3685 1749 3741 Francorum.

428 3775 591 3829 Anno
624 3772 805 3841 igitur
835 3772 907 3827 ab
936 3772 1335 3828 incarnatione
1359 3772 1656 3829 humanati
1684 3773 1858 3831 Verbi
1877 3778 2004 3845 753,

358 3860 602 3931 suscipit
637 3858 1017 3931 praesulatum
1049 3860 1433 3916 Virdunensis
1465 3860 1730 3919 ecclesiae
1763 3863 2009 3919 domnus

358 3948 707 4006 Maldeveus.
746 3948 844 4004 llic
878 3947 931 4002 in
952 3948 1153 4004 eadem
1178 3949 1323 4004 urbe
1346 3949 1688 4007 christianis
1706 3955 1764 4007 et
1788 3951 2007 4008 inclitis

361 4036 704 4110 parentibus
724 4041 811 4092 est
836 4038 1054 4092 editus.
1076 4037 1183 4104 Qui
1208 4038 1407 4093 statim
1422 4044 1663 4096 renatus
1685 4054 1754 4096 ex
1777 4053 1924 4110 aqua
1948 4045 2006 4096 et

361 4126 574 4199 spiritu
598 4125 653 4181 in
678 4130 898 4197 septem
915 4125 1284 4197 baptismatis
1296 4127 1594 4199 gradibus,
1613 4134 1836 4201 septem
1856 4144 2009 4186 com-

364 4214 675 4286 prehendit
706 4214 852 4270 dona
885 4215 1154 4285 paracliti
1186 4215 1459 4287 Spiritus,
1504 4218 1745 4290 Accepit
1798 4218 2008 4274 deinde

365 4317 570 4360 carnes
598 4302 728 4373 agni
761 4303 1113 4360 immaculati
1147 4319 1277 4361 cum
1312 4305 1615 4376 sanguine,
1651 4306 2005 4365 candidatus

365 4391 719 4461 virginitatis
769 4397 951 4463 veste,
990 4391 1306 4450 decoratus
1356 4393 1819 4453 immortalitatis
1871 4394 2010 4451 lam-

364 4482 530 4552 pade.
560 4480 699 4550 (Fol.
723 4481 852 4551 52’.)
870 4481 1197 4537 Ardebatea
1214 4486 1560 4553 tempestate
1575 4484 1760 4540 omnis
1776 4482 2007 4554 Belgica

365 4569 659 4626 cotidiana
692 4568 981 4625 bellorum
1003 4569 1305 4626 instantia.
1337 4571 1519 4642 [Eram
1567 4572 1703 4629 Vita
1733 4572 1837 4644 ΚΖ]
1870 4574 2009 4629 Nam

368 4656 581 4727 regalis
604 4657 881 4728 dignitas,
907 4672 1079 4729 quaea
1103 4659 1368 4714 Meroveo
1392 4674 1527 4729 rege
1552 4667 1881 4732 sumpserat
1906 4662 2011 4717 ini-
2041 4650 2097 4712 D

366 4745 468 4815 tia,
494 4745 551 4801 in
573 4744 926 4801 Hildericum
951 4760 1147 4814 regem
1174 4746 1270 4816 qui
1288 4745 1458 4816 jussu
1475 4748 1751 4820 Stephani
1766 4750 2008 4807 Romani

369 4833 665 4903 pontiﬁcis
678 4833 1026 4890 detonsuset
1044 4834 1100 4889 in
1116 4835 1532 4892 monasterium
1556 4840 1759 4894 trusus
1772 4843 2021 4910 est,por-

370 4926 553 4992 recta,
578 4920 679 4976 illo
703 4922 758 4976 in
786 4924 1047 4993 tempore
1072 4922 1290 4978 nullius
1315 4923 1533 4993 vigoris
1557 4930 1705 4996 erat,
1733 4941 1840 4982 nec
1856 4927 2017 4997 quic-

371 5024 541 5080 quam
557 5010 613 5065 in
627 5024 688 5065 se
704 5014 919 5080 praeter
932 5009 1099 5066 inane
1114 5010 1268 5080 regis
1285 5012 1630 5069 vocabulum
1646 5015 2022 5085 praeferebat-

372 5098 523 5170 Opes
538 5098 752 5170 quippe
766 5103 825 5154 et
840 5098 1137 5155 redituum
1153 5100 1638 5171 aiiluentia,regni
1653 5102 2021 5162 administra-

370 5184 455 5241 tio
470 5200 572 5241 seu
586 5184 798 5257 omnia,
817 5201 945 5257 quae
964 5185 1055 5242 vel
1071 5187 1224 5243 domi
1245 5187 1338 5244 vel
1358 5188 1497 5245 foris
1508 5188 1729 5259 agenda
1748 5204 1815 5246 ac
1830 5190 2022 5264 dispo-

370 5273 556 5328 nenda
587 5282 774 5344 erant,
809 5289 986 5347 penes
1018 5276 1326 5347 praefectos
1362 5276 1586 5348 palatii,
1623 5278 1720 5348 qui
1756 5276 2020 5349 'majores

372 5360 578 5418 domus
606 5361 968 5435 dicebantur,
1005 5365 1333 5421 manebant.
1371 5364 1493 5431 Qua
1515 5366 1929 5436 prefectorum
1956 5369 2022 5425 li-

369 5450 561 5506 centia
591 5450 775 5507 crevit
808 5466 1031 5509 morum
1063 5452 1398 5523 insolentia,
1447 5452 1704 5511 adolevit
1759 5457 2023 5516 domino-

376 5551 501 5594 rum
530 5538 787 5595 crudelis
819 5540 1101 5612 potentia,
1132 5555 1240 5598 nec
1270 5539 1457 5599 defuit
1478 5540 1714 5617 invidia,
1739 5560 1867 5619 quae
1894 5566 2020 5623 pes-

2102 2012 2375 2085 quentiaa,
2423 2011 2753 2082 eloquentia
2805 2026 2945 2067 vero
2997 2010 3124 2067 sine
3174 2009 3457 2081 sapientia
3505 2006 3751 2062 nimium

2103 2104 2275 2159 obest
2304 2101 2665 2174 plerumque,
2698 2100 2938 2170 prodest
2972 2112 3305 2168 numquam,
3339 2095 3550 2152 omissa
3572 2108 3752 2150 exer-

2102 2190 2382 2246 citatione
2403 2188 2653 2260 dicendi,
2682 2188 2736 2243 in
2762 2186 3106 2243 rectissimis
3122 2191 3295 2256 atque
3318 2182 3754 2240 honestissimis

2103 2279 2318 2336 studiis
2353 2278 2597 2335 rationis
2627 2292 2852 2334 omnem
2883 2290 3042 2332 suam
3075 2272 3432 2345 consumpsit
3480 2286 3753 2343 Operam.

2104 2368 2359 2425 studium
2396 2371 2571 2424 rectae
2600 2366 2849 2423 rationis
2880 2365 2949 2421 ad
2984 2364 3201 2434 divina,
3234 2362 3488 2419 studium
3514 2359 3752 2416 honesti

2104 2457 2275 2513 oﬂlcii
2311 2458 2571 2514 referens
2602 2455 2671 2512 ad
2704 2456 2971 2511 humana.
3008 2453 3149 2509 Hinc
3174 2467 3269 2507 res
3293 2464 3507 2519 omnes,
3535 2463 3665 2520 qua;
3690 2448 3752 2503 in

2104 2546 2279 2602 dictis
2300 2551 2359 2601 et
2383 2546 2554 2602 factis
2574 2549 2630 2600 et
2656 2545 2713 2600 in
2736 2548 2865 2599 toto
2879 2543 3092 2598 mundo
3108 2544 3377 2612 aguntur,
3394 2539 3594 2595 decem
3613 2551 3753 2593 esse

2105 2635 2458 2705 intelligens,
2486 2650 2614 2705 quae
2649 2632 3098 2704 praedicamenta
3123 2630 3419 2699 dicuntur,
3444 2640 3756 2697 argumen-

2106 2730 2295 2781 torum
2329 2725 2494 2780 fucos
2525 2729 2581 2778 et
2616 2722 3071 2792 sillogismorum
3106 2717 3510 2791 perplexiones
3547 2714 3750 2784 sagaci

2107 2813 2298 2869 animo
2331 2812 2632 2881 discrevit,
2666 2815 2725 2865 et
2758 2810 2812 2865 in
2846 2810 2933 2865 eis
2965 2808 3145 2865 aciem
3174 2807 3265 2864 sui
3298 2805 3506 2862 docilis
3536 2817 3755 2859 sensus

2108 2901 2178 2957 ad
2216 2916 2462 2971 unguem
2493 2899 2747 2956 exacuit.
2782 2900 2967 2954 Intrat
2997 2912 3069 2953 ex
3087 2897 3196 2952 hoc
3215 2893 3620 2967 quadruvium,
3648 2890 3752 2947 ubi

2109 2991 2293 3048 cubos
2322 2989 2727 3057 arithmeticae,
2760 3002 2934 3044 sonos
2975 2986 3227 3051 musicae,
3279 2981 3479 3040 modos
3522 2994 3756 3052 geome-

2110 3079 2257 3149 triae,
2286 3077 2483 3134 radios
2506 3076 2875 3134 astronomiae
2902 3073 3224 3146 perspicaci
3245 3071 3574 3144 percipiens
3598 3083 3759 3125 men-

2112 3175 2190 3239 te,
2226 3167 2295 3223 ad
2331 3166 2743 3239 perfectionem
2777 3164 3030 3237 duplicis
3060 3163 3268 3232 thesis,
3302 3160 3359 3218 id
3389 3164 3482 3218 est
3532 3158 3762 3216 theori-

2032 3294 2084 3358 C
2112 3274 2195 3314 ea:
2231 3256 2491 3329 pervenit
2522 3260 2580 3312 et
2614 3255 2909 3327 practicze.

2183 3345 2513 3402 Puerilibus
2544 3344 2723 3414 igitur
2743 3344 2929 3411 annis,
2955 3347 3020 3399 ut
3041 3339 3375 3414 patriarcha
3391 3339 3597 3408 Jacob,
3622 3336 3766 3394 sim-

2116 3434 2347 3508 pliciter
2362 3434 2515 3491 domi
2531 3432 2867 3501 transactis,
2888 3431 3157 3503 pulsabat
3172 3426 3584 3485 adolescentia:
3602 3426 3765 3482 fores

2117 3524 2451 3597 proficiens,
2470 3527 2525 3579 et
2543 3522 2783 3594 placens
2801 3527 2915 3577 tam
2933 3521 3044 3576 Deo
3060 3533 3228 3591 quam
3242 3516 3592 3575 hominibus.
3611 3514 3766 3571 Sane

2117 3616 2246 3685 post
2270 3613 2445 3669 flores
2470 3611 2803 3669 rethoricos
2828 3626 2895 3667 ac
2917 3624 3138 3679 angues
3163 3605 3599 3677 sillogismicos,
3622 3603 3768 3660 scri-

2119 3708 2306 3774 pturaa
2338 3701 2548 3757 divinae
2580 3699 2910 3771 ingreditur
2940 3712 3194 3769 campos,
3246 3695 3344 3753 ubi
3392 3694 3634 3752 audiens
3692 3693 3768 3748 ab

2121 3793 2159 3846 Α
2170 3789 2404 3862 postolo
2430 3808 2442 3846 :
2470 3792 2672 3847 Omnis
2694 3790 2803 3861 qui
2815 3788 2975 3846 caste
2988 3787 3157 3857 vicit,
3176 3784 3452 3857 templum
3462 3782 3769 3852 επιςρίνί-

2120 3881 2213 3937 tus
2227 3880 2423 3936 sancti
2438 3878 2651 3947 (1001'.
2667 3893 2742 3949 vr,
2760 3882 2851 3943 19)
2863 3874 3019 3949 ;(fol.
3040 3876 3127 3946 53)
3143 3874 3281 3930 item
3306 3873 3363 3928 in
3387 3869 3723 3943 Apocalipsi
3750 3888 3763 3921 :

2125 3970 2238 4035 Qui
2250 3982 2381 4027 cum
2390 3966 2745 4025 mulieribus
2756 3981 2871 4023 mm
2882 3965 3203 4036 suutcoiuq
3213 3959 3520 4032 uiuatthii
3529 3972 3769 4030 sequax

2122 4058 2219 4115 tur
2247 4072 2469 4128 agnum
2499 4070 2845 4129 quocunque
2872 4055 3018 4113 ierit
3046 4056 3241 4126 (Apoc.
3278 4067 3389 4121 xxv,
3424 4051 3502 4119 4),
3558 4047 3765 4103 statim

2125 4147 2439 4219 primevam
2461 4161 2627 4203 suam
2652 4145 2933 4203 etatulam
2955 4143 3185 4200 Christo
3204 4140 3441 4197 Domino
3456 4150 3767 4196 consecra-

2122 4235 2242 4301 vit;
2278 4234 2361 4290 illi
2393 4239 2519 4291 toto
2551 4234 2738 4289 animo
2772 4232 3005 4305 placere
3027 4245 3095 4287 ac
3118 4229 3339 4286 servire
3360 4225 3642 4298 gestiens,
3668 4223 3767 4294 qui

2123 4328 2212 4380 est
2249 4338 2385 4396 pars
2413 4328 2470 4379 et
2497 4321 2799 4380 hereditas
2827 4320 2976 4391 ejus,
3008 4319 3393 4389 cogitansque
3433 4314 3556 4373 vias
3604 4326 3766 4381 suas,

2124 4412 2419 4470 convertit
2450 4412 2629 4484 pedes
2662 4426 2803 4468 suos
2835 4410 2891 4466 in
2930 4407 3268 4465 testimonia
3316 4408 3470 4475 Iesu,
3516 4415 3777 4474 querens

2124 4501 2323 4558 videre
2358 4502 2507 4558 bona
2538 4499 2762 4557 Domini
2809 4499 2866 4554 in
2913 4504 3072 4555 terra
3120 4494 3452 4553 viventium.
3506 4490 3775 4562 Adeptus

2129 4590 2361 4647 tandem
2390 4590 2709 4646 clericatus
2740 4588 3041 4657 honorem,
3076 4583 3302 4657 accepit
3335 4596 3365 4638 a
3412 4579 3649 4637 Domino
3681 4578 3780 4634 be-

2128 4679 2542 4751 nedictionem,
2577 4683 2633 4735 et
2682 4675 3143 4735 misericordiam
3192 4689 3223 4730 a
3274 4674 3392 4728 Deo
3430 4668 3773 4727 salutarem.

2131 4769 2433 4827 Cotidiano
2465 4768 2754 4840 siquidem
2788 4769 3069 4839 provectu
3099 4764 3223 4820 ibat
3245 4760 3558 4819 devirtute
3584 4756 3641 4813 in
3659 4756 3781 4813 vir-

2131 4862 2336 4929 tutem,
2370 4858 2546 4915 latam
2578 4863 2639 4914 et
2666 4856 2989 4930 spatiosam
3021 4854 3173 4911 viam
3195 4866 3323 4924 qua;
3347 4848 3509 4907 ducit
3533 4845 3604 4903 ad
3628 4859 3782 4902 mor-

2132 4955 2247 5005 tem
2280 4948 2551 5017 horrens,
2587 4950 2773 5003 artam
2806 4952 2866 5002 et
2894 4947 3203 5017 angustam
3235 4954 3347 5012 qua
3380 4937 3496 4995 itur
3518 4935 3590 4993 ad
3612 4938 3775 5017 astra

2132 5004 2401 5091 sequens,
2432 5004 2674 5076 con'fixit
2707 5018 2920 5075 timore
2947 5004 3047 5072 fici
3079 5004 3288 5071 carnes
3334 5023 3492 5076 suas,
3537 5004 3781 5064 mortiﬁ-

2132 5124 2271 5165 cans
2304 5110 2562 5165 membra
2611 5123 2714 5166 sua
2763 5122 2895 5164 cum
2940 5104 3111 5162 viciis
3153 5106 3212 5160 et
3258 5094 3777 5172 concupiscentiis,

2136 5198 2353 5271 spiritu
2384 5196 2705 5268 ambulans,
2742 5194 3033 5253 desideria
3068 5191 3263 5250 carnis
3291 5204 3404 5247 non
3447 5185 3779 5260 perﬁciens,

2136 5286 2555 5344 misericordia:
2586 5286 2867 5359 operibus
2897 5283 3167 5352 studens,
3198 5279 3415 5351 vigiliis
3452 5282 3512 5333 et
3547 5273 3784 5346 jejuniis

2136 5391 2355 5449 corpus
2384 5376 2662 5446 afﬂigens,
2699 5374 2951 5432 orationi
2984 5371 3282 5441 insistens,
3315 5362 3784 5425 meditationiin-

2139 5466 2427 5537 serviens,
2459 5480 2633 5522 aures
2664 5465 2737 5521 ab
2755 5463 3059 5521 auditione
3082 5459 3233 5519 mala
3256 5469 3561 5526 coercens,
3585 5450 3789 5512 oculos

2140 5570 2172 5611 a
2202 5555 2463 5613 vanitate
2492 5558 2783 5623 avertens,
2819 5551 2965 5609 odor
2995 5551 3183 5609 bonus
3212 5549 3331 5606 Deo
3358 5545 3416 5602 in
3464 5543 3620 5602 omni
3666 5541 3793 5599 loco

1732 5671 1968 5731 VARLE
2009 5677 2409 5734 LECTIONES.

452 5760 521 5794 ⁸⁸⁵
548 5763 614 5819 in
641 5760 920 5831 margine
