3922 6424
33 401 161 466 «141

1318 401 1815 472 CHRONICON.
1851 440 1929 454 -
1958 401 2115 470 LIB.
2152 405 2196 469 Ι.

3353 404 3465 470 142

31 554 182 595 esse
213 544 506 611 satagens,
539 556 606 596 os
630 557 795 598 suum
816 555 843 596 a
865 540 1234 611 multiloquio
1255 540 1344 596 vel
1375 539 1704 610 vaniloquio
1736 543 1790 602 Α
1825 540 1954 594 licet
1992 540 2219 596 diversa
2254 541 2368 596 sint
2398 542 2647 611 nomina,
2669 541 2814 610 legis
2840 540 3048 598 divinm
3073 541 3202 614 poni
3227 547 3287 598 et
3336 557 3466 598 esse

31 630 422 697 custodiens,
452 646 654 685 manus
677 632 746 685 ab
771 631 920 684 omni
949 646 1184 685 munere
1204 631 1531 696 excutiens,
1573 645 1706 684 con-

34 718 255 772 silium
289 734 555 788 opusque
589 735 750 773 suum
788 719 856 773 ad
885 721 1056 772 Deum
1084 734 1310 788 semper
1335 723 1701 779 convertens.

34 806 97 857 in
134 806 300 860 omni
336 812 470 862 actu
530 822 636 862 suo
701 807 820 876 Dei,
884 822 996 861 non
1056 822 1215 860 suam
1274 807 1514 874 gloriam
1571 823 1705 876 que-

34 892 210 932 PCHS.

117 964 379 1019 Vivebat
412 965 623 1020 studiis
658 965 1000 1019 adolescens
1029 965 1225 1032 justus
1260 965 1312 1018 in
1341 965 1486 1032 istis,

120 1053 452 1109 Ordinibus
484 1054 668 1109 sacris
700 1054 1060 1122 respondens
1095 1053 1351 1107 moribus
1386 1053 1560 1122 aptis.

119 1143 274 1196 Post
307 1143 411 1197 hec
445 1143 516 1198 ad
551 1142 765 1210 majora
789 1143 1213 1205 conscendens,
1236 1141 1573 1211 presbiterii
1609 1141 1705 1194 lio-

36 1244 262 1285 norcm
287 1231 515 1287 electus
537 1232 785 1301 accepit,
806 1230 1086 1298 justificat
1103 1247 1164 1284 ns
1184 1231 1458 1299 optinuit.
1483 1232 1705 1285 Consti-

41 1318 250 1372 tuitur
285 1319 480 1388 itaque
515 1319 768 1374 unanimi
805 1334 1070 1382 assensu,
1103 1319 1392 1372 electione
1425 1318 1704 1372 omnium-

41 1411 261 1461 rector
294 1411 351 1461 et
382 1409 528 1462 abba
553 1406 819 1462 ecclesia)
845 1407 1029 1460 sancti
1059 1407 1270 1472 Vitoni,
1291 1422 1460 1474 quam
1494 1411 1548 1459 et
1585 1413 1704 1460 stu-

39 1494 150 1547 (lio
167 1494 500 1563 spiritualis
514 1495 780 1548 exercitii
797 1499 855 1548 et
873 1496 1047 1547 rebus
1066 1493 1486 1563 temporalibus
1509 1493 1704 1546 melio-

42 1588 268 1651 ratam,
305 1583 570 1653 exemplo
601 1588 656 1637 et
700 1583 967 1637 doctrina
1022 1583 1091 1636 ad
1151 1581 1326 1635 divini
1394 1581 1704 1636 famulatus

42 1685 318 1726 amorem
350 1672 632 1727 accendit.
667 1672 792 1726 Fuit
823 1671 971 1725 enim
995 1670 1320 1724 humilitate
1353 1670 1698 1739 [)l‘IL‘ClpllllS,

41 1761 312 1816 caritate
347 1760 611 1829 diffusus,
656 1760 964 1830 prudentia
1024 1759 1325 1824 mirabilis,
1383 1759 1702 1813 sobrietate

45 1847 641 1918 laudal)ilis,justitia
668 1848 930 1915 insignis,
961 1848 1124 1900 fortit
1154 1848 1302 1900 idine
1327 1847 1700 1916 spectabilis;

42 1942 105 1990 et
148 1936 299 1992 licet
332 1943 576 1993 cunctos
605 1937 888 2005 dignitate
921 1936 1310 2005 przeeelleret,
1345 1941 1470 1989 erat
1513 1940 1704 1990 tamen

44 2026 402 2081 obedientia
447 2026 676 2081 cunctis
723 2025 1014 2086 subditus,
1073 2024 1347 2094 patientia
1399 2025 1702 2094 probatus,

48 2116 251 2170 forma
290 2115 480 2169 factus
508 2114 669 2183 gregi
722 2128 790 2167 ex
838 2114 1048 2180 animo,
1105 2119 1167 2166 ut
1212 2112 1266 2165 in
1315 2127 1382 2166 eo
1433 2112 1706 2166 subditus

47 2203 314 2272 quisque
374 2207 739 2272 agnosceret,
798 2217 965 2270 quam
1011 2201 1121 2255 sibi
1171 2199 1400 2254 vivendi
1450 2215 1706 2254 normam

48 2297 416 2346 assumeret.
457 2294 588 2346 Ilaec
621 2292 690 2346 de
743 2306 810 2344 eo
863 2293 1006 2343 fama
1057 2290 1269 2357 ubique
1319 2288 1562 2356 ferebat,
1620 2288 1707 2341 hic

50 2395 267 2435 rumor
327 2380 578 2435 onmium
629 2380 683 2434 in
735 2394 834 2434 ore
883 2379 1197 2433 continuus
1229 2382 1353 2431 erat
1384 2395 1397 2442 ;
1431 2375 1706 2429 liladelvei

49 2470 257 2538 pietas
289 2468 533 2537 ejusque
567 2468 826 2538 probitas
857 2467 1145 2520 lustrabat
1178 2465 1416 2536 patrias,
1438 2464 1705 2533 replebat

52 2557 316 2627 plateas,
337 2557 758 2625 edcspulsabat
782 2555 1192 2626 palatinasllis
1208 2553 1708 2624 praecurrentibus

52 2645 279 2699 muniis
308 2649 655 2699 cunctorum
691 2643 842 2696 votis
870 2642 923 2695 in
950 2642 1294 2710 pontificatu
1317 2639 1555 2706 eligitur
1589 2640 1709 2692 Vir-

50 2731 347 2788 dunensis
382 2731 564 2786 urbis.
604 2730 764 2794 Quod
802 2729 933 2783 licet
967 2729 1172 2782 timore
1201 2728 1296 2782 Dei
1335 2726 1538 2796 plenus
1557 2727 1709 2780 onmi

51 2819 676 2887 conanimcrejccerit,
701 2822 941 2886 totoque
959 2817 1158 2871 adnisa
1178 2815 1713 2883 recusaverit,mul-

52 2916 258 2964 torum
283 2913 479 2961 tamen
505 2906 792 2961 sententia
820 2905 916 2959 Dei
940 2904 1126 2973 gratia
1161 2903 1528 2973 prrecedentc
1573 2918 1714 2972 prae-

52 2995 345 3065 valuit,ac
367 3010 473 3049 una
491 2995 631 3050 cleri
651 2993 963 3064 p0pulique
979 2992 1288 3046 concordia
1304 2990 1712 3060 CpiSCUptll‘lUn

50 3085 290 3155 judicio
321 3084 532 3153 dignus
583 3085 636 3137 in
667 3082 985 3138 cbatbedra
1044 3081 1364 3151 pontificali
1398 3079 1713 3148 exaltatur,

57 3173 478 3229 benedictione
495 3174 776 3241 firmatur,
789 3171 1058 3226 unctione
1075 3169 1575 3237 sacratur.(Gesta
1588 3182 1710 3237 (φλ).

1737 1895 1788 1952 Β

1815 630 2119 698 jusserunt
2146 636 2368 694 ;tamen
2393 631 2469 687 ita
2489 632 2788 687 multotics
2809 633 3062 702 peccatis
3095 634 3467 701 exigentibus

1819 718 2020 772 attrita
2054 718 2181 786 fuit,
2219 725 2277 772 ut.
2328 734 2392 773 ea
2442 725 2685 774 vacante
2737 721 3103 775 Mettensium
3183 721 3466 790 prresules

1821 806 2255 876 metropolitani
2290 810 2668 875 fungerentur
2690 808 2947 862 ollicioet
2979 809 3285 878 dignitate.
3341 807 3467 863 'l‘ul-

1820 893 2079 949 lensibus
2105 911 2332 964 (pioque
2369 902 2611 966 praeerat
2649 897 2804 950 (iodo
2839 897 3204 952 venerandus
3245 897 3469 967 episco-

1821 999 1946 1052 pus,
1985 984 2079 1052 qui
2117 983 2538 1038 immunitatem
2573 985 2830 1038 civitatis
2865 990 2916 1038 ct
2964 985 3466 1056 recuperationem

1821 1073 2155 1126 chartarum
2222 1073 2350 1140 igne
2412 1077 2882 1142 consumptarum
2943 1074 3093 1143 apud
3163 1076 3467 1143 przefatum

1824 1173 2021 1224 regem
2061 1159 2364 1228 l’ippinum
2399 1175 2515 1214 SlltL‘.
2539 1159 2853 1228 adquisivit
2879 1159 3180 1214 :ecelcsize.

1893 1250 2053 1300 Inter
2087 1248 2191 1300 hos
2234 1249 2438 1301 beatus
2489 1247 2818 1301 Madelvens
2870 1248 3149 1303 virtutum
3203 1247 3467 1303 radiabat
3517 1235 3524 1244 ’

1825 1334 2057 1403 decore,
2077 1341 2131 1388 et
2150 1336 2495 1403 dignitatem
2517 1336 2905 1404 pontificalem
2925 1337 3205 1391 bonorum
3229 1351 3469 1407 operum

1823 1423 2148 1476 adornabat
2196 1424 2404 1476 nitore.
2460 1423 2619 1487 Quod
2672 1423 2941 1488 cilicium,
2996 1423 3257 1493 quamvis
3305 1424 3467 1479 rudis

1821 1511 2113 1579 acceperit
2144 1519 2424 1580 tempore,
2452 1519 2622 1580 aptus
2646 1513 2893 1567 accessit
2922 1521 3152 1567 assueta
3190 1513 3468 1566 bonitatis

1820 1604 1850 1641 ιι
1865 1590 2381 1643 bertat.e.lnstabat
2403 1591 3210 1659 pr:edicationibus,firmabat
3242 1591 3466 1660 plebem

1820 1677 2350 1740 benedictionilms,
2378 1678 2660 1731 incitabat
2683 1679 2748 1732 ad
2777 1679 3009 1732 meliora
3030 1679 3208 1732 sacris
3239 1682 3471 1732 exorta-

1819 1767 2273 1830 tionibus.Quml
2295 1769 2539 1821 docebat
2560 1769 3140 1834 verbis,monstrabat
3163 1767 3465 1836 exemplis.

1822 1857 1954 1909 Erat
1981 1861 2120 1909 tunc
2146 1856 2352 1907 civitas
2377 1856 2500 1924 ipsa
2531 1856 2918 1909 insectatione
2955 1855 3255 1909 barbarica
3301 1853 3468 1909 bellis

1821 1944 2046 2009 attrita,
2068 1943 2751 2010 obsidionibusfatigata,
2771 1943 3203 1996 calamitatibus
3220 1942 3460 2012 repleta.

1821 2030 2050 2100 Templa
2081 2031 2174 2084 Dei
2212 2031 2262 2084 in
2298 2048 2359 2085 ea
2396 2030 2635 2101 polluta,
2673 2031 3002 2085 sanctuaria
3037 2038 3262 2098 exusta,
3307 2030 3468 2084 mini—

1822 2120 2002 2172 steria
2030 2119 2264 2187 violata,
2292 2119 2475 2173 ollicia
2503 2119 2706 2174 diurna
2732 2119 2818 2174 vel
2857 2123 3136 2173 nocturna
3178 2118 3462 2187 neglecta.

1825 2206 2029 2261 Clerici
2065 2207 2161 2259 alii
2199 2207 2397 2274 fugati,
2426 2207 2658 2276 quidam
2685 2207 2895 2273 necati,
2933 2207 3026 2275 qui
3073 2210 3466 2260 remanserant

1822 2296 2000 2348 multa
2030 2302 2376 2364 paupertate
2402 2295 2638 2354 addicti,
2662 2295 2788 2364 plus
2807 2295 3058 2364 propriis
3083 2309 3184 2349 seu
3220 2294 3469 2350 terrenis

1822 2397 1989 2451 quam
2025 2382 2348 2435 celestibus
2382 2382 2694 2436 studebant
2729 2382 2994 2450 negotiis.
3035 2384 3148 2436 [loc
3192 2385 3466 2451 respectu

1821 2470 1908 2522 vir
1939 2469 2160 2522 Domini
2196 2483 2390 2522 amaro
2421 2485 2548 2523 eum
2582 2475 2742 2523 esset.
2792 2469 2998 2534 animo,
3058 2469 3246 2538 posuit
3307 2483 3466 2539 spem

1821 2573 1981 2612 suam
2019 2558 2070 2610 in
2125 2545 2361 2611 Domino
2412 2557 2668 2610 clamans
2719 2556 2801 2610 illi
2853 2556 3065 2625 spiritu
3115 2556 3466 2629 humiliato;

1825 2648 2035 2700 011mm
2066 2659 2198 2714 gare
2212 2646 2425 2715 fecisti
2456 2645 2642 2712 nobis,
2679 2645 2943 2708 Domine,
2981 2645 3043 2698 in
3079 2658 3213 2698 πονο
3231 2644 3471 2711 judicio

1809 2734 2025 2804 fecisti
2048 2753 2070 2801 ,-
2093 2735 2627 2803 Quid1.8660(1)in
2652 2733 2759 2788 lilii
2781 2734 2836 2787 et
2864 2733 3169 2788 mandatis
3201 2733 3320 2788 tuis
3357 2745 3472 2786 non

1824 2821 2185 2877 adea/irinum
2212 2825 2387 2888 (1)1122.
2419 2837 2497 2880 ιιι,
2527 2828 2634 2888 31).
2664 2821 2762 2874 Cui
2783 2837 2912 2874 mox
2929 2821 3228 2874 Dominus:
3255 2821 3474 2875 [nvom

1823 2923 1931 2972 me,
1966 2910 2151 2978 inquit
2185 2912 2246 2964 in
2282 2912 2375 2964 (lie
2401 2909 2834 2977 tribui/(licitis,
2861 2923 3064 2963 eruam.
3090 2909 3141 2962 te
3161 2908 3218 2962 et
3241 2907 3472 2962 honori-

1814 2997 2035 3069 JimZ/is
2065 3012 2156 3052 me
2189 2999 2378 3068 (I’Stll.
2417 3014 2561 3066 xux,
2599 3002 2706 3060 lii).
2746 3000 2811 3050 At
2851 2997 2946 3050 ille
2999 2996 3198 3050 humili
3249 3009 3420 3066 prece
3453 3015 3472 3050 :

1829 3089 1986 3141 Deus
2003 3101 2180 3153 meus,
2199 3102 2250 3140 φη
2263 3087 2610 3142 [serico-Mitt
2627 3101 2776 3152 mea,
2799 3087 2858 3140 lu
2879 3100 2937 3139 es
2959 3085 3160 3156 refugi
3170 3100 3264 3140 mn,
3285 3097 3475 3138 meum

1828 3188 1865 3228 (ι
1887 3173 2273 3229 tribulatione
2294 3173 2825 3243 qztzecii-ezmuledit
2854 3186 2960 3240 me,
2999 3172 3290 3227 exii/latio
3320 3185 3469 3238 mea,

57 3262 263 3331 Μείί.)
299 3263 557 3330 Ilegebat
593 3267 727 3316 tunc
759 3263 1070 3314 Romanam
1104 3257 1428 3313 {ecclesiam
1481 3258 1716 3339 Stepha-
1750 3243 1795 3304 Ο
1828 3261 2637 3317 eri/0meacirczmzr/antibzts
2664 3275 2752 3314 me
2782 3261 3084 3329 angustiis
3115 3261 3173 3314 et
3199 3260 3475 3330 ﬁlio-rum

59 3366 175 3406 nus
199 3352 521 3415 secundus,
547 3349 781 3404 Francis
805 3364 943 3403 vero
964 3348 1406 3418 principabatur
1437 3346 1716 3416 Pippinus

60 3439 263 3496 Caroli
297 3439 520 3496 Tuditis
553 3438 722 3508 filius,
759 3453 829 3492 ex
861 3436 1075 3504 majore
1107 3436 1309 3490 domus
1342 3439 1399 3489 et
1441 3436 1716 3505 praefecto

58 3528 270 3598 palatii
308 3543 409 3582 rex
439 3527 821 3593 constitutus,
857 3540 885 3579 a
921 3540 1033 3594 quo
1068 3524 1523 3591 Cbrodegandus
1545 3523 1712 3591 abba,

58 3620 150 3670 vir
183 3616 464 3685 egregius
490 3620 548 3670 et
580 3615 848 3669 omnibus
898 3613 1228 3668 efferendus
1274 3612 1604 3682 prmconiis,
1662 3611 1716 3664 in

62 3705 292 3774 palatio
325 3703 550 3774 praefati
585 3703 772 3758 Caroli
808 3703 1089 3766 nutritus,
1123 3700 1718 3770 ejusqucreferenda-

65 3794 212 3864 rius,
248 3794 324 3848 ab
357 3793 484 3863 ipso
513 3798 569 3848 et
614 3791 850 3847 Francis
899 3791 1167 3846 omnibus
1210 3790 1435 3845 electus
1481 3792 1715 3843 Romam

61 3883 285 3938 missus
315 3887 426 3950 est,
461 3886 520 3936 ut
556 3879 922 3950 prmlibatum
980 3878 1332 3948 Stephanum
1385 3893 1590 3948 papam
1648 3876 1715 3930 ad

66 3970 312 4040 Gallias,
350 3975 412 4024 ut
441 3975 785 4025 cunctorum
837 3972 972 4024 vota
1020 3967 1391 4035 anhelabant,
1445 3970 1713 4021 evocaret

66 4059 165 4128 (fol
201 4058 356 4129 53’);
390 4057 544 4129 quod
573 4063 632 4112 et
665 4057 798 4112 fecit
831 4075 842 4108 :
879 4071 907 4111 a
943 4071 1055 4124 quo
1087 4056 1260 4110 etiam
1296 4055 1350 4108 in
1384 4055 1714 4124 pontificem

65 4148 377 4204 Mettensis
405 4145 708 4213 aecclesiae,
745 4147 974 4199 astante
1005 4157 1138 4212 rege
1170 4147 1227 4196 et
1255 4143 1492 4213 populo,
1519 4157 1717 4196 conse-

68 4235 544 4308 cratus,pallium
568 4232 891 4304 promeruit
913 4247 1042 4287 cum
1075 4231 1304 4286 nomine
1333 4230 1718 4300 archiepisco-

69 4327 325 4398 pi.Quod
341 4325 515 4380 etiam
531 4321 876 4393 quibusdam
892 4320 1194 4376 Mettensis
1207 4319 1486 4375 {ecclesiae
1502 4334 1720 4390 przesu-

73 4414 226 4472 libus
241 4412 556 4484 aliquoties
570 4425 910 4466 concessum
938 4410 1113 4464 fuisse
1140 4409 1374 4479 legitur,
1401 4424 1505 4479 pro
1531 4409 1721 4464 multi-

75 4505 247 4560 moda
279 4502 609 4560 vastatione
639 4499 998 4555 'l‘revircnsis
1030 4499 1232 4554 matris
1254 4497 1557 4567 :ecclesize,
1595 4513 1722 4567 qua}

1828 3351 2278 3406 necessitatibus
2303 3349 2474 3418 (Psal.
2504 3365 2653 3412 xxxi,
2681 3350 2752 3416 7).
2781 3350 2891 3403 Nec
2919 3362 3097 3414 mora,
3150 3348 3475 3402 consolatio

1831 3455 1900 3493 ex
1933 3453 2032 3494 ore
2069 3439 2342 3493 Veritatis
2376 3438 2536 3492 atl'uit
2564 3457 2574 3490 :
2603 3438 2896 3504 I’rimzmz,
2928 3436 3211 3505 inquiens,
3238 3437 3470 3506 quer-ite

1828 3542 2073 3597 regnum
2099 3530 2205 3582 Dei
2225 3527 2589 3596 ι’ῌῑίκίέίὶαθη
2609 3527 2759 3594 ejus,
2787 3525 2842 3578 ct
2869 3526 3069 3578 omnia
3111 3524 3479 3592 adﬁcientur

1829 3617 1990 3670 eoi/is
2007 3614 2428 3683 (έιίιίίίίΙι.γι,33>
2446 3613 2567 3682 (fol.
2590 3615 2860 3680 :,~i.t).'l‘iinc
2880 3610 2973 3665 ille
2987 3610 3473 3679 gratulabundus.

1829 3704 2080 3759 Aur/itm
2101 3718 2240 3764 meo,
2259 3700 3103 3770 aitDomine,dabisgaiulium
3126 3699 3181 3753 et
3196 3699 3474 3768 lelitiam,

1831 3801 1881 3850 et
1915 3792 2270 3848 emit/tuba”!
2300 3805 2433 3846 ossa
2463 3790 2788 3844 humilium
2835 3787 3071 3856 (.i.,l’sal
3111 3789 3214 3857 10).
3261 3789 3477 3843 Gressu

1832 3898 1974 3950 ergo
2002 3881 2177 3936 celeri
2205 3879 2528 3933 {ecclesiam
2556 3877 2814 3946 intravit,
2840 3877 3058 3930 clerum
3089 3875 3478 3946 populumque

1832 3971 2158 4037 advocavit,
2175 3969 2392 4037 judicia
2411 3967 2506 4021 Dei
2526 3981 2659 4021 vera
2678 3965 2951 4032 innotuit,
2971 3965 3212 4019 erimina
3227 3964 3316 4020 vel
3353 3980 3480 4035 pec-

1830 4064 1959 4115 cata
2013 4060 2361 4112 alterutrum
2416 4054 2683 4110 confiteri
2736 4053 3214 4120 monuit,fructus
3277 4052 3483 4121 dignos

1831 4147 2164 4220 penitentia)
2184 4146 2371 4198 facere
2388 4143 2592 4208 suasit,
2613 4141 2932 4218 itecclesiam
2953 4141 3341 4209 frequentare,
3364 4155 3463 4196 ora

1827 4236 2087 4292 tionibus
2119 4248 2248 4287 cum
2285 4231 2540 4285 lacrimis
2575 4230 2932 4296 incumbere,
2968 4227 3171 4282 laudes
3203 4229 3302 4283 Dei
3352 4244 3482 4286 cum

1832 4323 2066 4382 silentio
2095 4325 2150 4376 et
2187 4319 2513 4373 reverentia
2545 4317 2768 4383 audire,
2800 4315 3150 4370 elemosinas
3174 4331 3276 4385 pro
3309 4332 3482 4387 posse

1834 4415 2084 4469 libenter
2125 4411 2283 4477 dare,
2328 4405 2786 4476 hospitalitatem
2838 4404 2959 4458 sine
3026 4406 3482 4462 murmuratione

1839 4517 2097 4569 servare,
2125 4497 2535 4553 discordantes
2561 4497 2692 4549 ante
2717 4491 2860 4547 solis
2883 4507 3148 4547 occasum
3174 4493 3243 4547 ad
3279 4507 3481 4563 pacein

82 4593 220 4650 licet
253 4593 566 4664 primatum
599 4589 884 4662 petitione
917 4588 1146 4644 Helenae
1193 4589 1408 4657 reginae
1457 4603 1486 4643 a
1539 4589 1722 4643 beata)
1753 4601 1808 4662 1)
1841 4591 2054 4656 redire,
2090 4602 2283 4659 pacem
2319 4585 2517 4639 falsam
2553 4598 2661 4638 non
2692 4583 2850 4645 dare,
2885 4580 3206 4649 gehennam
3255 4582 3478 4651 timere,

81 4682 376 4738 memoria)
411 4695 557 4752 papa
590 4680 872 4734 Silvestro
906 4693 1007 4748 per
1055 4692 1272 4748 corpus
1317 4677 1726 4746 Mathize_apo-

79 4770 212 4826 stoli
245 4777 306 4827 et
342 4783 442 4841 per
476 4768 743 4824 baculum
778 4768 930 4822 beati
955 4766 1112 4821 Petri
1137 4765 1451 4837 acceperit,
1481 4766 1635 4835 quod
1669 4770 1726 4818 et

79 4861 149 4915 ab
195 4861 439 4931 antiquo
488 4858 844 4929 possidebat,
895 4856 1029 4926 quia
1077 4856 1172 4912 ubi
1222 4861 1357 4910 ante
1415 4854 1727 4909 adventum

80 4948 301 5005 Domini
362 4949 416 5004 in
477 4948 668 5020 capite
727 4946 1160 5018 provinciarum
1218 4945 1499 5016 primates
1562 4949 1730 4999 erant

83 5035 273 5109 legum
294 5037 668 5105 secularium,
687 5037 757 5092 ad
775 5051 918 5105 quos
932 5035 1344 5104 confugiebant
1364 5049 1466 5104 pro
1491 5049 1561 5104 op
1575 5048 1732 5104 pres-

87 5127 347 5185 sionibus
377 5128 466 5184 vel
498 5125 801 5196 injustitiis
826 5125 921 5196 qui
954 5124 1024 5180 ad
1077 5126 1263 5179 aulam
1312 5124 1730 5194 imperatorum

84 5217 398 5285 confugere
421 5229 532 5269 non
564 5219 835 5285 poterant
868 5212 960 5268 vel
995 5212 1206 5282 quibus
1241 5211 1587 5282 permissum
1620 5224 1730 5264 non

87 5308 236 5375 erat,
264 5304 483 5376 ipsisin
504 5303 646 5359 locis
668 5301 921 5372 apostoli
947 5306 1005 5355 et
1027 5303 1232 5356 beatus
1266 5316 1413 5371 papa
1446 5300 1727 5367 Clemens,

87 5396 150 5446 ut
182 5395 362 5450 refert
405 5393 614 5450 beatus
669 5405 976 5447 successor
1025 5389 1151 5459 ejus
1199 5404 1347 5461 papa
1395 5388 1732 5456 Anacletus,

91 5485 456 5552 patriarchas
488 5483 578 5540 vel
611 5481 911 5554 primates,
949 5481 1046 5551 qui
1069 5495 1238 5538 unam
1265 5481 1505 5535 formam
1533 5483 1734 5535 tenent

1840 4681 2015 4736 vitam
2041 4684 2315 4732 aeternam
2342 4688 2578 4744 Sperare
2605 4670 2880 4743 praecepit
2905 4675 2959 4723 et
2985 4669 3199 4724 docuit.
3228 4669 3485 4727 Clericos

1841 4767 2050 4824 deinde
2076 4763 2428 4833 regulariter
2451 4761 2666 4829 vivere,
2695 4758 2912 4828 septies
2931 4757 2982 4811 in
3002 4757 3124 4811 dies
3143 4756 3344 4812 laudes
3369 4759 3482 4814 Deo

1843 4858 2058 4925 dicere,
2093 4859 2146 4908 et
2184 4855 2357 4908 noctu
2393 4848 2876 4905 adconlitendum
2904 4845 2983 4899 illi
3011 4860 3253 4914 surgere
3285 4845 3485 4901 zeccle-

1845 4946 2082 5002 siastica
2118 4941 2417 4997 sanctione
2453 4937 3068 5004 instituit,vietumque
3102 4934 3217 4989 illis
3245 4934 3485 4990 cotidia-

1846 5051 1977 5090 num
2013 5035 2081 5088 de
2118 5030 2388 5104 propriis,
2425 5033 2598 5098 prout
2632 5024 2843 5096 potuit,
2879 5023 3187 5078 ordinavit.

1849 5125 2030 5195 [EINIL
2093 5121 2222 5177 l'z’la
2261 5118 2363 5187 AZ]
2416 5117 2645 5171 Curiam
2707 5114 2926 5167 interea
2993 5112 3156 5180 adiit,
3218 5110 3482 5182 Pippino,

1848 5214 1944 5284 qui
1961 5227 2029 5268 ex
2046 5208 2398 5265 auctoritate
2416 5202 2686 5274 Stephani
2706 5217 2868 5272 papae
2884 5217 2952 5256 ex
2986 5201 3262 5271 przefecto
3287 5199 3486 5270 palatii

1849 5318 1954 5357 rex
1986 5301 2052 5332 ²²⁶
2081 5299 2444 5356 constitutus
2476 5295 2684 5361 fuerat,
2712 5292 3050 5346 vastitatem
3071 5289 3234 5344 urbis
3257 5288 3490 5344 calami-

1854 5396 2148 5459 tatemquc
2164 5385 2354 5459 plebis
2370 5397 2540 5454 quam
2556 5379 2866 5450 regendam
2884 5382 3224 5447 susceperat
3242 5376 3492 5434 innotuit

1855 5478 2252 5549 auxiliumque
2287 5475 2357 5532 ab
2387 5487 2455 5530 eo
2486 5487 2555 5529 ex
2575 5468 2755 5541 regali
2781 5466 3094 5538 largitione
3123 5463 3191 5497 ²²⁷
3223 5465 3494 5539 quaesivit

1441 5581 1676 5636 VARle
1717 5577 2116 5636 LECTIONES.

157 5673 221 5709 ¹¹⁶
251 5689 324 5732 ex
357 5691 414 5748 p.
450 5687 553 5729 rex
585 5688 640 5744 p.
676 5687 722 5730 ο.

801 5677 864 5712 ’τι
899 5669 1216 5728 traditione
1246 5682 1538 5740 superscr.
1575 5668 1668 5725 vel
1695 5667 2009 5740 largitione
2040 5681 2084 5726 c.
