3922 6410
477 360 591 429 148

1432 342 1802 431 HUGONIS
1842 362 2195 429 ABBATIS
2239 360 2925 430 FLAVINIACENSIS
3741 371 3818 434 Mt

472 503 532 556 et
578 494 851 571 Optinuit.
902 496 1122 569 (Βειιτ.)
1165 480 1488 554 Collatione
1530 497 1817 570 siquidem
1862 497 2117 557 ﬁdelium
2153 500 2204 559 A
2236 499 2535 555 Postremo
2558 512 2668 555 non
2692 502 2783 555 est
2810 494 3102 556 reveritus
3127 496 3288 571 ipsos
3310 495 3826 571 episcOpatuslaicis

476 588 739 659 quaedam
788 586 1006 659 praedia
1051 587 1333 657 suscepit.
1383 588 1692 645 Wasnaum
1745 589 1973 645 scilicet
2018 602 2119 644 seu

473 675 784 733 Warnunci
833 681 1097 745 curtem,
1152 676 1576 733 Ramisbatium
1639 679 1839 747 etiam,
1893 677 2121 747 aliaque

477 763 923 836 quamplurima,
958 778 1086 833 quae
1132 764 1314 818 cartis
1358 779 1526 821 manu
1572 766 1810 837 propria
1849 765 2117 834 inseruit,

477 866 622 924 quas
652 851 809 921 regis
840 850 1050 907 anulus
1080 852 1380 907 roboravit
1408 858 1464 908 et
1498 853 1763 909 aecclesia
1800 854 2124 909 Virdunen-

476 943 556 997 sis
583 945 800 997 extunc
839 955 950 996 non
989 941 1204 996 amisit.
1238 941 1379 1012 (Fol.
1414 942 1529 1013 57.)
1563 943 1798 999 Civibus
1840 947 2122 1013 praeterea

404 1088 409 1095 ,
477 1029 632 1100 regis
666 1029 1061 1084 munificentia
1110 1044 1221 1084 non
1271 1030 1477 1101 defuit,
1519 1030 1741 1087 clerum
1781 1030 2119 1100 laetificavit,

475 1117 783 1174 ecclesiam
834 1118 1086 1188 ornavit,
1133 1124 1567 1175 remuneratum
1617 1120 1948 1191 pontificem
1988 1134 2126 1188 gau-

477 1205 637 1262 denti
670 1205 871 1276 populi
903 1204 973 1237 ²²⁸
1003 1208 1451 1276 repraesentavit
1472 1207 1559 1276 ²²⁰,
1587 1208 1807 1279 (Βειιτ.)
1832 1207 2007 1264 Multa
2029 1223 2127 1263 au-

478 1300 591 1349 tem
626 1298 815 1360 erant,
847 1308 976 1364 quae
1003 1308 1132 1349 eum
1156 1309 1292 1364 erga
1325 1295 1507 1366 ipsam
1527 1295 1851 1352 aecclesiam
1883 1296 2127 1365 diligen-

478 1381 606 1437 dam
630 1381 1088 1453 promovendam
1113 1387 1173 1437 et
1197 1383 1584 1453 ampliandam
1608 1384 1930 1440 accendere
1953 1386 2126 1439 debe-

479 1470 639 1540 bant,
669 1469 947 1525 videlicet
978 1471 1270 1540 Pepponis
1292 1472 1555 1543 episcOpi
1583 1472 1638 1527 in
1664 1473 1934 1527 Karolum
1959 1472 2125 1528 Tudi-

476 1565 594 1613 tem
626 1563 853 1628 patrem
883 1572 1051 1614 suum
1076 1573 1238 1614 amor
1261 1561 1559 1629 profusus,
1585 1560 1842 1629 gratuita
1870 1560 2124 1617 ﬁdelitas

477 1654 535 1702 et
569 1646 624 1701 in
659 1651 918 1716 tempore
950 1645 1260 1701 seditionis
1289 1652 1492 1703 contra
1528 1648 1921 1705 Raimfredum
1955 1650 2123 1704 Fran-

476 1748 674 1789 corum
707 1734 1048 1803 principem,
1083 1733 1269 1803 ipsius
1314 1734 1503 1789 Karoli
1546 1735 1839 1805 aemulum,
1876 1735 2120 1792 indivisa

480 1820 698 1877 laboris
719 1826 776 1876 et
801 1821 1043 1892 periculi
1067 1822 1353 1877 subeundi
1375 1822 1651 1892 dualitas,
1678 1839 1780 1894 pro
1806 1839 1919 1894 quo
1946 1825 2119 1880 etiam
2151 1849 2203 1911 Β

481 1909 632 1965 idem
660 1910 857 1979 Peppo
881 1908 1058 1964 multa
1085 1924 1399 1979 perpessus
1421 1916 1508 1965 est
1533 1912 1797 1967 adversa.
1823 1914 1930 1968 Sed
1957 1913 2122 1982 quid-

480 1997 609 2052 dam
633 2009 763 2051 eum
793 1995 1110 2066 specialius
1141 1996 1213 2050 ad
1251 1997 1645 2068 dilectionem,
1674 2000 2121 2069 redintegratio-

480 2098 608 2139 nem
639 2087 698 2139 et
727 2098 1084 2139 communem
1119 2084 1422 2140 tuitionem
1454 2086 1705 2143 omnium
1734 2088 2119 2144 ecclesiarum

480 2171 731 2243 impulit,
767 2170 921 2241 quod
964 2186 1074 2227 non
1113 2172 1184 2227 ab
1231 2188 1291 2227 re
1331 2173 1562 2229 videtur
1595 2176 1649 2229 in
1687 2175 1914 2231 laudem
1947 2177 2121 2247 hujus

480 2260 665 2330 patris
696 2259 884 2314 nostri
916 2258 1046 2315 huic
1077 2259 1363 2331 opusculo
1408 2261 1724 2332 innectere,
1760 2264 1832 2319 ad
1874 2264 2121 2335 compri-

479 2346 747 2403 mendum
783 2352 1065 2403 tumorem
1109 2363 1308 2417 regum
1355 2354 1414 2404 et
1454 2350 1781 2421 principum
1833 2356 2028 2422 terrae,
2061 2359 2122 2409 et

479 2439 542 2491 ut
571 2434 902 2491 evidentius
934 2441 1308 2505 agnoscatur,
1342 2451 1471 2506 qua:
1502 2438 1676 2493 fuerit
1698 2454 1876 2495 causa
1897 2439 2121 2497 desola-

478 2522 655 2579 tionis
683 2523 1047 2579 Trevir-ensis
1073 2529 1127 2577 et
1160 2524 1546 2581 Virdunensis
1577 2527 1865 2583 ecclesiae.

544 2610 711 2680 (ΟΜ.
742 2611 1009 2681 Divion.)
1042 2612 1147 2676 Qui
1192 2611 1369 2680 igitur
1415 2614 1709 2683 hystorias
1756 2615 2023 2683 legerunt
2059 2623 2119 2673 et

475 2704 736 2755 veterum
761 2699 981 2769 scripta
1014 2700 1318 2769 rimantur,
1344 2701 1515 2771 hujus
1549 2703 1740 2758 Karoli
1773 2705 1998 2760 Tuditis
2027 2721 2119 2761 ac-

476 2792 570 2843 tus
600 2793 656 2841 et
692 2786 886 2857 praelia
913 2793 1221 2855 noverunt,
1248 2790 1344 2858 qui
1376 2789 1505 2845 ideo
1524 2792 1762 2847 Tudites
1786 2793 2117 2863 appellatus

472 2880 586 2945 est,
615 2875 766 2945 quod
796 2880 887 2930 est
922 2873 1165 2931 malleus
1200 2876 1367 2945 fabri,
1405 2878 1541 2948 quia
1569 2879 1725 2935 sicut
1755 2880 1962 2936 malleo
1995 2883 2118 2937 uni-

471 2977 643 3019 versa
680 2963 1005 3019 tunduntur
1039 2964 1506 3035 ferramenta,ita
1539 2967 1661 3037 ipse
1691 2969 1971 3025 contrivit
1999 2985 2117 3025 om-

472 3051 562 3107 nia
591 3065 767 3121 regna
791 3050 902 3105 sibi
930 3051 1500 3109 vicina.Pcr27enim
1525 3069 1707 3110 annos
1733 3056 1945 3125 quibus
1962 3060 2116 3128 prin-

472 3140 728 3212 cipatum
767 3139 1018 3210 optinuit
1068 3141 1177 3196 sub
1216 3141 1454 3210 regibus
1491 3144 1822 3211 Dagoberto
1858 3145 2111 3215 juniore,

474 3226 1206 3298 Chilperico,Theoderico,
1226 3228 1501 3299 Clotario,
1520 3229 1895 3288 Childeberto
1919 3240 1978 3288 et
2003 3236 2117 3290 [lil-

472 3315 669 3371 derico
710 3315 844 3386 (50),
874 3321 1182 3386 postquam
1217 3316 1288 3372 de
1331 3333 1499 3374 manu
1534 3320 1848 3376 Raimfredi
1881 3322 2117 3391 majoris

471 3402 677 3459 domus
700 3404 758 3457 in
781 3418 960 3471 regno
988 3404 1339 3461 Francorum
1362 3420 1463 3475 per
1488 3407 1665 3463 multa
1694 3407 1842 3463 bella
1868 3410 2114 3466 eundem

470 3491 860 3562 principatum
889 3491 1153 3560 sustulit,
1180 3497 1343 3548 tanta
1375 3493 1540 3551 clade
1569 3496 1759 3551 omnia
1795 3511 1968 3566 regna
2004 3498 2116 3553 sibi

472 3578 678 3648 vicina,
728 3578 783 3632 id
837 3584 926 3633 est
980 3579 1305 3649 Saxoniam,
1362 3582 1704 3650 Bawariam,
1759 3584 2116 3641 Provintiam

471 3680 651 3737 usque
680 3665 1011 3737 Massiliam,
1046 3658 1409 3724 Wasconiam
1445 3669 1807 3741 Frigiamquc
1838 3674 2118 3730 contrivit

467 3758 525 3809 et
555 3753 972 3824 Alemanniam,
996 3761 1059 3810 ut
1088 3755 1285 3811 multa}
1309 3757 1574 3813 ecclesiae
1602 3774 1783 3828 usque
1806 3761 1862 3815 in
1888 3762 2118 3818 hodier-

468 3855 603 3898 num
637 3842 787 3897 diem
819 3842 1244 3898 desolationem
1270 3844 1359 3899 sui
1387 3846 1597 3901 factam
1624 3848 1733 3903 sub
1756 3864 1825 3904 eo
1856 3848 2111 3921 lugeant,

468 3929 948 3985 ettribulationis
975 3930 1160 4001 ipsius
1189 3932 1581 3989 calamitatem
1615 3936 1934 3993 obliterare
1964 3940 2019 3993 in
2052 3954 2116 3995 se

468 4017 626 4074 nulla
659 4021 954 4073 vetustate
1000 4020 1375 4089 praevaleant.
1412 4022 1555 4093 (Fol.
1594 4022 1725 4095 57’.)
1757 4027 1932 4083 Tanta
1963 4028 2113 4084 enim

469 4106 804 4177 profusione
836 4106 1175 4163 thesaurum
1212 4110 1394 4166 totius
1428 4112 1604 4167 erarii
1648 4115 1869 4183 publici
1910 4116 2117 4188 dilapi-

468 4193 640 4250 datus
662 4200 774 4253 est,
803 4200 957 4251 tanta
985 4196 1145 4251 dedit
1168 4198 1472 4267 militibus,
1506 4216 1652 4270 quos
1678 4202 1969 4261 soldarios
1997 4206 2112 4278 (51)

467 4282 665 4339 vocari
704 4297 828 4338 mos
859 4284 1135 4354 cptinuit,
1170 4287 1265 4356 qui
1296 4302 1369 4342 ex
1399 4288 1670 4345 omnibus
1705 4292 1901 4347 mundi
1935 4295 2113 4365 parti-

470 4369 579 4427 bus
609 4385 780 4427 causa
811 4377 1052 4441 questus
1096 4373 1165 4429 ad
1198 4390 1328 4430 eum
1374 4378 1828 4450 concurrebant,
1866 4396 2111 4451 quorum

465 4472 649 4529 genus
677 4459 951 4517 infestum
975 4466 1033 4517 et
1056 4462 1386 4533 improbum
1411 4468 1672 4535 tempore
1699 4468 1828 4537 ejus
1860 4471 2113 4543 sumpsit

2233 586 2392 656 dare,
2413 588 2742 644 fautoribus
2756 586 3026 643 videlicet
3043 587 3167 643 suis
3181 592 3241 643 et
3261 589 3687 660 consentaneis,
3720 591 3826 649 adeo

2233 680 2293 730 ut
2318 675 2859 746 archiepiscopatus
2878 676 3277 731 Trevirensem
3300 680 3356 730 et
3383 676 3713 734 Remensem
3732 680 3828 735 Milo

2233 763 2465 833 quidam
2502 770 2736 821 tonsura
2770 765 3043 828 clericus,
3075 764 3360 833 moribus,
3395 764 3595 821 habitu
3628 772 3684 822 et
3729 776 3827 825 actu

2233 851 2607 921 inreligiosus
2636 853 2855 922 laycus,
2891 853 3071 909 multo
3096 860 3356 924 tempore
3383 855 3740 924 pessundans
3758 860 3828 913 ob.

2232 939 2497 1009 tinuerit,
2533 942 2915 997 Viennensem
2946 956 3179 1011 quoque
3210 945 3271 995 et
3304 940 3521 998 multos
3557 942 3695 999 alios
3744 948 3827 1017 epi-

2237 1034 2518 1098 scopatus
2549 1044 2650 1099 per
2679 1034 2874 1084 terras
2895 1029 3177 1098 diversas,
3202 1033 3266 1083 ut
3288 1029 3564 1100 hystoria:
3587 1032 3827 1103 referunt,

2238 1116 2608 1186 possiderent
2640 1116 2791 1185 laici,
2822 1122 2879 1171 et
2903 1130 3005 1188 per
3029 1131 3257 1172 manum
3286 1116 3492 1173 laicam
3511 1119 3774 1175 investiti.
3792 1124 3829 1175 Si

2236 1204 2332 1274 qui
2363 1210 2532 1260 erant
2560 1204 2843 1276 episcopi,
2876 1209 2977 1260 aut
3009 1205 3062 1260 ei
3083 1206 3318 1267 omnino
3348 1206 3632 1277 favebant,
3656 1213 3743 1264 aut
3765 1224 3830 1265 res

2236 1292 2674 1351 aecclesiasticae
2698 1294 3146 1365 diripiebantur,
3172 1299 3270 1350 aut
3304 1299 3465 1351 certe
3489 1294 3604 1351 illis
3618 1298 3831 1353 obeunti-

2239 1381 2347 1435 bus
2381 1380 2435 1435 in
2470 1380 2662 1438 locum
2695 1382 2926 1439 illorum
2956 1382 3281 1453 neophytus
3309 1383 3576 1453 quilibet,
3605 1383 3690 1439 vel
3720 1399 3831 1456 quos

2237 1469 2529 1525 canonica;
2545 1470 2878 1525 sanctiones
2892 1484 2999 1525 non
3020 1470 3135 1525 reci
3147 1471 3553 1541 piunt,substit
3565 1473 3826 1529 uebantur.

2237 1557 2323 1612 Ab
2356 1558 2461 1613 hac
2496 1563 2687 1613 autem
2740 1557 3066 1630 direptione
3112 1558 3322 1614 civitas
3372 1557 3469 1614 illa
3519 1560 3832 1629 quantulum-

2235 1659 2484 1715 cumque
2518 1647 2788 1702 immunis
2816 1654 2964 1716 erat,
2999 1661 3127 1717 quae
3159 1648 3212 1702 ei
3247 1648 3474 1703 favebat
3503 1648 3597 1703 vel
3641 1664 3757 1719 qua
3794 1653 3828 1704 ei

2236 1733 2589 1803 adjutorium
2623 1736 2964 1805 praebebat;
2999 1735 3092 1791 cui
3123 1735 3273 1791 enim
3307 1736 3683 1803 innitebatur,
3709 1738 3828 1793 illam

2237 1836 2341 1891 per
2372 1837 2436 1877 se
2468 1837 2719 1893 suosque
2750 1838 2777 1878 a
2820 1838 2883 1879 se
2931 1823 3173 1893 suisque
3221 1826 3517 1881 tuebatur.
3568 1826 3703 1883 Hinc
3746 1834 3827 1891 est,

2236 1908 2388 1978 quod
2411 1909 2562 1964 inter
2582 1911 2917 1966 innumeras
2941 1925 3087 1980 quas
3104 1911 3432 1981 attriverat,
3458 1912 3827 1968 Virdunensem

2236 2000 2497 2066 tempore
2565 1997 2855 2068 Pepponis
2915 1998 3174 2069 episcopi
3224 1999 3460 2069 praediis
3508 1999 3684 2068 auxit,
3728 2000 3826 2069 quia

2232 2084 2427 2154 Peppo
2455 2083 2660 2154 isdem,
2694 2090 2758 2140 ut
2789 2086 3062 2156 superius
3094 2086 3366 2152 relatum,
3398 2092 3487 2142 est
3516 2087 3574 2142 in
3613 2094 3827 2158 tempore

2232 2170 2617 2228 dissensionis
2649 2179 2708 2228 et
2735 2175 3003 2244 partibus
3026 2174 3153 2243 ejus
3179 2175 3315 2231 favit
3339 2180 3396 2230 et
3423 2175 3749 2232 familiarius
3767 2177 3824 2230 illi

2231 2260 2494 2319 servivit.
2522 2262 2929 2318 Verumtamen
2954 2263 3054 2318 illo
3078 2262 3372 2332 defuncto,
3398 2264 3535 2334 quid
3555 2265 3675 2321 aliat-
3689 2266 3827 2336 patie-

2234 2352 2464 2418 bantur,
2490 2348 2691 2405 eadem
2717 2365 2948 2421 quoque
2970 2357 3213 2422 experta
3228 2358 3339 2409 est.
3357 2354 3415 2407 In
3446 2357 3826 2410 tantumautcm

2231 2437 2509 2492 vastitate
2526 2430 2765 2508 przefata
2784 2440 3148 2495 Trevirensis
3163 2440 3505 2512 metropolis
3521 2441 3720 2497 afﬂicta
3735 2442 3825 2505 fuit,

2232 2531 2296 2581 ut
2328 2541 2433 2596 pro
2465 2525 2802 2582 multimoda
2836 2528 2964 2597 ejus
2990 2528 3324 2585 calamitate
3346 2534 3405 2585 et
3428 2530 3825 2587 conculcatione

2229 2619 2472 2668 vacante
2486 2628 2552 2669 ea
2569 2614 3019 2672 Mediomatrieze
3042 2617 3304 2674 civitatis
3323 2618 3827 2690 praesulespostme

2230 2701 2362 2756 dum
2386 2702 2769 2771 fungerentur
2792 2704 3217 2776 archiepiscopi
3241 2706 3528 2775 dignitate
3550 2708 3822 2763 etnomine.

2231 2790 2397 2861 [Aoo]
2434 2792 2669 2847 Vastata
2704 2808 2935 2863 quoque
2966 2800 3025 2849 et
3068 2795 3353 2866 dissipata
3403 2796 3749 2866 Lugdunensi
3788 2800 3826 2850 et

2229 2879 2539 2934 Viennensi
2576 2880 2895 2950 provincia,
2931 2881 3153 2952 aliquot
3197 2884 3365 2939 annis
3409 2884 3534 2941 sine
3581 2884 3826 2955 episcopis

2228 2974 2479 3038 utraque
2510 2969 2619 3023 fuit
2650 2970 2932 3026 :ecclesia.
2972 2970 3269 3028 Wiliarius
3308 2973 3460 3029 enim
3507 2974 3822 3040 Viennensis,

2228 3055 2326 3125 qui
2359 3057 2746 3112 Austroberto
2795 3064 3181 3129 successerat,
3234 3060 3439 3116 videns
3487 3062 3823 3117 Viennensem

2226 3144 2548 3199 meclesiam
2578 3144 2917 3201 inJecenter
2947 3147 3240 3203 humiliari
3272 3150 3346 3205 ob
3375 3150 3600 3206 cladem
3632 3151 3826 3207 Sarace-

2227 3248 2431 3288 norum
2478 3234 2849 3303 Septimaniaa
2898 3240 2954 3291 et
3015 3237 3321 3294 Viennensi
3378 3245 3435 3294 et
3500 3238 3821 3309 Lugdunensi

2231 3322 2538 3392 provintiis
2563 3323 3002 3392 imminentium,
3027 3324 3209 3395 laycis
3233 3327 3520 3398 sacrilege
3543 3336 3603 3385 et
3625 3328 3822 3385 barbare

2228 3426 2324 3466 res
2349 3426 2550 3466 sacras
2565 3412 2988 3483 obtinentibus,
3009 3415 3213 3471 relicto
3229 3416 3572 3488 episcopatu
3590 3422 3825 3473 monaste

2230 3499 2377 3555 rium
2402 3501 2751 3569 Agaunense
2778 3503 3047 3573 expetiit,
3076 3503 3171 3559 ubi
3195 3508 3251 3561 et
3276 3505 3454 3560 vitam
3488 3504 3828 3561 venerabilem

2229 3588 2416 3657 duxit,
2450 3595 2509 3643 et
2542 3590 2647 3644 hoc
2674 3590 2727 3644 in
2749 3593 3014 3661 tempore
3037 3591 3313 3665 Stephani
3347 3608 3515 3665 papae
3547 3594 3641 3664 qui
3664 3592 3829 3647 Zacha-

2228 3675 2330 3731 riae
2347 3678 3130 3735 successerat.Rexitautem
3163 3686 3299 3750 post
3329 3696 3463 3737 eum
3496 3682 3827 3738 Viennensem

2227 3764 2539 3820 ecclesiam
2575 3766 2930 3836 Bertericus,
2955 3768 3048 3823 cui
3082 3768 3366 3825 successit
3394 3771 3630 3827 Paulus.

2300 3853 2583 3909 Defuncto
2617 3854 2815 3924 itaque
2847 3869 2915 3910 eo
2944 3860 3002 3910 et
3033 3857 3275 3913 Parisiis
3298 3859 3554 3929 sepulto,
3580 3862 3637 3915 et
3667 3856 3831 3925 princi-

2231 3945 2427 4011 patum
2463 3940 2783 4010 majoratus
2816 3943 3020 3999 domus
3046 3944 3309 4015 Pippino,
3335 3946 3521 4003 fratre
3550 3941 3830 4018 spiritualia

2229 4029 2482 4085 terrenis
2506 4031 3020 4101 praeferente,solo
3041 4032 3273 4104 adepto,
3296 4036 3667 4105 postmodum
3694 4034 3826 4089 etiam

2227 4118 2427 4174 studio
2453 4120 2903 4174 suoetRomani
2927 4120 3224 4190 pontificis
3256 4137 3529 4193 assensu,
3566 4129 3624 4180 ut
3659 4123 3830 4179 dictum

2225 4210 2335 4275 est,
2372 4206 2427 4260 in
2458 4220 2654 4275 regem
2686 4206 2938 4278 elevato,
2970 4209 3123 4265 Deus
3153 4209 3283 4280 pius
3333 4211 3542 4267 multis
3586 4227 3708 4268 eum
3751 4208 3830 4264 sibi

2225 4293 2548 4364 obligatum
2584 4294 2886 4351 beneficiis
2920 4296 3121 4354 volens
3152 4303 3208 4353 et
3244 4298 3418 4356 minis
3454 4306 3698 4369 terrere,
3714 4297 3833 4356 utdi-

2224 4388 2422 4439 sceret
2451 4399 2690 4455 sperare
2722 4384 2779 4439 in
2810 4387 2944 4455 Deo,
2994 4401 3107 4442 non
3153 4402 3517 4458 praesumere
3566 4390 3636 4446 de
3682 4403 3753 4453 se,
3793 4393 3832 4439 et

2225 4477 2287 4529 ut
2337 4472 2791 4529 succedentibus
2838 4474 3142 4545 prosperis
3191 4478 3615 4536 recordaretur
3658 4472 3831 4534 Domini

469 4547 725 4618 iniciam,
761 4554 825 4606 ut
854 4564 965 4606 non
1004 4550 1057 4606 ci
1099 4550 1396 4607 suffecerit
1432 4554 1747 4611 thesaurus
1777 4559 1962 4629 regni,
1998 4575 2108 4617 non
2141 4557 2195 4617 D
2226 4560 2324 4616 Dei
2372 4561 2484 4632 sui,
2534 4576 2642 4616 nec
2688 4561 2867 4618 vellet
2926 4562 3142 4618 imitari
3207 4568 3463 4637 patrem,
3538 4582 3698 4638 quem
3755 4576 3829 4618 con

467 4636 829 4708 deprsedatio
878 4639 1131 4709 urbium,
1181 4654 1294 4694 non
1342 4641 1701 4700 multimoda;
1748 4649 2110 4707 vastationes

467 4740 777 4796 regnorum
808 4732 1165 4798 exterorum,
1198 4742 1310 4783 non
1347 4730 1668 4800 expoliatio
1712 4734 2109 4795 aecclesiarum

466 4819 526 4870 et
557 4815 1065 4885 monasteriorum,
1082 4830 1195 4871 non
1212 4816 1431 4873 tributa
1454 4821 1901 4889 provinciarum.
1924 4827 2112 4883 Ausus

465 4906 557 4957 est
595 4902 768 4969 etiam
810 4902 907 4959 ubi
954 4903 1060 4959 hec
1090 4903 1451 4979 defecerunt,
1486 4915 1676 4967 terras
1713 4911 2110 4971 aecclesiarum

467 4988 752 5061 diripere,
804 4994 864 5046 et
917 5005 1018 5048 eas
1073 4991 1507 5053 cdmilitonibus
1565 4996 1685 5055 illis
1736 5002 2104 5058 contradere.

2225 4649 2422 4706 stabat
2470 4649 2873 4707 aecclesiarum
2927 4650 3125 4708 sitisse
3185 4653 3619 4727 confusionem,
3686 4652 3830 4727 posito

2223 4754 2293 4794 eo
2338 4738 2492 4810 apud
2541 4739 2989 4797 Aurelianorum
3038 4741 3262 4811 urbem,
3311 4743 3457 4813 quid
3516 4759 3651 4816 erga
3703 4744 3833 4799 Κπο-

2223 4826 2340 4883 lum
2371 4832 2664 4899 ageretur,
2700 4843 2828 4899 quae
2881 4829 2932 4885 ei
2983 4843 3212 4887 merces
3259 4835 3569 4891 tantorum
3620 4831 3828 4890 laborum

2224 4921 2790 4988 recompensaretur,
2808 4918 3089 4990 ostendit,
3106 4934 3220 4975 non
3234 4919 3303 4976 ad
3321 4920 3612 4988 defuncti,
3637 4926 3696 4979 ut
3713 4932 3830 4975 vere-

2224 5018 2371 5075 mur,
2400 5004 2790 5076 refrigerium,
2817 5006 2920 5064 sed
2952 5006 3023 5064 ad
3055 5006 3515 5067 aedificationem
3539 5007 3822 5070 viventium.

1823 5148 2060 5207 VARUE
2102 5151 2505 5212 LECTIONES.

534 5270 603 5307 ²²⁸
631 5272 723 5331 ita
749 5286 796 5331 σ.
827 5272 896 5309 ²²⁹
923 5273 1097 5333 Verte
1129 5276 1203 5333 III
1233 5274 1368 5334 folia
1401 5279 1459 5333 et
1497 5277 1653 5348 quod
1684 5277 1778 5336 hic
1808 5278 1977 5339 deest
2007 5284 2243 5355 require
2278 5287 2389 5343 sub
2418 5287 2526 5345 hoc
2560 5288 2729 5358 signo
2760 5305 2808 5347 ε.

2054 5435 2279 5492 NOTAE.

534 5556 647 5632 ςζςο)
677 5557 873 5628 Neque
904 5557 1336 5632 ghildebertus,
1370 5573 1558 5632 neque
1600 5560 1968 5623 Childericus
2005 5568 2107 5624 Ca-

463 5626 571 5682 roli
605 5626 870 5698 tempore
902 5628 1256 5684 Francorum
1290 5626 1742 5699 reges'fuerunt.

2289 5571 2403 5640 (51)
2440 5573 2482 5626 Α
2515 5571 2857 5631 Germanico
2889 5573 3039 5645 sold,
3066 5575 3454 5647 stipendium.
