3922 6424
86 444 188 504 145

1334 435 1832 500 CHRONICON.
1870 471 1941 482 -
1974 436 2133 499 LIB.
2174 437 2215 497 Ι.

3360 432 3472 493 146

72 577 206 634 Erat
236 574 291 630 in
317 573 520 631 eadem
571 572 715 629 urbe
760 573 1077 644 episcopus
1107 570 1426 629 Eucherius
1458 572 1594 644 (52),
1628 570 1710 627 vi-
1740 568 1794 629 A
1823 542 1990 632 crum
2004 575 2155 644 ejus,
2176 572 2487 629 intueatur
2506 583 2643 628 ossa
2657 569 2880 641 patris,
2902 571 3120 628 etezeo
3136 568 3299 643 quod
3316 569 3473 628 ince-

73 671 144 722 ιω
167 664 473 720 honestate
496 660 828 730 laudabilis,
858 676 1082 718 morum
1107 661 1402 731 probitate
1424 659 1713 733 spectabi-

70 753 160 821 lis,
194 752 285 809 cui
314 749 638 807 celebranti
687 749 993 805 missarum
1048 749 1391 820 sollempnia
1438 748 1566 821 ipso
1619 749 1713 806 die

66 841 298 913 paschae
327 839 462 896 dum
493 838 728 895 sederet
767 837 824 893 in
855 838 1069 894 throno
1110 837 1451 908 pontificali,
1488 844 1545 893 et
1581 838 1716 894 sub-

68 929 348 1000 repsisset
374 927 425 983 ei
451 926 754 996 cogitatio,
784 930 1031 996 quantos
1062 926 1297 982 labores
1330 942 1434 996 pro
1464 926 1714 982 tuitione

65 1023 122 1073 et
153 1015 526 1088 ampliatione
558 1013 720 1085 regni
765 1013 1010 1070 Karolus
1056 1014 1460 1082 sustinuisset,
1497 1020 1714 1084 quanta

67 1105 266 1177 praelia
285 1103 584 1176 praeliatus
597 1105 773 1171 esset,
802 1102 1091 1172 quomodo
1116 1105 1243 1173 post
1269 1106 1429 1157 tanta
1454 1101 1712 1172 pericula

70 1208 210 1266 paco
239 1194 462 1264 potitus
493 1196 672 1259 esset,
701 1195 761 1247 et
791 1190 845 1245 in
879 1205 1020 1262 pace
1054 1191 1230 1246 vitam
1264 1191 1509 1259 finisset,
1541 1189 1713 1256 cujus

64 1296 219 1338 nunc
237 1272 411 1337 'ﬁlius
442 1280 603 1349 regni
632 1280 850 1335 honore
875 1279 1125 1335 donatus
1152 1286 1327 1348 esset,
1364 1279 1499 1335 dum
1534 1279 1711 1334 tacita

63 1369 425 1438 cogitatione
451 1368 675 1425 felicem
711 1367 933 1423 diceret
957 1376 1070 1424 tam
1098 1368 1395 1437 prosperis
1428 1367 1714 1423 successi-

63 1457 173 1514 bus
224 1457 439 1526 virum,
492 1456 601 1513 hac
630 1455 683 1511 ei
712 1454 1070 1523 cogitatione
1118 1456 1425 1511 ﬂuctuanti
1476 1470 1717 1512 somnus

61 1545 367 1616 paulisper
395 1544 615 1613 allusit,
643 1548 698 1599 et
720 1548 927 1614 raptus
952 1544 1006 1599 in
1032 1558 1277 1600 excessu
1311 1544 1522 1599 mentis
1547 1557 1717 1611 ange-

60 1633 302 1704 licoque
335 1634 512 1690 ductu
547 1633 617 1688 ad
650 1632 911 1688 tribunal
951 1632 1172 1688 Iudicis
1201 1633 1415 1689 ductus
1445 1631 1563 1699 (fol.
1601 1634 1711 1701 58),

59 1722 116 1777 in
150 1725 449 1778 conventu
472 1722 573 1776 illo
594 1721 814 1777 caelesti
840 1720 1206 1777 dulcedinem
1251 1720 1516 1777 melodizc
1548 1720 1716 1792 spiri-

58 1809 243 1866 tualis
276 1809 524 1880 audivit,
548 1816 607 1865 et
629 1809 701 1864 ad
732 1813 952 1864 tantam
986 1808 1228 1865 visionis
1260 1808 1713 1877 magnitudinem

1823 662 1990 719 nerit
1993 662 2181 731 ﬁdem
2187 660 2393 733 faciet
2408 658 2605 715 verbis
2628 658 2767 714 tuis.
2790 658 3026 715 Dixerat
3044 658 3173 727 hec,
3197 663 3256 715 et
3282 673 3471 716 sacer-

1826 751 1933 807 dos
1967 750 2147 807 ductu
2179 749 2444 819 angelico
2476 749 2533 804 in
2566 761 2630 803 se
2660 761 2933 804 reversus
2964 748 3293 817 obstupuit.
3332 749 3473 806 Lau-

1825 839 2088 908 dansque
2136 840 2312 894 Deum
2341 842 2400 892 et
2432 835 2809 903 magnificans
2843 835 3067 907 judicia
3101 835 3226 905 ejus
3260 836 3473 894 incom-

1827 925 2242 998 prehensibilia
2270 930 2325 981 et
2362 922 2804 990 investigahiles
2832 924 2955 979 vias
2983 924 3128 993 ejus,
3160 925 3469 981 missarum

1827 1015 2150 1086 solempnia
2172 1014 2450 1083 explevit,
2476 1012 2684 1068 dehinc
2701 1012 2820 1081 regi
2837 1017 2894 1066 et
2916 1011 3319 1082 optimatibus,
3343 1027 3471 1085 qum

1825 1105 2055 1160 viderat
2078 1107 2136 1158 et
2162 1102 2448 1169 audierat,
2476 1100 2767 1171 quomodo
2790 1099 2998 1156 adhaac
3022 1100 3267 1156 videnda
3293 1107 3353 1157 et
3375 1116 3473 1158 au-

1828 1192 2035 1248 dienda
2066 1190 2528 1267 cogitationibus
2565 1189 2690 1245 suis
2715 1187 3005 1244 adductus
3028 1189 3123 1259 sit,
3151 1190 3466 1245 enarravit.

1827 1282 1939 1336 Pro
1961 1295 2030 1335 eo
2061 1294 2291 1349 quoque
2315 1279 2436 1333 hare
2461 1277 2584 1333 visa
2613 1276 2891 1347 asseruit,
2920 1281 2979 1331 ut
3007 1277 3055 1332 ei
3087 1278 3367 1349 prodesse
3390 1278 3472 1333 in-

1826 1370 2050 1439 ciperet
2074 1382 2218 1438 pena
2241 1366 2448 1438 patris,
2465 1370 2521 1421 et
2550 1365 2806 1421 disceret
2825 1380 2934 1421 non
2955 1365 3359 1437 blasphemare
3378 1364 3467 1437 ²³⁰,

1828 1472 1931 1512 nec
1957 1456 2190 1526 rapinas
2212 1454 2651 1523 concupiscere,
2677 1453 2853 1509 necin
2874 1453 3182 1526 iniquitate
3207 1468 3466 1525 sperare,

1825 1548 1882 1601 et
1917 1523 2052 1601 licet
2095 1544 2399 1598 atlluercnt
2431 1542 2480 1596 ei
2514 1540 2757 1611 divitiae,
2800 1556 2912 1598 non
2943 1542 3028 1598 eis
3070 1523 3339 1600 studeret
3368 1523 3471 1600 cor

1826 1647 2140 1705 apponere,
2175 1632 2310 1702 quia
2342 1637 2608 1702 potestas
2640 1631 2739 1686 Dei
2774 1634 2865 1686 est
2896 1635 2951 1687 et
2984 1631 3224 1687 Domino
3251 1632 3472 1689 miseri-

1826 1722 2047 1791 cordia,
2074 1727 2134 1777 ut
2161 1719 2371 1776 reddat
2401 1718 2895 1789 unicuiquejuxta
2920 1734 3096 1789 opera
3129 1735 3252 1776 sua.
3280 1720 3472 1793 Pippi-

1827 1825 1936 1866 nus
1964 1810 2161 1879 itaque
2208 1808 2295 1864 his
2326 1806 2546 1863 auditis
2588 1808 2702 1862 Deo
2751 1808 2933 1876 magis
2966 1822 3030 1863 ac
3063 1808 3247 1877 magis
3291 1809 3472 1882 coepit

56 1898 309 1954 herehat
339 1902 611 1969 stupens.
644 1897 951 1965 Cogitabat
970 1901 1162 1953 autem
1188 1900 1245 1952 et
1273 1897 1369 1955 ibi.
1400 1896 1446 1952 si
1474 1897 1626 1952 inter
1652 1895 1717 1951 il-
1745 1920 1797 1981 Β
1816 1898 2077 1954 devotus
2099 1897 2358 1953 existere
2384 1895 2725 1951 sacerdotes
2746 1896 3031 1964 venerari,
3051 1895 3352 1953 aecclesias
3373 1896 3471 1953 bo-

60 1986 152 2042 los
186 1985 504 2042 distinctos
536 1987 839 2042 beatorum
889 1985 1158 2056 spiritum
1208 1991 1375 2042 cetus
1421 1985 1711 2042 dominum

54 2074 249 2130 totius
278 2073 534 2130 Franciac
553 2079 848 2144 etpatrem
875 2074 1036 2143 regni
1069 2074 1336 2129 Karolum
1362 2072 1563 2129 videre
1588 2087 1718 2144 pos-

55 2167 168 2231 set,
194 2177 334 2218 cum
362 2162 560 2218 tacitis
581 2163 708 2233 ejus
731 2162 1192 2231 cogitat’onihus
1225 2162 1587 2232 respondens
1617 2161 1715 2231 qui

56 2250 448 2323 praesidebat,
471 2251 541 2307 ad
567 2251 759 2307 locum
784 2250 881 2307 ubi
906 2250 1154 2306 Karolus
1188 2252 1550 2319 servabatur,
1584 2248 1716 2304 duci

54 2353 191 2394 eum
227 2338 535 2409 praecepit.
568 2340 790 2395 Ductus
834 2338 1030 2408 itaque
1061 2344 1152 2393 est
1188 2338 1240 2393 in
1275 2338 1581 2404 infernum,
1619 2337 1716 2393 ubi

54 2427 197 2482 dum
224 2426 579 2483 miserorum
603 2426 824 2483 animas
846 2428 1189 2482 continuato
1208 2430 1268 2482 et
1293 2426 1612 2482 inedicihili
1639 2426 1719 2479 in-

54 2513 227 2570 ﬂnito
254 2529 491 2584 quoque
512 2514 778 2570 cruciatu
805 2514 1058 2583 tabidas,
1086 2515 1444 2584 squalentes,
1465 2518 1523 2568 et
1545 2513 1720 2569 nimio

51 2602 316 2659 horrore
349 2601 659 2657 sordentes
682 2602 1011 2671 miraretur,
1038 2602 1173 2657 dum
1204 2616 1482 2672 penarum
1506 2616 1719 2670 genera

49 2694 337 2762 paveret,
361 2690 495 2745 dum
521 2689 591 2745 ad
612 2689 900 2745 terrificos
920 2689 1149 2745 sonitus
1172 2690 1345 2745 fletus
1366 2694 1425 2745 et
1448 2688 1721 2746 stridoris

52 2778 336 2835 dentium
363 2792 529 2834 suum
554 2776 670 2846 jam
692 2776 855 2847 quasi
880 2776 1101 2833 oblitus
1123 2784 1278 2833 esset
1312 2777 1604 2846 Karolum,
1640 2777 1724 2831 vi-

50 2867 142 2923 dit
172 2881 316 2923 eum
352 2865 405 2920 in
442 2866 749 2922 tormentis
780 2865 1028 2935 positum
1060 2865 1225 2936 quasi
1257 2865 1312 2921 in
1349 2866 1539 2922 medio
1573 2865 1722 2935 ignis

49 2955 271 3024 rotari,
311 2958 375 3010 et
405 2968 556 3011 nunc
587 2952 819 3024 quidem
850 2954 978 3023 igne
1008 2953 1254 3025 torreri,
1287 2969 1440 3010 nunc
1472 2953 1722 3010 stridere

49 3044 287 3114 frigore
320 3041 574 3113 glaciali,
611 3057 762 3099 nunc
810 3041 880 3096 de
915 3042 1044 3112 igne
1073 3044 1486 3098 ascendentem
1522 3042 1577 3097 in
1604 3042 1725 3112 gla-

46 3130 142 3188 cie
178 3130 439 3201 versari,
470 3145 623 3186 nunc
650 3145 787 3185 vero
811 3131 883 3186 ab
906 3130 1074 3201 aquis
1106 3134 1335 3186 erutum
1370 3130 1588 3199 iguitos
1622 3144 1716 3186 va-

48 3233 242 3293 pores
278 3222 571 3290 repetere.
610 3218 955 3275 Miserabilis
987 3233 1181 3274 rerum
1236 3218 1415 3273 facies
1444 3220 1457 3272 !
1491 3217 1595 3274 Ille
1627 3217 1722 3288 qui

48 3306 241 3380 paulo
267 3310 413 3363 ante
437 3306 761 3377 imperabat
780 3306 1056 3375 Franciaa,
1084 3306 1179 3376 qui
1202 3305 1472 3363 dominus
1497 3306 1727 3362 diceba-

47 3400 155 3452 tur
187 3400 409 3464 terraa,
442 3394 541 3464 qui
573 3394 766 3449 victor
816 3394 1064 3462 urbium,
1097 3398 1413 3465 superator
1441 3394 1724 3464 gentium,

50 3482 452 3555 conquisitor
482 3496 820 3552 regnorum,
843 3485 906 3538 ut
932 3496 1093 3538 suam
1127 3481 1436 3553 ampliaret
1469 3486 1729 3553 potesta-

49 3576 173 3628 tem
208 3574 417 3627 totum
450 3569 838 3626 tribulaverat
870 3570 1091 3639 orbem,

46 3703 367 3760 Urituren
387 3700 649 3767 flammis,
668 3714 813 3770 quas
828 3701 1119 3769 stringere
1134 3717 1243 3758 non
1265 3699 1417 3758 valet
1436 3700 1637 3770 amnis,

45 3773 323 3845 Stringit
336 3786 406 3829 ur
422 3771 702 3842 etglacie,
721 3777 1015 3842 nequeunt
1036 3786 1203 3844 quam
1222 3772 1451 3830 solvere
1467 3773 1726 3828 flammae.

48 3899 200 3955 Cum
228 3896 371 3953 haec
393 3908 533 3964 ergo
557 3909 752 3952 secum
778 3894 996 3953 tacitus
1030 3895 1365 3965 miraretur,
1391 3898 1451 3952 et
1473 3893 1612 3965 quid
1646 3908 1733 3951 re-

46 4001 187 4043 rum
224 3986 403 4041 esset
435 3982 645 4039 anxius
674 3997 868 4039 secum
898 3983 1182 4052 volveret,
1217 3982 1426 4040 ductor
1458 3982 1557 4038 ille
1588 3997 1732 4039 suus

46 4074 388 4130 herentem
415 4085 545 4127 eum
572 4070 812 4126 videns:
838 4072 1007 4140 Ecce,
1038 4071 1247 4142 inquit,
1273 4070 1570 4141 cogitatus
1603 4071 1692 4127 tui
1715 4091 1733 4127 .-

44 4176 185 4222 ecce
209 4161 289 4219 de
315 4173 440 4232 quo
460 4158 821 4215 anaiabaris
848 4160 916 4216 in
940 4159 1103 4215 domo
1124 4159 1384 4216 Domini.
1426 4159 1568 4215 Vide
1584 4157 1737 4229 quid

41 4252 271 4310 caleat
302 4247 503 4307 seculi
531 4246 900 4317 potentatus,
941 4247 1141 4318 aspice
1168 4247 1324 4316 quid
1346 4246 1553 4317 possit,
1585 4244 1739 4317 quid

26 4335 419 4413 portendat,
437 4334 519 4391 ad
528 4334 682 4418 quid
703 4334 912 4391 tendat
927 4333 1140 4391 mundi
1150 4334 1558 4407 principatus.
1587 4335 1736 4390 Ecce

1755 3265 1808 3330 C

1828 2002 2058 2055 norare,
2086 1990 2145 2041 et
2169 1986 2225 2041 in
2250 1984 2465 2055 quibus
2499 1985 2674 2039 Deum
2701 1990 2731 2038 a‘
2756 1988 2922 2054 patre
2946 1999 3053 2040 suo
3075 1984 3362 2042 didicerat
3390 1986 3472 2041 of-

1829 2077 2055 2133 fensum
2093 2075 2293 2138 fuisse,
2329 2074 2401 2129 ab
2430 2073 2521 2128 his
2554 2086 2618 2128 se
2650 2072 2927 2130 studebat
2959 2077 3087 2130 toto
3116 2073 3243 2130 nisu
3278 2079 3472 2131 custo-
3520 2084 3526 2090 '

1828 2164 1971 2220 dire.
1999 2165 2070 2219 Ut
2095 2169 2290 2219 autem
2314 2161 2472 2217 venit
2498 2161 2803 2232 Parisium,
2831 2162 3203 2233 sepulchrum
3227 2163 3375 2234 ejus,
3402 2162 3473 2218 de

1829 2268 1941 2324 quo
1965 2253 2238 2308 manabat
2260 2250 2407 2306 odor
2430 2249 2787 2319 sulphureus
2813 2250 2966 2306 fumo
2991 2250 3228 2317 mixtus,
3257 2251 3471 2324 aperiri

1829 2338 2535 2415 praecepit,prasentibus
2549 2337 2845 2409 episcopis
2859 2343 2916 2395 et
2932 2338 3313 2410 optimatibus
3327 2338 3467 2396 suis.

1830 2430 1970 2500 (Fcl.
1991 2428 2122 2501 58’.)
2150 2427 2315 2493 Quod
2337 2426 2432 2481 ubi
2458 2430 2721 2496 apertum
2742 2430 2853 2495 est,
2875 2426 3072 2481 vident
3097 2427 3286 2498 ignem
3309 2432 3364 2483 et
3394 2427 3474 2484 fu-

1830 2535 1980 2575 mum
2032 2517 2410 2572 tenebrosum
2443 2520 2497 2569 et
2534 2513 2817 2583 foetidum,
2851 2514 3131 2585 reliquias
3177 2515 3471 2588 absumpti

1829 2606 2118 2677 corporis,
2147 2602 2523 2674 sepulchrum
2547 2616 2696 2672 quoq
2709 2617 2775 2656 uc
2793 2602 2871 2657 ita
2891 2603 3264 2674 fumoetigne
3288 2605 3474 2673 nigre-

1830 2696 2065 2763 factum,
2102 2696 2166 2749 ut
2198 2695 2469 2762 patenter
2511 2689 2754 2745 daretur
2787 2689 3036 2760 intelligi
3068 2705 3262 2747 veram
3297 2692 3476 2749 fuisse

1827 2784 2112 2840 visionem
2134 2778 2483 2848 sacerdotis,
2511 2778 2671 2848 gravi
2698 2777 2858 2834 illum
2888 2778 3038 2849 apud
3066 2778 3285 2836 inferos
3311 2795 3479 2851 omna

1830 2886 1959 2929 esse
1984 2869 2311 2935 multatum,
2348 2868 2515 2938 cujus
2537 2881 2754 2938 corpus
2781 2866 2835 2921 in
2860 2866 3172 2938 sepulchro
3200 2868 3346 2924 tanti
3381 2883 3477 2925 no~

1830 2961 2015 3017 vitate
2047 2956 2309 3014 miraculi
2351 2956 2427 3011 ita
2462 2956 2663 3012 fuisset
2699 2956 2828 3025 igne
2862 2955 3180 3026 sulphureo
3209 2971 3479 3014 consum-

1833 3053 2016 3121 ptum.
2053 3044 2300 3102 Grandis
2340 3044 2476 3100 hinc
2507 3044 2755 3100 obortus
2792 3047 2884 3099 est
2913 3049 3108 3099 terror
3139 3044 3259 3115 regi
3292 3048 3348 3100 et
3386 3060 3481 3116 po-

1833 3135 1992 3207 pulo,
2012 3132 2253 3204 grandis
2275 3131 2530 3186 adoluvit
2554 3130 2825 3187 omnibus
2846 3144 2981 3202 erga
3008 3130 3298 3188 Christum
3314 3136 3371 3188 et
3393 3147 3480 3191 sa-

1836 3223 2108 3280 cerdotes
2136 3219 2264 3291 ejus
2298 3219 2558 3286 devotio,
2597 3218 2687 3289 pia
2722 3222 2849 3274 erat
2880 3218 3150 3276 omnibus
3174 3220 3329 3277 circa
3363 3235 3481 3277 mo-

1838 3310 2091 3368 nasteria
2121 3317 2181 3365 et
2213 3307 2511 3365 aacclesias
2545 3306 2963 3363 restaurandas
2989 3308 3308 3364 contentio.
3336 3309 3480 3367 Hinc

1838 3405 1930 3458 est
1963 3398 2116 3471 quod
2140 3398 2194 3453 in
2218 3401 2483 3468 tempore
2509 3395 2636 3465 ejus
2665 3400 2749 3451 tot
2773 3395 3150 3451 inveniuntur
3173 3396 3481 3467 pontifices

1839 3503 2036 3546 amore
2068 3485 2285 3544 Christi
2320 3485 2633 3552 ferventes,
2660 3483 2779 3554 qui,
2813 3486 3013 3553 optata
3035 3497 3175 3554 pace
3197 3484 3389 3555 potiti,
3423 3490 3483 3542 et

1843 3577 1997 3647 regis
2019 3574 2332 3632 amicitiam
2366 3572 2584 3641 nancti,
2606 3570 2888 3628 aeeclesiis
2918 3572 3319 3629 restaurandis
3340 3573 3483 3629 invi-

1840 3664 2125 3737 gilabant,
2170 3648 2434 3717 fovendis
2483 3659 2879 3730 curandisque
2909 3659 3213 3716 animabus
3243 3674 3481 3733 operam

1844 3754 2079 3812 dabant.
2116 3751 2252 3822 quia
2272 3750 2342 3806 de
2363 3752 2525 3804 tanta
2559 3748 2966 3819 oppressione,
2998 3764 3110 3819 qua
3139 3751 3484 3821 premeban-

1841 3846 1940 3901 tur
1961 3839 2228 3898 ecclcsiae
2263 3851 2365 3910 per
2394 3836 2645 3905 majores
2668 3836 2899 3901 domus,
2921 3851 3121 3909 pacem
3146 3842 3207 3893 et
3228 3838 3482 3906 quietem

1844 3944 1907 3988 se
1940 3925 2362 3999 aliquantulum
2413 3923 2742 3995 optinuisse
2789 3924 3143 3994 gaudebant.
3196 3925 3484 3997 Diligebat

1843 4018 1995 4077 enim
2019 4016 2232 4072 affectu
2257 4012 2636 4069 devotissimo
2658 4027 2856 4069 omnes
2880 4012 3103 4069 Domini
3130 4013 3485 4085 sacerdotes,

1845 4110 1901 4162 et
1927 4104 2045 4161 illis
2059 4099 2401 4175 promptiori
2426 4098 2791 4155 subdebatur
2809 4099 3157 4155 humilitatis
3179 4101 3486 4172 obsequio,

1847 4208 1995 4264 quos
2024 4190 2270 4247 vidisset
2301 4201 2405 4258 per
2435 4186 2621 4243 oﬁlcia
2656 4186 2899 4257 pietatis
2933 4187 3319 4258 proximiores
3348 4191 3484 4246 Deo.

1846 4284 2003 4339 Inter
2027 4293 2172 4351 quos
2194 4278 2423 4333 beatum
2446 4274 2803 4331 Madelveum
2827 4279 2992 4332 tanto
3010 4277 3376 4348 propensiori
3395 4293 3492 4335 co-

1848 4371 1958 4428 luit
1980 4364 2313 4425 devotionis
2343 4364 2576 4433 ail‘ectu,
2610 4368 2828 4433 quanto
2859 4377 2989 4420 eum
3017 4363 3255 4421 cultiori
3279 4367 3492 4424 mentis

38 4427 359 4486 Καναῖα-ς
383 4424 681 4496 prima”,
1848 4424 2154 4517 nobilitate
2176 4453 2408 4511 Christo
2436 4424 2868 4509 Deo'adherere
2891 4452 3188 4523 cognovit,
3216 4459 3489 4512 ornatum

1852 4548 2136 4616 moribus,
2159 4546 2372 4602 bonum
2396 4543 2717 4611 doctorem,
2746 4540 2922 4612 pium,
2944 4540 3373 4612 rationabilem,
3396 4543 3495 4599 ha-

1763 4614 1818 4698 .D
1852 4639 2084 4694 bentem
2116 4614 2268 4690 filios
2292 4633 2347 4688 in
2371 4630 2525 4690 omni
2558 4629 2820 4685 bonitate
2854 4628 2966 4685 sibi
3000 4628 3292 4700 subditos,
3326 4644 3494 4702 para-

1853 4730 1974 4783 tum
2005 4723 2273 4779 omnibus
2304 4719 2554 4778 reddere
2580 4717 2861 4773 rationem
2888 4717 2959 4773 de
2977 4730 3065 4784 ea,
3092 4730 3221 4787 qua:
3245 4717 3300 4773 in
3324 4719 3494 4776 nobis

45 4826 222 4901 quia
240 4821 602 4897 postposuit
615 4822 954 4891 Dominum,
978 4835 1084 4880 nec
1103 4820 1421 4878 abhorruit
1438 4819 1737 4894 con/usio-
1849 4818 1958 4883 est,
1986 4826 2110 4884 spe.
2137 4810 2277 4901 (Fel.
2301 4808 2443 4901 ssb.)
2463 4808 2623 4864 Licet
2643 4810 2836 4901 autem
2861 4805 2917 4901 in
2940 4805 3370 4901 restauratione
3391 4822 3498 4901 aec-

38 4893 197 4975 nem
241 4893 693 4970 -cecctesiarum.
744 4911 986 4967 Nuncia
1015 4910 1138 4967 hac
1158 4910 1414 4982 Pippino
1433 4893 1567 4979 regi
1597 4909 1738 4979 ﬁlio
1848 4902 2160 4960 clesiarum
2187 4900 2294 4956 hac
2319 4898 2390 4955 de
2413 4910 2584 4954 causa
2619 4894 2931 4966 aliquando
2954 4893 3215 4951 studiose
3247 4894 3496 4954 desuda-

46 5006 224 5077 ejus,
254 4999 344 5058 ut
362 4998 558 5057 discat
575 5012 694 5056 non
713 4997 1038 5071 superbire,
1058 5012 1164 5055 nec
1182 5012 1424 5071 sperare
1437 4996 1738 5055 inincerto
1848 4991 2023 5057 verit,
2049 4994 2240 5046 tamen
2267 4989 2427 5043 tanta
2459 4989 2587 5077 erat
2600 4982 2763 5077 -mali_
2775 4982 3180 5077 _moles,.tanta
3203 4984 3497 5077 cupidita-

46 5070 1739 5160 diciciarum,sedinDominoDeo,quipotestetanimam
1853 5080 1930 5138 tis
1954 5077 2169 5149 rabies,
2194 5082 2255 5133 ut
2278 5089 2465 5147 usque
2496 5072 2567 5131 ad
2597 5071 2789 5129 Karoli
2821 5070 3006 5143 Magni
3035 5074 3301 5144 tempora
3335 5072 3499 5129 mali-

42 5183 115 5240 et
132 5189 380 5252 corpus
397 5175 630 5233 mittere
647 5175 1073 5247 ingebennam.
1107 5175 1336 5241 Quodsi
1352 5174 1461 5232 tibi
1484 5188 1600 5231 non
1620 5187 1740 5231 cre—
1852 5170 1962 5229 ciei
1981 5167 2154 5238 hujus
2173 5164 2477 5224 duraverit
2493 5162 2791 5252 pernicies
2810 5165 3143 5232 veternosa,
3180 5160 3315 5252 dum
3340 5163 3497 5252 quod

50 5249 1741 5336 (ﬁderit,dieilliutoadatParisius,aperiatguesepul-
1853 5258 2003 5317 male
2043 5255 2292 5328 quisque
2321 5258 2381 5311 et
2410 5251 2670 5310 indebite
2715 5254 3121 5322 usurpaverat,
3157 5249 3324 5321 pejus
3358 5251 3502 5307 reti-

1453 5386 1692 5443 VARIE
1730 5380 2131 5443 LECTIONES.

38 4559 359 4640 Francia
377 4570 492 4640 guo
518 4555 756 4638 tunzuit,
782 4556 1126 4640 cuisemper
1145 4553 1390 4640 subdita
1414 4555 1660 4640 mansit,

253 4626 557 4696 Quinoca
573 4627 731 4697 jura
754 4626 936 4699 dedit,
962 4627 1069 4699 qui
1090 4640 1203 4683 sua
1226 4628 1440 4696 cuique
1463 4626 1625 4694 tulit,

47 4699 679 4771 Terreturﬂammis,
704 4698 958 4755 aternus
975 4699 1029 4755 ei
1048 4699 1253 4753 manet
1266 4699 1449 4768 ignis,

126 5480 213 5518 ²³⁰
251 5475 673 5552 blasphemare
702 5490 749 5535 c.

1684 5570 1907 5628 ΝΟΤᾸΞ.

49 5745 96 5801 Ο
101 5661 426 5801 έὲἓέὶσιὲεέ
432 5652 833 5791 1sequentibus
860 5663 935 5721 cf.
969 5658 1279 5736 epistolam
1330 5659 1743 5733 episcOporum
1774 5658 1848 5716 ad
1875 5658 1974 5725 IIl,
2027 5658 2149 5713 117.
2207 5647 2562 5709 Ludovicum
2596 5650 2810 5715 regem
2860 5657 2991 5702 ann.
3037 5645 3160 5702 858.
3214 5644 3500 5703 Sirmoud.
