3922 6410
489 414 599 481 147

1423 411 1791 477 HL'GONIS
1834 409 2189 473 ABBATIS
2236 408 2944 474 FLAVINIACENSES

3777 415 3875 477 148

488 564 626 609 nere
650 549 972 621 satagebat.
999 548 1303 608 Undecum
1323 546 1609 607 clamores
1632 547 2126 606 aeeclesiarumad
2156 547 2211 606 A
2242 545 2359 603 ries
2395 551 2584 603 tamen
2616 547 2888 605 veritatis
2931 547 3179 620 quodam
3232 548 3576 621 compendio
3604 564 3872 625 expressa

489 641 683 700 sedem
707 642 1070 699 referrentur
1090 639 1493 710 apostolicam,
1509 643 1564 694 et
1582 641 1652 695 ab
1667 654 1731 694 ea
1759 638 2124 707 requirerent

483 729 789 799 justitiam,
818 729 1105 785 Adrianus
1131 728 1390 799 pontifex
1416 727 1686 783 Karolum
1711 728 1969 795 Magnum
1996 732 2128 781 ante

488 832 703 889 corpus
739 819 892 874 beati
943 818 1100 873 Petri
1134 817 1505 879 conveniens,
1543 821 1603 872 ut
1639 817 1827 871 omnia
1876 816 2131 884 corrige-

490 911 713 976 rentur,
755 906 1027 977 Optinuit.
1076 906 1237 961 Unde
1277 905 1546 960 omnibus
1584 904 2042 974 archiepiscop‘s
2073 909 2129 957 et

489 996 786 1067 episcopis
819 994 1015 1050 Galliae
1050 994 1203 1049 misit
1247 992 1557 1063 epistolam
1589 1008 1757 1062 quam
1793 992 1880 1047 hic
1919 1006 2132 1062 pauere

491 1082 877 1151 decrevimus,
904 1083 1343 1139 considerantes
1365 1096 1626 1151 magnam
1650 1082 1703 1135 in
1728 1096 1791 1136 ea
1820 1081 2136 1135 Gallicana-

492 1187 617 1228 rum
633 1173 1028 1229 zeeclesiarum
1046 1171 1457 1227 auctoritatem
1474 1170 1759 1226 contineri
1779 1170 1911 1240 ('53):
1931 1170 2139 1224 Adria-

490 1276 603 1319 nus
616 1264 919 1332 episcopus
940 1276 1145 1318 serens
1167 1274 1465 1315 serroru-m
1491 1261 1621 1321 Dei,
1640 1259 1818 1313 Bert/z
1830 1260 1949 1313 crio
1978 1259 2139 1313 Vien-

490 1353 663 1407 nensi
685 1350 947 1421 episeopo
976 1350 1248 1405 salutem.
1270 1348 1538 1404 Dilectus
1551 1347 1881 1404 etillustris
1907 1361 1976 1402 ac
2000 1346 2140 1401 reli-

487 1439 803 1510 giosus/ili
812 1453 877 1496 us
891 1439 1087 1495 noster
1105 1436 1354 1494 Carolus
1366 1450 1475 1491 rex
1489 1437 1545 1491 et
1544 1436 1772 1506 patrici
1781 1450 1846 1491 us
1862 1437 2143 1490 Romana

491 1544 646 1598 rem,
667 1530 907 1585 Romam
924 1528 1102 1593 cenit,
1122 1527 1409 1596 etpascba
1424 1526 1663 1580 Domini
1679 1524 2141 1593 apudSanetum-

496 1618 740 1674 Petrum
758 1618 1053 1673 nobiscum
1081 1630 1145 1686 eg
1156 1616 1219 1684 it,
1238 1615 1337 1670 ubi
1355 1616 1507 1669 inter
1522 1614 1649 1668 alia
1664 1627 1791 1667 mon
1804 1614 1919 1667 uini
1932 1627 1997 1667 as
2012 1627 2139 1666 eum

497 1707 568 1762 de
591 1706 1179 1776 metropolitanorum
1208 1704 1442 1763 honore.
1466 1703 1521 1758 et
1543 1702 1611 1756 de
1632 1701 1981 1757 ciritatibus
2011 1714 2142 1769 quae

501 1795 677 1851 laicis
698 1793 1034 1850 liominibus
1056 1791 1297 1849 tradita
1317 1791 1518 1855 erant;
1542 1791 1601 1845 et
1618 1790 1767 1859 quia
1788 1790 2140 1859 episcopalis

502 1883 771 1954 dignitas
787 1882 929 1953 fere
947 1896 1056 1951 per
1087 1880 1384 1949 octoginta
1419 1892 1605 1934 annos
1635 1893 1671 1933 a
1700 1878 1953 1933 Francis
1991 1878 2142 1933 esset
2169 1905 2220 1963 Β

501 1971 864 2029 conculcata.
888 1970 1031 2025 Cum
1048 1968 1168 2025 liceo
1180 1967 1406 2023 et/tissi
1415 1968 1585 2021 milia
1602 1966 2140 2036 gloriosusreeaa-

502 2060 704 2123 disset,
728 2060 1016 2130 promisit
1042 2059 1180 2113 ante
1208 2070 1417 2127 corpus
1459 2056 1616 2111 beati
1655 2056 1824 2109 Petri
1866 2056 2139 2124 apostoli,

502 2148 663 2220 guod
698 2149 899 2203 omnia
930 2147 1010 2203 ad
1047 2146 1512 2201 emendationem
1550 2144 1814 2199 nostram
1852 2144 2136 2198 renirent.

507 2237 672 2292 Unde
674 2236 1109 2306 placuitnobis,
1128 2237 1289 2291 utam
1300 2237 1361 2289 ni
1370 2234 1471 2290 bus
1485 2234 1948 2302 archiepismpis
1962 2234 2017 2287 et
2029 2233 2146 2302 epi-

500 2325 1120 2395 scopisauctoritatem
1154 2325 1493 2380 litterarum
1523 2322 1864 2377 nostrarum
1894 2321 2145 2376 mittere-

501 2428 650 2482 mus,
668 2414 901 2469 utsicut
912 2414 1292 2482 antigaispri
1302 2412 1535 2481 ei/egiis
1547 2413 1681 2481 sing
1692 2412 1802 2465 ulle
1817 2410 2147 2479 met/opma-

506 2504 661 2557 tana’
688 2502 862 2557 urbes
878 2502 1166 2572 fundatis
1194 2502 1350 2568 sunt,
1384 2501 1475 2556 ita
1504 2499 1799 2565 maneant,
1834 2499 1902 2552 at
1930 2498 2152 2553 [iubeat

504 2604 878 2661 unaquaque
904 2590 1237 2659 metropolis
1266 2586 1973 2647 ciritatessibisubdi/as,
1994 2601 2146 2654 quas

510 2678 713 2734 beatus
726 2681 833 2734 Leo
853 2680 913 2733 et
928 2694 960 2734 a
972 2678 1043 2733 lii
1052 2679 1488 2749 prodecessores
1512 2678 1939 2732 etsuccessores
1954 2678 1995 2744 ἱ]
2019 2677 2147 2730 sius

498 2766 1171 2838 postC’alcbidonensem
1185 2765 1454 2821 sinodum
1471 2764 1732 2833 singulis
1749 2764 2003 2831 7)!el?‘0[10
2022 2764 2147 2818 ’iia-

504 2853 601 2911 nis
615 2854 917 2910 distinxit.
928 2854 1363 2923 Neqn'opterea
1376 2854 1505 2908 ulla
1518 2852 1701 2907 metro
1701 2866 1773 2921 po
1784 2852 1857 2907 lis
1859 2850 2014 2920 [mei
2024 2865 2057 2904 ιι
2066 2852 2100 2897 ιγ
2106 2853 2149 2906 i-

506 2942 849 3012 ciumpatia
860 2943 1036 3009 tur,si
1056 2942 1243 2996 alicui
1264 2940 1785 3010 sufraganeoruin
1803 2939 1910 2993 aut
1924 2954 2024 2993 nos
2043 2939 2151 2993 aut

500 3031 893 3100 praedecessor
907 3030 1101 3086 noster
1112 3031 1326 3099 rogant
1333 3031 1351 3085 i
1360 3030 1463 3084 bus
1470 3031 1535 3098 pi
1544 3031 1596 3084 is
1608 3028 1969 3083 Francorum
1989 3028 2026 3079 (Ι
2033 3029 2150 3083 uei-

510 3118 615 3175 bus
623 3120 879 3189 pallium
897 3118 1111 3188 largiti
1133 3133 1259 3175 sum
1273 3133 1356 3173 us.
1374 3120 1494 3174 Nec
1510 3117 1944 3173 (lebetlrcclesia
1964 3117 2150 3171 ullum

509 3207 644 3263 dam
639 3222 725 3277 pn
736 3223 829 3263 um
846 3210 943 3263 sui
960 3208 1193 3263 ordinis
1213 3208 1349 3262 inde
1368 3206 1682 3274 sustinere,
1698 3207 1752 3261 si
1765 3220 1869 3275 per
1887 3214 1948 3258 se
1962 3206 2149 3261 ίείίίῖθ

507 3299 693 3355 autso
710 3298 769 3352 et
793 3313 853 3353 eo
883 3297 1140 3368 amplius
1168 3311 1354 3352 annos
1385 3296 1617 3364 injuria
1650 3309 2151 3365 guorumcunzgue

502 3386 819 3457 prasuhun
839 3386 1239 3441 ctrastatione
1263 3384 1651 3441 barbarorzmz
1677 3384 2031 3453 dignitatem
2049 3398 2151 3439 an-

507 3476 737 3544 tiquam
754 3476 1214 3531 etRomanorum
1239 3474 1453 3529 antisti
1461 3474 1482 3527 t
1489 3472 1895 3543 une/irmitate
1916 3473 2153 3528 robora-

508 3564 630 3618 tam
638 3563 920 3633 perdidit
933 3562 1225 3629 etamisit,
1252 3562 1491 3632 quando
1512 3562 1842 3616 innumeris
1857 3575 2028 3630 [πεπρ
2049 3576 2154 3616 an-

506 3651 602 3706 nis
617 3650 730 3704 illa
742 3651 967 3720 spiritu
982 3649 1090 3704 Dei
1106 3649 1385 3718 disponen
1397 3649 1449 3701 te
1465 3647 1800 3717 usafuerit.
1819 3651 1863 3702 Α
1875 3649 2155 3703 ῑιίτίθνίία-

507 3739 562 3794 te
575 3739 766 3809 igitur
786 3738 942 3793 beati
966 3737 1136 3792 Petri
1157 3736 1554 3806 apostolorum
1565 3736 1868 3805 principis
1890 3737 2155 3806 singulis

505 3824 980 3896 metrOpolitanis
994 3824 1164 3893 antig
1175 3838 1242 3878 uo
1255 3837 1409 3878 more
1416 3824 1643 3892 potesta
1653 3824 1761 3877 tem
1774 3838 1942 3879 suam
1958 3825 2155 3880 reda’i-

509 3915 795 3982 dimus,et
810 3914 1019 3985 ﬁlium
1045 3913 1309 3968 nostram
1334 3912 1659 3981 gloriosum
1685 3912 1740 3966 et
1759 3913 2037 3968 inclitum
2066 3927 2156 3969 re-

501 4017 637 4074 gem
651 4002 950 4059 Karolum
972 4002 1109 4057 ante
1128 4014 1339 4070 corpus
1371 4000 1527 4055 beati
1548 4000 1718 4055 Petri
1741 4001 1880 4055 inde
1918 4002 2155 4070 rogari-

504 4105 657 4160 mus,
683 4092 754 4147 ut
771 4091 1089 4160 antiguam
1108 4089 1463 4158 dignitatem
1495 4103 1689 4145 omnes
1712 4090 2155 4160 metropolitani

509 4180 806 4237 baberent.
842 4180 982 4235 Ideo
1005 4177 1159 4235 lianc
1188 4178 1498 4249 epistolam.
1527 4178 1912 4235 auctoritatis
1942 4180 2156 4236 nostris

510 4269 779 4327 omnibus
791 4270 1127 4339 misimus,g
1140 4283 1275 4323 nam
1288 4268 1422 4323 utet
1436 4269 1495 4323 tu
1510 4268 1754 4323 liaberes
1768 4269 1985 4323 roluim
1996 4283 2081 4337 us,
2092 4268 2156 4324 ut

510 4360 569 4415 et
596 4360 661 4415 tu
687 4371 1058 4429 cognosceres
1095 4358 1352 4413 ecclesiae
1390 4357 1502 4412 ture
1530 4371 1701 4413 suum
1730 4357 2147 4427 pririlegium,

506 4449 667 4520 quod
677 4462 714 4503 a
729 4449 979 4517 tempore
993 4446 1149 4502 beati
1160 4459 1340 4516 [rapte
1354 4447 1560 4501 Leonis
1574 4445 1804 4511 habuit,
1829 4446 2057 4514 integre
2070 4460 2154 4502 es-

504 4551 568 4595 se
579 4537 987 4609 reformatam.
1007 4536 1167 4591 Data
1180 4535 1326 4589 Kal.
1343 4536 1463 4589 Jan
1473 4534 1655 4599 uarii,
1672 4535 1892 4602 impera
1902 4549 1933 4588 n
1945 4535 2152 4604 tepiis-

2182 3251 2231 3315 C

2241 635 2551 707 plurimum
2587 638 2996 695 instructionis
3036 640 3299 695 conferat
3330 638 3420 696 ’3‘.

2316 806 2457 875 (Pol.
2486 808 2598 877 54.)
2627 808 2809 878 Igitur
2831 811 3110 866 sacerdos
3134 811 3382 868 eximius
3405 812 3765 886 episcopium
3793 832 3876 887 pa-

2247 895 2450 949 storali
2484 896 2882 953 sollicitudine
2911 900 3223 969 circuiens,
3246 901 3550 957 aecclesias
3583 903 3635 957 in
3672 904 3874 973 quibus

2248 1000 2358 1037 non
2392 990 2559 1039 erant
2594 985 2734 1041 locis
2784 989 3069 1057 extruxit,
3120 989 3346 1045 dirutas
3389 990 3481 1046 vel
3531 992 3877 1049 inveteratas

2247 1074 2624 1141 restauravit,
2644 1074 2963 1131 ministeria
2981 1076 3172 1133 divina
3188 1078 3503 1141 ordinavit,
3520 1080 3723 1151 plebes
3739 1080 3877 1137 salu-

2248 1162 2359 1215 tari
2387 1162 2651 1217 doctrina
2672 1164 2944 1233 edocens,
2968 1172 3025 1221 et
3044 1166 3359 1237 episcopali
3383 1168 3787 1225 benedictione
3808 1186 3879 1226 sa-

2249 1251 2451 1319 crique
2475 1252 2765 1307 crismatis
2788 1255 3059 1309 unctione
3084 1256 3454 1313 confirmans.
3484 1259 3669 1329 Ipsam
3694 1265 3878 1315 autem

2250 1340 2557 1394 ecclesiam
2596 1342 2746 1395 beati
2774 1342 2984 1413 Vitoni,
3012 1344 3107 1400 cui
3132 1350 3264 1399 ante
3294 1351 3626 1417 perceptam
3657 1348 3880 1419 pontifi-

2251 1433 2421 1483 catus
2470 1430 2717 1496 gratiam
2766 1436 2964 1500 pastor
2995 1438 3055 1487 et
3090 1437 3282 1488 rector
3312 1433 3624 1491 institutus
3674 1437 3876 1505 fuerat,

2256 1521 2413 1571 tanta
2438 1534 2664 1588 semper
2682 1519 2997 1576 dilectione
3015 1522 3195 1577 coluit
3217 1527 3275 1578 et
3299 1524 3585 1594 provexit,
3607 1529 3665 1579 ut
3691 1540 3877 1581 curam

2253 1605 2380 1672 ejus
2406 1607 2577 1661 etiam
2611 1614 2840 1679 sumpto
2872 1610 3212 1681 episcopatu
3237 1627 3349 1666 non
3373 1612 3720 1683 dimitteret,
3754 1616 3877 1683 quin

2255 1694 2450 1762 potius
2482 1696 2633 1750 omni
2668 1712 2791 1751 eam
2832 1700 3133 1753 conamine
3166 1703 3221 1753 et
3258 1699 3467 1755 divinis
3513 1700 3879 1758 famulatibus

2254 1780 2540 1837 illustrem
2562 1784 2837 1851 reddidit,
2865 1786 3099 1856 przediis
3123 1803 3350 1858 quoque
3369 1792 3428 1843 et
3450 1788 3880 1846 :ecclesiasticis

2256 1872 2610 1928 utensilibus
2657 1874 2975 1944 ampliavit,
3012 1877 3086 1931 ob
3121 1877 3617 1946 praedecessorum
3650 1893 3879 1934 suorum

2256 1963 2470 2019 ibidem
2507 1963 2934 2032 quiescentium
2969 1966 3194 2020 beatam
3231 1966 3583 2037 memoriam,
3618 1982 3647 2023 a
3682 1969 3882 2038 quibus

2255 2068 2360 2107 nec
2387 2068 2633 2121 corpore
2655 2068 2758 2107 nec
2779 2053 2989 2122 Spiritu
3010 2053 3241 2110 volebat
3266 2055 3537 2126 disjungi,
3563 2057 3662 2112 sed
3687 2056 3880 2113 inloco

2258 2141 2475 2210 requiei
2492 2144 2946 2211 eorumoptabat
2968 2142 3335 2213 conscpeliri.
3363 2144 3684 2214 Deditergo
3707 2146 3878 2201 eidem

2258 2231 2540 2286 mcclcsizc
2572 2231 2641 2285 de
2673 2245 2776 2285 suo
2813 2232 3047 2301 proprio
3087 2233 3331 2287 Raherei
3363 2238 3586 2289 curtem
3620 2236 3737 2306 (54)
3768 2250 3879 2291 cum

2258 2319 2611 2389 appenditiis
2663 2335 2768 2388 pro
2818 2319 3205 2375 tinnulatione
3251 2322 3335 2376 sui
3377 2323 3657 2394 corporis,
3694 2328 3751 2379 et
3786 2323 3878 2378 alia

2261 2407 2556 2479 perplura,
2596 2412 2658 2461 ut
2689 2408 2947 2463 ostendit
2998 2410 3333 2465 chartarum
3384 2411 3608 2466 notitia.
3652 2412 3880 2478 Quidam

2259 2497 2432 2552 etiam
2458 2496 2647 2551 Sartio
2670 2497 2901 2551 nomine
2926 2496 2994 2552 ad
3020 2502 3281 2553 extrema
3306 2499 3562 2570 veniens,
3585 2504 3642 2556 et
3666 2501 3725 2557 in
3749 2502 3883 2556 atrio

2260 2587 2515 2655 praefata:
2539 2585 2821 2641 (ecclesiae
2848 2599 2909 2639 se
2928 2586 3161 2657 sepeliri
3183 2588 3520 2659 deposcens,
3550 2594 3883 2645 testamento

2261 2676 2413 2729 facto
2439 2675 2621 2745 ipsam
2653 2674 2975 2729 mcclesiam
2996 2675 3067 2729 de
3091 2677 3267 2731 rebus
3296 2676 3436 2746 suis,
3475 2692 3618 2747 quas
3644 2678 3885 2749 posside-

2262 2764 2357 2818 bat
2386 2764 2436 2817 in
2468 2779 2612 2834 pago
2635 2763 3020 2831 Virdumuse,
3049 2763 3102 2816 in
3130 2762 3256 2819 loco
3282 2765 3376 2834 qui
3410 2766 3626 2822 dicitur
3650 2768 3750 2837 Ex,
3778 2783 3885 2838 pro-

2265 2855 2392 2920 pter
2418 2850 2653 2905 fluvium
2677 2849 2938 2918 ejusdem
2972 2849 3218 2906 nominis
3252 2851 3463 2906 ibidem
3489 2852 3885 2909 decurrentem

2263 2944 2396 3008 (55‘),
2421 2938 2693 2993 heredem
2718 2937 2999 3006 instituit,
3019 2944 3077 2993 ut
3093 2939 3298 2995 exinde
3319 2944 3557 2997 sanctus
3578 2942 3819 2998 Vitonus
3838 2950 3882 2997 et

2262 3026 2351 3081 hic
2372 3042 2436 3096 pa
2449 3031 2535 3081 ter
2550 3032 2752 3081 noster
2770 3028 2973 3081 beatus
2988 3028 3067 3081 Ma
3078 3026 3318 3084 delveus
3332 3029 3641 3099 episcopus
3655 3031 3880 3101 etabba,

2262 3116 2656 3184 custodesque
2682 3116 2866 3170 sancti
2891 3115 3157 3187 corporis
3191 3117 3438 3173 heredes
3465 3124 3661 3173 essent
3699 3134 3883 3191 perpe-

2266 3205 2367 3260 tui.
2398 3202 2533 3274 (Fol.
2556 3203 2684 3273 54’.)
2712 3205 2886 3273 Cujus
2907 3204 3231 3275 exemplum
3256 3210 3539 3277 sequutus
3553 3212 3610 3262 et
3628 3209 3781 3264 beati
3808 3224 3883 3279 pa-

2266 3296 2374 3347 tris
2406 3294 2577 3363 hujus
2611 3307 2804 3347 amsre
2838 3293 3050 3348 ductus
3083 3294 3469 3365 Grimbertus,
3504 3311 3811 3366 possessor
3837 3302 3881 3349 et

2265 3381 2387 3452 ipse
2416 3382 2571 3436 fundi
2594 3381 2774 3450 ipsius
2798 3388 2851 3434 et
2879 3382 3214 3438 hereditarii
3234 3384 3382 3452 juris
3402 3384 3883 3456 particeps,quid-

2266 3471 2401 3540 quid
2420 3471 2474 3525 in
2491 3469 2691 3524 eodem
2710 3468 2833 3524 loco
2851 3470 3204 3540 possidebat,
3226 3470 3479 3527 basilicae
3505 3475 3694 3529 sancti
3713 3475 3881 3531 Vitoni

2265 3558 2616 3614 condonavit
2653 3558 2706 3611 in
2751 3558 2982 3625 mansis,
3034 3559 3270 3629 campis,
3324 3558 3472 3615 oleis
3520 3560 3653 3632 (56),
3701 3562 3881 3633 pratis,

2268 3648 2521 3717 pascuis,
2540 3647 2808 3715 concisis,
2828 3647 3010 3716 silvis,
3036 3647 3202 3716 aquis
3226 3663 3623 3719 aquarumque
3647 3651 3885 3705 exitibus

2267 3740 2325 3790 et
2358 3736 2724 3790 decursibus.
2764 3735 2867 3799 Qui
2894 3735 3101 3791 exinde
3133 3736 3496 3807 postmodum
3531 3738 3792 3808 precaria
3825 3739 3884 3793 fa-

2264 3829 2380 3893 cta,
2409 3839 2501 3879 res
2532 3824 2689 3893 ipsas
2712 3839 2740 3877 a
2768 3823 2939 3879 beato
2964 3823 3087 3879 viro
3107 3823 3237 3892 jure
3264 3824 3633 3882 beneficiaria
3658 3827 3881 3898 recepit,

2267 3912 2639 3967 denominato
2663 3926 2837 3967 censu
2863 3912 3368 3981 vigintiulibrarum
3394 3911 3504 3968 olei
3538 3913 3785 3984 singulis
3808 3929 3884 3970 an-

2268 4002 2356 4056 nis
2382 4002 2433 4055 in
2464 4000 2782 4056 festivitate
2812 4002 2996 4056 sancti
3030 3999 3221 4071 Vitoni
3262 4000 3334 4055 ad
3374 4000 3680 4059 luminaria
3705 4003 3885 4059 aeccle-

2267 4091 2368 4146 size
2392 4090 2535 4160 ejus,
2563 4090 2617 4143 in
2642 4104 2751 4158 qua
2780 4089 3083 4161 preciosus
3120 4089 3269 4145 idem
3311 4091 3611 4146 confessor
3647 4092 3885 4163 requies-

2266 4180 2365 4249 cit,
2395 4178 2743 4251 przescripto
2773 4178 2944 4233 etiam
2976 4178 3192 4250 Spacio,
3232 4193 3345 4249 quo
3376 4183 3611 4235 sanctus
3639 4194 3708 4236 ea
3732 4181 3884 4237 debe-

2266 4273 2358 4323 ret
2382 4268 2684 4323 meliorata
2700 4267 2982 4337 recipere.
3007 4266 3167 4332 Quod
3185 4271 3597 4323 testamentum
3620 4270 3884 4340 precarize

2269 4358 2475 4412 beatus
2529 4356 2788 4427 pontifex
2818 4360 2873 4410 et
2908 4356 3055 4411 abba
3102 4357 3454 4412 auctoritate
3498 4372 3599 4413 sua
3655 4356 3882 4413 ﬁrmavit

2267 4461 2414 4500 anno
2448 4446 2624 4501 tertio
2657 4446 2816 4513 regni
2852 4444 3215 4500 Karlomanni
3250 4445 3344 4515 qui
3370 4446 3478 4501 fuit
3510 4447 3689 4501 frater
3711 4446 3881 4502 Karoli

2267 4534 2469 4605 Magni,
2504 4536 2596 4590 die
2631 4533 2867 4590 Kalend.
2897 4533 3031 4589 Julii
3065 4548 3212 4589 anno
3238 4534 3308 4588 ab
3335 4533 3445 4589 inc.
3481 4535 3638 4590 Dom.
3662 4540 3786 4605 770,
3817 4536 3883 4590 in-

500 4607 916 4695 simoaagusto
952 4623 1341 4681 Constantino
1355 4636 1508 4678 anno
1543 4623 1782 4690 decimo,
1814 4623 2050 4679 etaDeo
2064 4637 2151 4678 co-
2178 4607 2233 4668 D
2267 4623 2518 4679 dictione
2536 4630 2586 4680 8.
2618 4625 2882 4679 Ceterum
2910 4623 3216 4693 Aquitania
3242 4623 3571 4679 sanctitatis
3593 4624 3722 4694 ejus
3744 4637 3883 4679 acce-

501 4715 713 4771 ronato
724 4715 1005 4785 piissimo
1017 4726 1155 4783 rege
1165 4713 1395 4768 Karolo
1409 4726 1565 4767 anno
1572 4712 1772 4783 primo
1782 4712 2151 4783 patritiatus

506 4804 655 4873 ejus.

577 4892 711 4946 Haec
735 4888 915 4957 igitur
939 4902 1044 4944 nos
1066 4888 1137 4945 ad
1162 4886 1666 4944 commonitionem
1692 4889 2054 4945 audientium
2080 4890 2150 4945 de

507 4994 649 5053 pace
678 4977 1057 5034 ecclesiarum
1090 4976 1189 5032 Dei
1221 4978 1329 5032 sub
1362 4976 1607 5048 Pippino
1638 4982 1696 5031 et
1726 4977 1932 5033 Karolo
1982 4979 2155 5033 resti-

508 5073 633 5124 tuta
660 5066 883 5123 dixisse
907 5066 1172 5121 suillciat.
1213 5066 1408 5134 Neque
1436 5065 1587 5119 enim
1614 5064 1668 5120 id
1694 5065 1954 5121 additum
1988 5068 2149 5137 operi

509 5155 639 5212 huic
659 5155 715 5211 in
739 5153 910 5211 laude
931 5153 1115 5225 patris
1136 5152 1322 5207 nostri
1345 5152 1617 5208 fidelibus
1637 5153 2001 5210 fastidiosum
2025 5171 2154 5227 spe-

511 5257 726 5314 ramus,
749 5243 805 5300 in
831 5257 943 5314 quo
966 5241 1095 5298 etsi
1122 5255 1314 5298 sermo
1345 5239 1520 5295 nichil
1544 5241 1807 5298 conferat
1828 5244 2035 5314 gratio,
2065 5259 2155 5300 se-

2265 4713 2347 4784 pit
2376 4712 2679 4782 magnalia,
2711 4712 2865 4768 illius
2881 4726 3017 4782 sepe
3037 4711 3619 4781 gressibuslustrata,
3646 4711 3881 4769 lacrimis

2264 4801 2471 4869 rigata,
2499 4800 2782 4857 doctrinis
2816 4802 3110 4869 roborata,
3136 4804 3192 4855 et
3227 4798 3524 4856 miraculis
3553 4800 3875 4871 glorificata.

2264 4890 2484 4960 (Βεητ.)
2518 4890 2632 4944 Βιε
2658 4889 2891 4960 quippe,
2920 4903 3064 4959 quas
3097 4889 3479 4945 Virdunensis
3509 4888 3773 4947 aacelesia
3803 4902 3880 4943 an-

2262 4978 2512 5049 tiquitus
2536 4977 2589 5032 in
2614 4978 2738 5049 ipsa
2782 4978 3017 5047 regione
3038 4976 3319 5049 possedit,
3343 4978 3682 5048 frequenter
3710 4977 3880 5033 visita-

2264 5068 2383 5136 bat,
2409 5071 2466 5121 et
2492 5066 2653 5122 Vitas
2684 5081 2788 5123 seu
2821 5066 3099 5123 miracula
3136 5068 3635 5138 praedecessorum
3669 5080 3876 5124 suorum

2265 5155 2603 5228 pontificum
2625 5171 2820 5212 secum
2846 5157 3089 5226 ferebat,
3116 5160 3174 5212 ut
3196 5171 3300 5227 per
3319 5156 3553 5213 illorum
3576 5156 3777 5212 merita
3800 5167 3877 5209 res

2265 5244 2398 5302 illas
2430 5244 2672 5303 liberius
2702 5244 3053 5318 possideret,
3081 5243 3170 5302 vel
3199 5245 3554 5318 pageusibus
3587 5242 3875 5304 dominatio

1864 5341 2099 5397 VARUS
2142 5344 2540 5399 LECTIONES.

578 5425 647 5462 ²³¹
676 5428 992 5485 Revertere
1025 5428 1094 5485 ad
1127 5429 1456 5501 posteriora
1491 5433 1545 5487 et
1581 5427 1734 5500 quod
1763 5428 2033 5487 dimisisti
2066 5435 2266 5502 repete
2297 5446 2344 5487 c.
2381 5431 2447 5488 in
2464 5445 2657 5503 marg.

2095 5518 2321 5576 NOTIE.

605 5656 694 5714 56)
727 5656 1020 5714 Riecourt.

580 5586 695 5799 353;
725 5582 903 5665 Mansi
933 5589 974 5640 t.
1007 5586 1121 5659 XII,
1152 5603 1207 5660 p.
1244 5588 1364 5645 847.

605 5660 673 5712 54
727 5658 1020 5714 Riecourt.

605 5731 670 5785 δῦ
726 5730 949 5797 Axona,
984 5731 1045 5785 ut
1075 5729 1329 5786 videtur.

605 5731 670 5785 δῦ

726 5730 949 5797 Axona,
984 5731 1045 5785 ut
1075 5729 1329 5786 videtur.

2334 5591 2445 5664 (:56)
2477 5590 2632 5659 Olea,
2658 5603 2841 5664 germ.
2869 5589 3021 5662 escit,
3046 5592 3223 5649 terrae
3247 5590 3438 5664 portio
3460 5591 3703 5650 arabilis
3726 5588 3871 5647 fossis

2260 5662 2351 5718 vel
2382 5660 2625 5735 sepibus
2655 5660 2901 5718 inclusa.
