3922 6430
252 337 365 403 149

1430 343 1924 411 CHRONICON.
1969 378 2049 395 -
2091 348 2243 412 LIB.
2293 348 2340 412 Ι.

3537 359 3649 423 150

244 475 460 550 carior,
485 475 752 549 subjecto
779 483 936 538 esset
958 477 1250 540 humilior.
1287 481 1542 542 Fuerunt
1562 488 1755 541 autem
1797 494 1893 541 res
1921 476 1980 544 A
2008 480 2264 545 dictione
2295 492 2353 545 et
2374 485 2528 563 data,
2549 488 2668 550 exit
2696 504 2882 553 novus
2903 491 3197 567 hospesin
3221 493 3417 555 cordis
3436 493 3647 555 letitia.

246 567 374 625 ista:
410 587 422 622 :
466 567 700 625 abbatia
728 569 914 626 sancti
946 570 1198 627 Amantii
1231 571 1287 627 iu
1318 572 1568 630 Rotenia
1606 575 1749 630 urbe
1780 575 1892 646 (57)

244 674 376 718 cum
411 658 790 732 appendiciis,
839 660 1014 718 fiscus
1046 662 1219 719 etiam
1252 663 1446 733 regius
1476 664 1892 734 Maderniacus,

247 752 307 805 et
324 747 474 805 alius
494 748 829 806 Puliniacus
844 752 1094 822 nomine,
1114 752 1312 808 donati
1328 753 1681 811 servitorum
1705 754 1893 812 sancti

248 836 407 893 Petri
437 842 498 894 et
527 837 717 893 sancti
746 838 937 895 Vitoni
982 840 1184 898 usibus
1216 842 1401 913 ipsius
1460 843 1612 900 beati
1647 843 1893 899 Amantii

249 924 560 995 largitione
586 926 719 999 (58).

321 1013 462 1085 (Fol.
488 1018 557 1072 54
576 1017 643 1073 in
661 1019 882 1090 marg.)
909 1020 1070 1075 Anno
1089 1032 1229 1076 vero
1250 1018 1637 1078 ordinationis
1660 1036 1780 1078 suae
1808 1026 1891 1091 t3,

252 1103 350 1174 qui
381 1110 510 1160 erat
539 1105 653 1161 inc.
684 1108 826 1163 Dom
876 1110 998 1176 765,
1034 1107 1228 1165 delata
1261 1114 1398 1165 sunt
1444 1110 1516 1165 ab
1546 1109 1689 1166 urbe
1718 1111 1894 1167 Roma

248 1205 355 1263 per
383 1192 773 1250 venerabilem
806 1194 1250 1264 Grodegandum
1308 1198 1643 1254 Mettensem
1677 1198 1897 1254 archie-

248 1278 553 1351 piscopum
577 1296 824 1354 corpora
856 1286 1191 1340 sanctorum
1236 1286 1530 1355 Gorgonii,
1559 1287 1805 1342 Naboris
1836 1291 1896 1341 et

246 1367 498 1440 Nazarii,
525 1383 554 1426 a
580 1384 922 1428 successore
949 1372 1221 1443 Stephani
1253 1375 1431 1430 Paulo
1455 1389 1602 1447 papa
1629 1375 1740 1430 sibi
1764 1390 1898 1431 con-

247 1470 416 1513 cessa
471 1471 623 1515 nono
679 1463 932 1531 papatus
962 1461 1050 1517 sui
1102 1476 1270 1532 anno,
1303 1468 1362 1518 et
1419 1463 1684 1534 sequenti
1743 1477 1894 1520 anno

251 1546 499 1616 uterque
525 1545 778 1603 decessit
810 1562 839 1602 a
863 1548 1063 1605 seculo
1086 1550 1401 1606 indictione
1427 1552 1650 1621 quinta,
1675 1556 1732 1608 et
1757 1552 1898 1608 Gro-

252 1632 554 1702 degandus
584 1635 640 1690 in
674 1638 1045 1706 monasterio,
1072 1638 1224 1709 quod
1249 1640 1452 1696 Gorzia
1478 1640 1712 1709 dicitur,
1742 1642 1893 1711 quod

252 1719 378 1792 ipse
399 1726 838 1795 construxerat,
870 1726 1197 1783 tumulatus
1216 1731 1532 1783 veneratur
1562 1728 1657 1783 ubi
1692 1733 1892 1799 postea

2079 595 2339 675 fulcitur
2370 598 2593 675 cuneis,
2630 613 2777 675 quos
2806 600 2988 675 nectit
3014 615 3174 657 amor
3196 601 3473 675 pietatis.-

2079 669 2278 744 fletus
2301 684 2399 744 ora
2427 669 2635 740 rigant,
2652 669 2959 740 Singultus
2978 669 3218 743 pectora
3241 678 3536 744 quassant.

2069 739 2191 815 ιῖιυι
2208 755 2262 810 pl
2274 739 2734 815 u_s,ipse’gregem
2750 739 3139 815 prospectans
3154 739 3292 801 ﬂere
3308 748 3649 815 sequentem

2079 811 2402 885 Qompulit,
2429 816 2492 868 ut
2516 811 2797 885 redeant;
2824 811 2906 885 illi
2933 814 3252 873 ferventius
3285 811 3527 885 instant,

2078 881 2188 937 Ora
2224 881 2540 954 manusque
2556 884 2733 956 pedes
2747 884 3404 959 stringunt,mulcetque
3419 881 3622 958 gemen
3636 917 3653 932 ι

2080 1024 2474 1093 Ingeminatur
2498 1044 2510 1081 :
2534 1026 2672 1096 Ave,
2705 1027 2912 1096 Salve,
2942 1027 3234 1098 Felisque
3263 1028 3477 1085 valeto.
3501 959 3614 1030 [tes
3636 1001 3652 1026 ’

2005 1131 2227 1202 Vixque
2261 1136 2393 1203 post
2447 1132 2568 1188 haec
2601 1132 2801 1188 multis
2855 1134 3128 1204 precibus
3180 1132 3416 1206 elapsus
3448 1149 3648 1192 eorum

2008 1221 2293 1290 manibus,
2313 1220 2522 1277 iterum
2539 1220 2727 1276 firmat
2749 1235 2852 1277 eos
2872 1221 3396 1291 benedictionibus,
3413 1236 3653 1281 monens

2006 1313 2061 1364 et
2098 1309 2420 1379 deprecans
2453 1309 2761 1366 sollicitius
2793 1310 3005 1366 divinis
3036 1309 3345 1381 invigilare
3367 1311 3648 1384 cultibus,

2007 1412 2071 1453 ac
2103 1397 2421 1453 animarum
2455 1397 2702 1454 salutem
2726 1413 2973 1469 querere
2999 1400 3370 1471 propensius.
3399 1400 3490 1457 Sic
3509 1404 3654 1457 tam-

2006 1486 2133 1542 dem
2185 1502 2285 1542 cos
2334 1486 2743 1543 commendans
2796 1488 3056 1555 Domino,
3115 1488 3384 1558 graditur
3438 1503 3652 1561 aggere

2007 1574 2260 1646 publico,
2297 1576 2481 1632 fretus
2509 1576 2610 1631 Dei
2660 1575 2896 1632 auxilio.
2931 1578 3134 1648 Itaque
3191 1592 3424 1635 emensa
3455 1578 3651 1637 nativa

2009 1662 2189 1720 Gallia
2223 1669 2354 1735 post
2386 1678 2590 1736 aspera
2623 1679 2686 1721 ac
2721 1665 2887 1722 devia
2913 1665 3142 1738 Alpium
3176 1666 3385 1723 itinera
3417 1668 3650 1741 excepit

2008 1767 2137 1808 eum
2174 1752 2357 1823 Italia,
2387 1753 2684 1810 deducens
2717 1755 2951 1811 Romam
2984 1754 3383 1827 apostolorum
3415 1756 3609 1813 limina
3636 1775 3650 1823 ;

250 1809 504 1881 positum
518 1814 606 1867 est
631 1826 847 1884 corpus
861 1815 1049 1870 sancti
1064 1814 1334 1885 Gorgonii
1356 1831 1504 1872 anno
1524 1818 1856 1887 postobitui

2075 1842 2105 1896 ll
2142 1855 2246 1913 per
2267 1840 2499 1898 diversa
2525 1847 2842 1913 martyrum
2864 1843 3150 1899 cimiteria
3175 1858 3427 1914 querens
3447 1846 3656 1903 oratio-

248 1896 376 1967 ejus
426 1904 657 1970 quarto,
699 1900 975 1958 videlicet
1011 1916 1158 1958 anno
1186 1905 1257 1959 ab
1291 1904 1402 1959 inc.
1458 1906 1617 1960 Dom.
1651 1906 1776 1977 768,
1810 1921 1895 1962 re-

246 1986 565 2055 gnantibus
581 1987 697 2057 jam
722 1993 853 2061 post
876 1990 1182 2062 Pippinum
1209 1992 1345 2049 filiis
1364 1992 1492 2062 ejus
1511 1992 1893 2051 Karlomanno

249 2075 307 2129 et
329 2073 399 2129 Ca
409 2072 567 2145 rolo(
579 2076 812 2135 Transl.
842 2078 1165 2150 Gargonii?
1188 2081 1268 2135 Cf.
1290 2081 1506 2138 Amzal.
1524 2081 1893 2155 Fuldenses.)

322 2161 463 2230 (F01.
488 2162 620 2237 54’.)
642 2166 782 2223 Dum
798 2166 1599 2241 igiturmultiplicivirtutum
1621 2170 1895 2240 ﬂagraret

250 2248 565 2323 desiderio,
623 2254 829 2312 incidit
859 2258 910 2312 ei
957 2258 1238 2327 cogitatio
1270 2259 1341 2315 ad
1391 2257 1723 2329 sepulcrum
1759 2259 1892 2315 vita

250 2338 535 2411 principis
563 2342 1005 2401 Jherosolimam
1041 2360 1284 2416 pergere
1310 2346 1754 2417 peregrinando.
1794 2349 1892 2403 Fe-

250 2427 489 2484 stinavit
522 2429 717 2502 itaque
746 2431 989 2502 implere
1012 2434 1338 2490 voluntaria
1369 2434 1707 2505 exibitione,
1736 2437 1889 2505 quod

247 2520 440 2571 mente
469 2520 738 2591 concepit
761 2519 954 2576 divina
988 2521 1388 2593 inspiratione.
1425 2523 1683 2595 Dumque
1716 2524 1769 2579 in
1793 2525 1891 2580 ad-

248 2602 679 2662 ministratione
708 2606 934 2665 itineris
956 2610 1287 2666 necessaria
1312 2625 1539 2681 queque
1572 2612 1891 2683 praeviden-

246 2693 365 2761 tur,
400 2692 740 2765 principalis
769 2696 1038 2753 aecclesia
1067 2698 1323 2768 peccatis
1363 2698 1733 2769 exigentibus
1762 2702 1892 2771 igne

245 2781 706 2851 apprehenditur
756 2799 823 2841 ac
874 2786 1137 2843 seviente
1193 2787 1459 2844 incendio
1514 2789 1891 2847 succenditur

245 2867 462 2941 [Bent]

314 2995 897 3073 [urbanturplebes
933 2998 1223 3057 tolluntur
1263 3001 1332 3073 ad
1354 3003 1553 3058 ethera
1588 3016 1782 3073 voces,

314 3065 472 3123 Unus
494 3066 550 3122 in
583 3065 729 3124 urbe
762 3065 947 3139 dolor,
983 3072 1306 3128 communis
1324 3073 1556 3129 civibus
1586 3065 1815 3130 horror.

2008 1944 2143 1987 num
2190 1929 2506 2001 juvamina,
2568 1932 2937 2002 pernoctavit
2967 1931 3297 2002 vigiliarum
3352 1934 3652 2006 instantia,

2009 2021 2373 2091 frequentius
2386 2022 2538 2077 beati
2554 2021 2713 2077 Petri
2733 2021 2995 2078 revisens
3012 2022 3290 2079 oratoria.
3309 2023 3652 2082 Presidebat

2005 2124 2074 2166 eo
2105 2114 2369 2181 tempore
2392 2111 2665 2166 Romanae
2687 2109 2950 2167 ecclesiis
2975 2109 3284 2182 Adrianus,
3312 2112 3399 2167 vir
3423 2117 3655 2185 aposto-

2004 2196 2176 2268 licus,
2212 2199 2304 2254 cui
2338 2199 2651 2256 uunciatus
2700 2202 2790 2256 est
2841 2199 3171 2257 Madelveus
3218 2201 3653 2259 sacratissimus

2005 2287 2368 2358 peregrinus.
2397 2288 2649 2358 Benigne
2679 2293 2765 2344 est
2799 2289 2871 2344 ab
2899 2304 2968 2344 eo
2991 2293 3320 2361 susceptus,
3351 2290 3655 2360 benignius

2003 2375 2212 2432 diebus
2245 2376 2446 2433 multis
2477 2381 2761 2446 retentus,
2805 2377 3218 2447 benignissime
3254 2379 3496 2449 probata
3530 2379 3655 2447 ejus

2001 2465 2305 2521 voluntate
2360 2481 2489 2521 cum
2540 2464 2861 2536 apostolica
2897 2466 3299 2522 benedictione
3358 2467 3652 2524 dimissus.

1999 2555 2402 2623 Pretergressa
2418 2568 2557 2624 ergo
2573 2554 2792 2611 Nursim
2808 2554 3423 2627 provincias,suscepit
3445 2570 3657 2616 novum

2001 2643 2287 2715 hospitem
2342 2642 2670 2714 Campania,
2705 2658 2874 2713 quem
2906 2643 3117 2699 exinde
3178 2645 3441 2717 amplexa
3472 2650 3564 2703 est
3598 2647 3653 2703 in

2004 2733 2267 2801 Gargano
2292 2730 2624 2801 archangeli
2649 2731 2938 2788 aecclesia.
2978 2732 3155 2804 Cujus
3178 2748 3282 2804 pro
3309 2733 3533 2791 foribus
3558 2734 3657 2791 ali-

2003 2820 2579 2892 quantisexcubans
2627 2820 2922 2891 noctibus,
2958 2822 3326 2878 confortatur
3374 2821 3654 2892 angelicis

2001 2909 2526 2979 consolationibus,
2554 2908 2919 2965 exbilaratur
2942 2910 3153 2966 divinis
3174 2910 3649 2970 revelationibus.

2002 2997 2449 3055 Prestolabatur
2471 3011 2599 3053 eum
2619 2997 2880 3066 gaudens
2904 2997 3177 3069 Appulia,
3205 2997 3481 3069 vulgante
3507 2999 3654 3057 fama

2001 3087 2129 3158 ejus
2149 3086 2482 3143 sanctitatis
2504 3085 2773 3155 insignia;
2802 3098 2969 3155 quem
3000 3090 3064 3141 ut
3095 3086 3261 3155 vidit,
3288 3087 3493 3143 mirata
3525 3102 3656 3158 pro-

242 3188 399 3247 Tunc
431 3204 592 3248 mens
646 3191 923 3249 Madelvei
956 3193 1010 3248 in
1072 3194 1303 3251 diversa
1340 3196 1585 3268 rapitur,
1644 3198 1892 3270 spiritus
1925 3186 1973 3250 C
2004 3174 2430 3270 ClamaVi‘tme
2454 3173 3363 3270 Psalmif’ftajS’C?t““divim“3
3382 3176 3473 3270 ξία
3495 3176 3655 3233 θίυί⁹

244 3277 536 3349 anxiatur,
570 3293 789 3351 corque
823 3281 1113 3339 turbatur.
1140 3282 1387 3339 Tandem
1420 3285 1477 3340 in
1509 3300 1569 3342 se
1595 3300 1887 3357 reversus,

244 3364 521 3437 illiusque
538 3381 757 3424 memor
770 3368 1064 3440 proverbii
1084 3371 1237 3430 :Nan
1249 3372 1600 3443 estmagaus
1610 3387 1895 3445 magnum

228 3454 463 3526 putans
484 3455 644 3528 quod
664 3457 860 3514 ruant
885 3457 1055 3529 ligna
1088 3460 1149 3516 et
1181 3458 1431 3531 lapides,
1477 3462 1540 3519 et
1552 3463 1894 3522 moriuntur

240 3543 547 3614 mortales,
580 3545 904 3617 temporale
935 3546 1245 3617 dampnum
1281 3550 1572 3620 patienter
1631 3550 1789 3622 tulit,
1825 3566 1893 3609 ac

242 3629 447 3688 statim
461 3631 517 3687 in
532 3631 831 3689 meliorem
846 3638 1064 3691 statum
1090 3649 1364 3707 reparare
1390 3637 1667 3694 fabricam
1686 3638 1887 3709 jussit.

246 3719 640 3776 Conventione
665 3735 838 3793 porro
863 3721 1012 3778 facta
1037 3737 1165 3779 cum
1191 3724 1541 3796 artificibus,
1572 3725 1894 3799 deputatis-

245 3821 358 3879 que
381 3807 751 3880 custodibus,
776 3813 836 3866 et
857 3809 1146 3867 ordinatis
1166 3812 1516 3871 necessariis
1537 3815 1886 3887 sumptibus,

243 3895 473 3968 suadet,
508 3902 783 3969 precatur
827 3898 1189 3970 imperatque
1218 3915 1365 3972 opus
1408 3901 1680 3959 inchoare
1711 3910 1893 3960 matu-

240 3985 383 4056 rius,
420 3986 754 4043 accelerare
785 3987 1092 4057 attentius,
1121 3988 1358 4060 explere
1383 3989 1743 4060 diligentius.

313 4110 413 4167 llis
462 4111 544 4167 ita
575 4108 812 4168 collatis
833 4110 1007 4169 datur
1034 4110 1348 4168 alternatio
1379 4113 1550 4170 votis.

311 4233 393 4303 (Β.
417 4234 569 4307 780.)
599 4228 1015 4305 Ρνδερενθηῐιιιι
1046 4239 1315 4307 sumptus
1342 4250 1408 4292 ac
1439 4235 1705 4294 vehicula
1726 4244 1893 4296 tanto

237 4324 434 4381 itineri
473 4322 830 4393 necessaria,
857 4322 1156 4392 eliguntur
1187 4324 1432 4382 comites
1455 4339 1650 4383 amore
1677 4327 1892 4385 Christi

240 4413 563 4482 ferventes,
601 4411 659 4467 in
684 4411 986 4483 prosperis
1016 4410 1285 4483 humiles,
1312 4412 1367 4468 in
1391 4413 1654 4472 adversis
1688 4416 1887 4474 fortes.

245 4501 424 4572 (790.)
458 4500 641 4557 Favor
664 4497 1097 4571 metropolitani
1122 4501 1408 4572 queritur,
1443 4516 1721 4560 assensus
1743 4519 1895 4562 com-

2005 3266 2203 3323 dz’mus
2234 3264 2424 3335 (Psal.
2451 3278 2618 3332 xuvu,
2651 3265 2726 3335 9).
2751 3264 2889 3319 Post
2915 3263 3146 3319 diversa
3172 3267 3366 3319 autem
3391 3263 3652 3321 locorum

2005 3352 2352 3410 diverticula
2376 3352 2606 3424 pontica
2633 3353 2745 3423 (59)
2770 3351 3097 3421 ingreditur
3122 3351 3340 3407 littora.
3367 3353 3507 3410 Hinc
3532 3357 3653 3411 tur-

2008 3441 2126 3499 bidi
2158 3442 2455 3497 imminent
2502 3441 2735 3511 ﬂuctus,
2790 3439 3103 3511 procellosi
3135 3445 3450 3498 occurrunt
3484 3442 3652 3514 spiri-

2006 3536 2122 3588 tus.
2158 3530 2495 3601 Suscipiunt
2532 3528 2883 3585 Madelveum
2916 3528 3248 3600 pontificem
3284 3529 3651 3600 peregrinum

2008 3620 2124 3676 vita
2159 3618 2516 3688 religiosum,
2553 3617 2882 3673 innocentia
2915 3617 3257 3687 gloriosum.
3281 3617 3388 3674 Dat
3418 3617 3654 3675 naulum

2006 3707 2257 3778 navigio,
2292 3707 2539 3762 credens
2568 3720 2630 3761 se
2666 3706 2843 3762 maris
2884 3705 3165 3777 periculo.
3204 3710 3404 3776 pastus
3433 3706 3653 3764 caelesti

2008 3795 2321 3853 sacriﬁcio.
2378 3793 2711 3849 Protclatur
2744 3794 3036 3863 navigatio
3086 3793 3397 3850 multorum
3432 3793 3652 3850 dierum

2010 3883 2325 3941 curriculo.
2348 3884 2528 3938 Instat
2545 3881 2823 3938 sacerdos
2836 3881 3655 3953 praedicationibus,informat

2008 3977 2219 4031 nautas
2249 3971 2539 4029 doctrinis
2565 3970 2946 4027 salutaribus.
2976 3970 3520 4040 Continuisjejunat
3543 3970 3660 4025 die-

2008 4063 2137 4133 bus,
2164 4061 2385 4132 vigiliis
2403 4064 2712 4133 pernoctat
2736 4064 2795 4116 et
2817 4058 3203 4116 orationibus.
3240 4061 3377 4115 Cum
3404 4074 3540 4115 vero
3563 4058 3655 4115 die

2007 4150 2253 4221 quadam
2313 4152 2614 4204 assuetum
2674 4151 2865 4205 nautae
2929 4147 3305 4203 concinerent
3373 4146 3652 4215 celeuma,

2005 4235 2472 4308 garrulitateque
2488 4239 2929 4306 perstreperent
2949 4234 3534 4308 nautica,tempestas
3547 4234 3660 4291 ori-

2002 4331 2103 4384 tur
2135 4323 2638 4397 repentina.Navis
2656 4328 2850 4379 autem
2874 4323 3430 4393 mediisjactabatur
3464 4323 3652 4381 tlucti-

2010 4417 2141 4487 bus;
2177 4414 2415 4484 suisque
2446 4412 2786 4469 solvebatur
2809 4412 3206 4483 compagibus.
3231 4412 3499 4469 Turbatis
3521 4427 3658 4467 cun-

2008 4510 2235 4563 ctorum
2269 4502 2498 4571 animis,
2525 4501 2716 4557 ablata
2749 4513 2853 4572 spe
2871 4499 3101 4570 salutis,
3129 4499 3251 4557 sola
3283 4502 3524 4557 suberat
3548 4500 3658 4555 for-

240 4587 697 4663 provincialium
745 4588 1153 4661 episcoporum
1207 4590 1449 4662 petitur,
1484 4606 1591 4648 nec
1625 4598 1891 4662 negatur.
1924 4576 1977 4637 D
2009 4594 2163 4651 mido
2195 4590 2422 4648 mortis.
2460 4588 2601 4659 (Fol.
2649 4587 2779 4661 55’.)
2811 4590 2965 4645 Tunc
3014 4589 3226 4661 prrcsul
3257 4588 3653 4659 beatissimus,

242 4677 399 4750 (F01.
438 4674 570 4749 55’.)
611 4676 943 4734 Tristantur
987 4678 1157 4734 tamti
1182 4676 1250 4710 ²³²
1279 4673 1571 4750 comparis
1604 4681 1892 4753 absentia,

158 4822 173 4827 -
242 4767 509 4824 letantur
566 4765 639 4822 de
691 4766 819 4836 ejus
867 4766 1120 4837 justitia,
1182 4773 1499 4839 precantur
1552 4767 1636 4824 illi
1695 4771 1898 4828 adesse

242 4855 461 4913 Christi
514 4856 908 4928 praesentiam,
971 4870 1084 4911 non
1149 4855 1347 4913 defore
1395 4857 1649 4929 Spiritus
1705 4849 1897 4917 sancti

244 4945 515 5016 gratiam.
554 4944 1023 5002 Benedictionem
1066 4946 1506 5017 rogantrogati,
1531 4946 1902 5007 salutantsa-

253 5033 446 5092 lutati.
480 5034 692 5091 Eorum
725 5032 953 5091 demum
999 5035 1247 5091 consilio
1288 5034 1596 5092 ordinatur
1627 5035 1894 5100 acclesia,

250 5120 693 5180 commendatur
739 5123 906 5196 plebs
953 5123 1277 5181 commissa.
1344 5124 1433 5181 Sic
1465 5130 1704 5197 accepta
1734 5126 1903 5183 bene-

2009 4693 2125 4739 non
2145 4684 2307 4737 sorte
2330 4678 2601 4735 detectus
2624 4676 2972 4734 velutJonas
2998 4676 3295 4747 fugitivus,
3314 4677 3412 4733 sed
3441 4677 3658 4733 sancti-

2011 4778 2133 4829 tate
2165 4768 2541 4840 conspicuus,
2575 4767 2669 4823 cui
2693 4767 2977 4838 probatus
2996 4764 3219 4821 Domini
3245 4780 3471 4837 servus,
3497 4779 3659 4822 voce-

2011 4858 2263 4918 omnium
2296 4859 2537 4925 rogatus
2585 4853 2778 4926 pulsat
2821 4851 3027 4911 caelum
3074 4851 3452 4923 singultibus,
3484 4857 3658 4909 vocat

2014 4947 2307 5004 Christum
2339 4942 2672 5014 gemitibus.
2709 4941 2846 4999 Ilico
2879 4941 3083 5000 calum
3108 4940 3235 5011 ejus
3267 4941 3454 5012 patuit
3478 4940 3656 5012 preci-

2015 5039 2140 5106 bus,
2174 5039 2230 5091 et
2265 5032 2454 5090 oratio
2503 5031 2575 5088 ad
2606 5020 2892 5103 supernos
2935 5030 3204 5103 pervenit
3249 5028 3503 5086 auditus.
3540 5030 3655 5086 Nec

2014 5139 2194 5195 mora,
2214 5123 2366 5181 acris
2379 5121 2667 5179 serenitas
2681 5119 2971 5192 marisque
2990 5119 3143 5176 redit
3168 5117 3566 5189 tranquillitas
3590 5133 3655 5175 ac

1613 5251 1850 5308 VARIJE
1891 5251 2085 5308 LECTI
2093 5251 2184 5307 ON
2189 5250 2289 5307 ES.

323 5332 391 5368 ²⁸²
422 5335 501 5392 ita
533 5335 735 5394 codex.

1834 5427 2057 5486 ΝΟΤᾹΞ.

325 5529 415 5597 (57
469 5528 725 5587 Rbodez.

328 5531 442 5678 (ἥδ)
490 5602 652 5678 Anno
679 5602 805 5678 952,
862 5598 1091 5678 demum
1144 5600 1901 5678 Bereugarius_episcopus

248 5670 636 5731 Virdunensis
679 5670 1007 5729 VitOnianis
1052 5671 1205 5730 bona
1240 5670 1501 5743 quédam
1536 5674 1588 5731 S.
1625 5670 1896 5733 'Amantii

2007 5531 2500 5617 chartadonavit,
2562 5542 2731 5605 quam
2778 5528 2901 5602 ipse
2953 5528 3117 5598 Hugo
3166 5525 3314 5585 infra
3346 5526 3656 5584 intextum

2010 5609 2255 5677 recepit.
2522 5672 2534 5684 ο

2083 5675 2196 5747 (59)
2227 5678 2268 5733 Ι.
2305 5689 2356 5733 e.
2392 5685 2631 5732 marina.
