3922 6418
309 297 417 360 151

1265 309 1631 376 HUGONIS
1674 315 2022 380 ABBATIS
2066 319 2754 386 FLAVINIACENSIS

3603 331 3744 395 152

308 453 630 512 animorum
658 454 1015 526 jocunditas.
1049 455 1187 512 Inde
1219 456 1552 514 Bizanteum
1592 456 1846 516 letantes
1877 462 1959 515 te-
1986 458 2041 520 A
2073 455 2211 515 tuus
2238 458 2303 516 in
2331 458 2525 516 ortum
2557 472 2750 528 suum,
2775 459 3104 520 etcameiat
3118 461 3741 538 fructumpomorum

309 551 559 604 nuerunt
597 550 844 617 portum.
879 547 1586 620 Constantinopolitanum
1611 549 1664 604 in
1693 549 1808 606 illis
1839 551 1957 608 die-

2068 558 2344 618 suorum;
2366 549 2496 604 leca
2515 549 2644 619 ejus
2655 547 2762 606 sub
2783 551 2976 621 capite
2991 551 3173 620 tuo,et
3184 552 3430 610 dextera
3443 556 3574 626 ejus
3593 570 3743 614 am»

312 636 421 693 bus
452 637 689 704 regebat
741 635 1044 696 imperium
1096 637 1512 694 Constantinus
1541 654 1670 694 cum
1731 640 1955 710 Hyrene
2057 635 2507 705 plexeturteJli
2557 636 3052 710 dietis[Bunr.]12
3085 638 3396 697 multorum
3423 643 3744 712 pretiosas

312 729 518 786 matre,
543 725 597 779 in
632 724 1055 781 rebushellicis
1083 727 1718 785 strenuusincu'tibus
1743 728 1958 787 divinis

313 815 745 872 devotissimus.
803 815 906 872 Ilic
935 817 1230 888 acc’picns
1252 817 1470 882 justum
1509 819 1818 875 advenisse
1849 821 1957 876 Ma-

312 903 598 972 delveum,
625 918 892 974 querere,
919 909 976 960 et
1012 905 1133 961 suis
1154 907 1574 976 conspectibus
1598 913 1954 978 prmsentare

311 993 590 1064 przecepit
613 993 930 1049 inventum.
952 995 994 1050 Α
1019 1009 1132 1064 quo
1155 995 1334 1051 multa
1359 996 1602 1054 audiens
1623 997 1786 1054 utilia
1811 1014 1953 1055 suae-

311 1097 421 1152 que
453 1081 626 1138 saluti
688 1082 969 1153 proficua,
1023 1088 1086 1138 ut
1121 1098 1224 1154 pro
1255 1099 1314 1140 se
1349 1085 1445 1140 Dei
1499 1085 1954 1144 misericordiam

309 1184 479 1227 orare
512 1170 852 1240 dignaretur
883 1186 1056 1243 prece
1086 1172 1334 1242 quesivit
1361 1172 1700 1243 humillima,
1736 1177 1958 1247 precio-

311 1273 490 1330 saque
513 1259 562 1316 ei
579 1259 831 1316 offerens
854 1261 1078 1326 exenia,
1097 1275 1226 1331 quae
1251 1261 1348 1318 ille
1367 1265 1718 1335 contempsit
1743 1265 1953 1334 omnia,

309 1352 526 1418 aptatae
559 1349 665 1404 viae
689 1349 1050 1406 dimisiteum
1075 1365 1203 1406 cum
1237 1351 1584 1409 reverentia.
1613 1351 1790 1419 Quem
1824 1354 1958 1409 Gre-

308 1437 398 1492 cia
445 1439 762 1508 excipiens,
814 1439 1204 1509 peregrinum,
1240 1441 1444 1496 mirata
1493 1445 1583 1497 est
1635 1442 1788 1497 inter
1819 1457 1958 1500 suos

311 1525 927 1598 philosophum,extra
964 1543 1102 1584 suos
1133 1529 1537 1599 theosophum.
1575 1532 1712 1587 Erat
1743 1531 1958 1603 quippe

310 1629 444 1671 vera
481 1617 733 1686 sapiens,
778 1622 990 1688 potens
1020 1617 1076 1672 in
1119 1617 1297 1673 verbo
1319 1621 1374 1673 et
1409 1618 1696 1675 doctrina.
1735 1621 1814 1676 De
1855 1635 1958 1676 ore

237 1751 250 1762 .
310 1704 436 1772 ejus
464 1706 822 1775 procedebat
875 1705 1006 1775 mel,
1067 1705 1315 1762 dulcedo
1364 1707 1554 1764 mellis
1585 1707 1776 1778 lingua
1811 1710 1954 1779 ejus,

315 1802 479 1850 lavus
511 1793 806 1850 distillans
852 1793 1001 1850 labia
1035 1794 1162 1863 ejus
1207 1810 1299 1864 ex,
1335 1795 1642 1853 dulcedine
1675 1799 1959 1854 sermonis
1987 1815 2042 1876 Β

311 1883 580 1954 prmbens
611 1883 840 1940 cunctis
873 1883 1199 1940 incendium
1247 1885 1477 1941 amoris.
1518 1886 1828 1942 Descendit
1879 1887 1960 1942 in-

311 1975 474 2026 terea
504 1971 790 2042 Ephesum
842 1986 1010 2028 orarr
1041 1971 1110 2028 ad
1168 1973 1446 2030 Johannis
1477 1975 1733 2046 theologi
1767 1975 1959 2048 sepul-

309 2059 598 2118 chrum.ul
625 2058 1183 2116 ieﬁ‘uditmultarum
1202 2060 1432 2117 ﬂumina
1451 2065 1962 2132 precum,circum-

311 2148 503 2204 ferens
517 2148 903 2218 Inpriucipio
916 2149 1053 2204 erat
1072 2148 1315 2206 Verbum
1337 2151 1580 2218 (-Το‹ιπ.ι,
1595 2154 1663 2225 1),
1692 2153 1958 2208 recolens

310 2239 366 2292 et
382 2237 636 2292 edocens
664 2237 906 2294 Verbum
928 2238 1819 2311 carofactum/Ibz‘d.,14).lnde
1835 2257 1960 2313 per-

312 2323 466 2378 venit
499 2327 742 2394 Joppcn,
776 2325 1029 2381 diversis
1057 2326 1162 2382 vite
1198 2327 1474 2397 periculis
1501 2329 1848 2399 perquirens
1871 2335 1960 2386 tu-

309 2412 471 2468 nicas
502 2417 558 2467 et
597 2422 812 2477 vcs'cs,
863 2413 1214 2470 elemosinas
1263 2416 1562 2485 Dorcadis,
1597 2424 1958 2490 stupensque

307 2517 435 2558 cum
469 2503 644 2556 Petro
674 2501 916 2558 linteum
941 2507 1192 2572 quatuor
1222 2503 1406 2560 initiis
1431 2505 1502 2561 de
1527 2505 1670 2562 czelo
1694 2509 1962 2565 summis-

311 2605 455 2659 sum,
501 2591 702 2661 jussus
727 2589 781 2646 in
815 2604 884 2646 eo
915 2597 1169 2647 mactare
1201 2593 1602 2664 quadrupedia
1633 2599 1690 2650 et
1726 2597 1959 2667 reptilia

315 2684 486 2736 terrae
517 2679 572 2734 in
635 2679 1081 2736 mortificatione
1136 2681 1442 2750 viciorum,
1479 2697 1546 2738 ac
1587 2685 1958 2756 manducare,

313 2767 537 2823 fructus
572 2767 778 2833 dignos
829 2768 1186 2840 poenitentiae
1245 2770 1508 2826 faciendo
1567 2773 1710 2840 (Act,
1743 2788 1818 2842 ix,
1852 2779 1957 2839 39;

309 2867 366 2922 κ,
402 2857 510 2928 it).
566 2857 1025 2926 Apprehendens
1083 2862 1213 2927 post
1257 2858 1360 2914 hec
1411 2859 1828 2916 Hierosoliman
1863 2863 1961 2920 diu

312 2943 722 3012 desideratam,
749 2949 808 3000 et
835 2943 948 3012 jam
979 2946 1414 3016 concupiscenti
1453 2948 1644 3004 animo
1681 2948 1957 3022 oblatam,

313 3030 572 3087 introivit
603 3031 652 3087 in
677 3033 1054 3089 tabernacula
1075 3033 1221 3103 ejus,
1245 3049 1468 3091 omnem
1491 3035 1675 3093 locum
1695 3043 1960 3094 sanctum

313 3119 424 3176 fide
445 3125 503 3175 et
529 3135 724 3177 amore
751 3121 1250 3192 frequentansqui
1272 3127 1365 3179 est
1381 3139 1556 3195 super
1579 3125 1765 3182 omnia
1782 3127 1958 3182 Deum

313 3208 367 3262 in
403 3208 489 3264 eis
518 3207 788 3279 adorans,
844 3210 1178 3280 sepulcrum
1209 3213 1341 3268 Jesu
1377 3213 1656 3268 Nazareni
1691 3214 1956 3270 cruciﬁxi

313 3296 680 3354 lacrimarum
713 3299 898 3354 imbre
928 3299 1020 3355 die
1051 3301 1271 3356 cotidie
1302 3301 1519 3370 rigans,
1547 3303 1960 3374 Christumque

313 3392 712 3456 resurgemten
747 3403 774 3444 a
828 3393 1013 3445 morte
1045 3389 1380 3458 gloriﬁcans
1417 3397 1472 3446 et
1506 3391 1774 3449 adorans.
1809 3395 1960 3450 Nun-

313 3475 504 3532 ciatur
536 3477 755 3532 interea
791 3477 1140 3548 patriarchae
1164 3479 1414 3536 Eusebio
1438 3480 1535 3550 qui
1566 3486 1830 3551 tempore
1860 3481 1960 3538 illo

312 3569 570 3620 sanctam
603 3567 970 3634 gubernabat
993 3567 1335 3624 :eccltesiam
1368 3571 1538 3640 Syon,
1571 3569 1848 3626 Madelvei
1871 3585 1961 3626 re-

314 3653 707 3708 verentissimi
733 3667 870 3722 erga
898 3655 1186 3711 Christum
1213 3655 1469 3724 devotio,
1495 3657 1653 3713 circa
1680 3657 1800 3714 loca
1834 3673 1962 3715 san-

313 3745 406 3795 cta
439 3739 644 3796 diurna
681 3741 1092 3810 frequentatio.
1134 3742 1291 3811 jugis
1344 3745 1730 3814 pernoctatio.
1765 3747 1960 3802 carnis

315 3830 565 3898 propriae
600 3829 932 3885 maceratio.
969 3829 1071 3884 llic
1133 3831 1310 3900 igitur
1344 3831 1434 3886 his
1495 3832 1713 3890 auditis
1744 3849 1959 3890 moram

313 3915 434 3988 pati
483 3916 750 3972 nesciens
804 3917 857 3972 in
889 3917 1205 3986 querendo,
1257 3918 1554 3976 inventum
1587 3921 1962 3992 amplectitur

313 4005 612 4073 continuo,
646 4006 892 4062 miratus
921 4005 972 4062 in
1005 4021 1074 4063 eo
1109 4007 1330 4064 vultum
1363 4009 1708 4080 angelicum,
1745 4026 1964 4069 sermo-

314 4107 443 4150 nem
475 4093 820 4163 modestum,
867 4095 1062 4152 mitem
1092 4111 1377 4166 gressum,
1405 4097 1666 4154 habitum
1697 4113 1963 4156 reveren-

314 4183 470 4239 dum.
498 4183 632 4238 Post
669 4183 770 4239 hec
792 4183 1116 4240 introduxit
1141 4199 1270 4242 eum
1295 4185 1347 4240 in
1371 4185 1600 4242 domum
1619 4188 1822 4246 matris
1842 4203 1961 4248 suae

312 4275 371 4328 et
406 4271 460 4326 in
495 4271 825 4328 cubiculum
852 4273 1158 4342 genitricis
1183 4279 1392 4340 suamet
1417 4274 1578 4331 dedit
1603 4275 1654 4332 ei
1691 4277 1960 4347 poculum

311 4375 384 4418 ex
418 4360 549 4416 vino
577 4361 835 4424 condito,
871 4365 930 4418 et
963 4367 1212 4419 mustum
1268 4363 1548 4420 malorum
1580 4370 1961 4435 granatorum

313 4450 513 4520 (Cant.
553 4465 667 4517 vui,
704 4451 776 4518 2).
812 4451 1066 4521 Cumque
1089 4467 1216 4508 eum
1244 4453 1500 4509 retinere
1531 4454 1820 4523 cogitaret
1844 4455 1964 4511 die-

1993 3174 2041 3236 C
2145 3173 2257 3230 Ore
2311 3173 2425 3229 Deo
2471 3178 2673 3244 grates
2707 3190 2880 3246 perso

2068 729 2404 781 sanctorum
2435 725 2713 796 reliquias
2737 727 2987 784 eﬂ'erens
3010 743 3140 784 cum
3164 729 3345 786 calice
3381 730 3738 789 criStallino

2067 827 2242 882 opere
2263 813 2509 870 mirifico
2531 815 2765 886 sculpto
2779 816 2829 872 ei
2851 817 3552 891 optulit,dieens:Acciq)e,
3584 835 3741 879 aca-

2063 915 2128 956 re
2143 903 2442 971 meusJioc
2453 905 2648 961 mutui
2661 905 2885 962 amoris
2895 906 3138 976 pignus.
3163 908 3407 964 Anuuat
3432 909 3740 968 Christus

2066 990 2356 1048 Dominus
2368 992 2464 1049 bis
2476 1006 2548 1050 ac
2562 993 2820 1064 reliquis
2831 995 3060 1052 sanctis
3073 995 3436 1053 intercenien
3446 997 3632 1069 tibus,
3652 999 3741 1056 ut

2063 1079 2280 1162 iterum
2292 1081 2716 1140 noscideamus
2729 1083 3094 1153 cumqaudio
3105 1083 3530 1145 incalestibus.
3548 1089 3626 1144 Ta
3639 1103 3736 1144 m-

2067 1167 2196 1223 dem
2220 1182 2320 1224 ora
2339 1182 2540 1225 manus
2565 1169 2886 1241 oculosque
2910 1170 3727 1248 alterutrumcxosculantes,

2069 1257 2214 1312 bona
2248 1272 2647 1330 prosperaque
2679 1259 2789 1315 sibi
2821 1260 3233 1332 imprecantes,
3259 1262 3330 1318 ab
3351 1263 3596 1321 invicem
3635 1266 3733 1322 di-

2069 1345 2172 1401 visi
2207 1349 2338 1402 sunt
2392 1346 2618 1404 ﬂentes.
2640 1348 2974 1406 Madelveus
2996 1350 3192 1420 itaque
3211 1351 3584 1422 sepulchrum
3613 1355 3737 1412 Do-

2070 1433 2204 1489 mini
2225 1433 2532 1506 locumque
2547 1437 3031 1507 ascensionis,ubi
3059 1444 3349 1497 steterunt
3365 1441 3542 1512 pedes
3562 1442 3730 1515 ejus,

2070 1523 2279 1580 iterum
2312 1523 2640 1596 iterumque
2671 1526 2932 1583 revisens
2961 1542 3027 1584 ac
3061 1529 3432 1600 deosculans,
3457 1533 3736 1590 nativum

2071 1611 2258 1668 solum
2320 1613 2579 1669 revisere
2635 1613 2984 1672 deliberavit
3033 1618 3296 1687 gaudens
3327 1623 3388 1674 et
3417 1618 3731 1692 exultans,

2071 1701 2246 1756 Deum
2282 1701 2337 1756 in
2371 1702 2724 1773 adjutorium
2762 1720 2928 1760 suum
2964 1705 3266 1764 intendere
3300 1713 3505 1779 petens
3532 1715 3593 1766 et
3625 1725 3738 1766 ex-

2071 1803 2261 1846 orans.
2291 1791 2426 1846 lnde
2452 1790 2624 1861 longo
2657 1809 2719 1849 ac
2752 1794 2912 1850 vario
2945 1793 3145 1852 labore
3186 1795 3416 1853 itineris
3451 1798 3733 1856 redditus

2071 1883 2162 1934 est
2197 1877 2407 1934 finibus
2429 1879 2654 1951 patriis.
2682 1883 2924 1954 Recepit
2954 1882 3227 1940 alunnum
3253 1883 3366 1940 leta
3394 1885 3568 1942 tellus
3593 1887 3736 1943 Gal-

2072 1963 2435 2036 lica,oceurri
2461 1969 2679 2039 pastori
2728 1971 2842 2026 leta
2868 1969 3032 2042 plebs
3055 1972 3386 2030 Virdunica:
3421 1974 3733 2032 Leetentur

2069 2055 2198 2111 cati
2222 2055 2281 2112 et
2322 2057 2553 2113 euultet
2570 2059 2870 2128 terra,vox
2894 2065 3172 2116 consonat
3195 2062 3412 2118 urbana
3432 2063 3520 2118 vel
3541 2066 3674 2120 rust
3686 2063 3734 2118 i-

2069 2157 2230 2200 cana.
2260 2144 2470 2201 Fluunt
2499 2145 2752 2204 lacrimae
2773 2147 2986 2217 gaudio
3017 2147 3219 2219 plenae,
3248 2150 3482 2206 madent
3507 2149 3728 2208 laetitia

2070 2247 2253 2302 gente,
2297 2239 2616 2290 coronatur
2645 2235 2878 2305 civitas,
2915 2237 3140 2307 plateas
3183 2238 3372 2310 replet
3404 2238 3722 2312 hylaritas,

2069 2320 2366 2378 accelesias
2389 2322 2690 2392 jocnndita
2707 2341 2743 2381 ε.
2771 2325 3042 2382 Pontifex
3066 2327 3340 2397 egregius
3364 2327 3462 2384 Dei
3495 2327 3728 2386 auxilio

2073 2409 2273 2480 fultus,
2300 2417 2634 2468 sanctorum
2669 2412 2932 2484 reliquiis
2955 2415 3260 2484 honustus,
3297 2415 3476 2472 intrat
3515 2415 3734 2474 aeccle-

2072 2499 2214 2555 siam
2253 2498 2522 2571 devotus,
2566 2506 2696 2556 orat
2753 2502 3052 2560 Dominum
3085 2518 3336 2575 corpore
3384 2509 3556 2562 terra
3589 2521 3732 2578 pro-

2072 2592 2316 2644 stratus.
2339 2589 2711 2660 Consurgens
2730 2590 3119 2662 episcopalem
3143 2591 3733 2666 ascenditthronum,

2077 2675 2294 2734 salutat
2347 2677 2566 2735 clerum
2601 2694 2664 2734 ac
2701 2679 2999 2751 p0pulum,
3053 2681 3196 2738 dans
3255 2682 3524 2739 omnibus
3556 2683 3730 2755 pacis

2073 2765 2364 2836 osculum,
2394 2767 2717 2838 adjuugens
2751 2768 3176 2826 benedictionis
3205 2769 3588 2840 signaculum.

2148 2891 2408 2966 Quisque
2440 2907 2544 2966 sua
2577 2891 2812 2966 repetit,
2858 2892 3109 2966 sacraria
3137 2893 3354 2964 praesul
3376 2893 3576 2966 adivit,

2146 2962 2391 3034 Pignera
2423 2963 2719 3034 deposuit,
2746 2967 2874 3034 post
2901 2965 3006 3019 hec
3026 2962 3306 3020 sua'tec'a
3341 2962 3578 3021 subivit.

2145 3033 2379 3104 Singula
2416 3033 2721 3104 perquirit,
2757 3035 2806 3089 si
2842 3048 2970 3104 pax,
2999 3034 3045 3090 si
3077 3034 3194 3090 vita
3221 3035 3506 3102 salubris;

2147 3103 2347 3158 Omnia
2373 3118 2500 3174 quae
2528 3103 2710 3158 voluit
2737 3103 2858 3160 fore
2880 3119 3156 3228 prospera
3181 3105 3644 3178 protinusaudit,

2147 3173 2257 3230 Ore
2311 3175 2425 3229 Deo
2471 3178 2673 3233 grates
2707 3190 2880 3233 uerso
2910 3181 3012 3233 Vit.
3049 3181 3285 3233 uectore
3314 3177 3536 3233 laudes.

2910 3191 3012 3238 vn,
3049 3191 3285 3246 pectore
3316 3191 3536 3234 Iaudes.

2069 3300 2309 3355 Postera
2358 3297 2450 3354 die
2495 3297 2746 3355 lustrata
2781 3314 2942 3356 novae
2991 3300 3279 3358 mcclesiae
3313 3301 3550 3373 fabrica,
3595 3301 3721 3360 lau-

2071 3387 2205 3444 data
2267 3387 2554 3444 artificum
2612 3386 2917 3457 industria,
2979 3393 3346 3446 remunerate
3403 3391 3716 3448 custodum

2071 3475 2396 3546 diligentia,
2459 3475 2690 3532 ordinat
2749 3480 2982 3548 tempus
3038 3477 3131 3532 vel
3190 3477 3338 3534 diem
3409 3493 3717 3536 consscra-

2070 3563 2214 3620 tioni
2248 3563 2519 3631 habilem,
2553 3564 2786 3621 cunctis
2815 3565 3098 3636 religione
3132 3566 3542 3624 venerabilem.
3571 3567 3710 3634 Qute

2072 3653 2169 3710 ubi
2204 3653 2418 3723 illuxit,
2455 3651 2670 3724 praesul
2705 3668 2832 3710 cum
2869 3653 3055 3710 sacris
3088 3654 3398 3712 ordinibus
3431 3656 3724 3713 zecclesia-

2072 3741 2220 3797 stico
2256 3741 2373 3798 ritu
2405 3740 2674 3797 omnibus
2705 3741 2968 3798 exterius
3027 3741 3388 3812 interiusque
3419 3743 3532 3800 rite
3560 3757 3725 3816 pera-

2071 3828 2204 3897 ctis,
2241 3827 2523 3899 reliquias
2545 3827 3157 3884 Jberosolimitanasin
3184 3829 3491 3901 principali
3514 3829 3712 3887 absida

2075 3915 2223 3972 locis
2267 3916 2546 3987 congruis
2586 3915 3004 3972 venerabiliter
3033 3915 3364 3974 collocavit.
3401 3917 3528 3988 (ib.)
3583 3915 3719 3984 Quae

2074 4020 2216 4062 vero
2251 4006 2307 4060 in
2342 4005 2660 4075 antiquiori
2713 4006 2874 4062 fuere
2904 4003 3196 4076 :ecclesia,
3231 4005 3286 4062 in
3319 4012 3486 4078 parte
3516 4005 3717 4064 altaris

2075 4095 2281 4152 dextra
2313 4094 2369 4150 in
2399 4093 2588 4166 cripta
2637 4094 3021 4152 subterranea
3051 4093 3334 4152 decenter
3363 4095 3711 4168 composuit.

2072 4186 2211 4242 Erat
2242 4190 2436 4242 autem
2467 4183 2561 4240 hic
2611 4183 2824 4256 prmsul
2858 4182 3228 4241 beatissimus
3258 4184 3453 4242 studio
3484 4183 3718 4241 castita-

2072 4273 2152 4330 tis
2201 4274 2472 4343 mundus,
2507 4272 2877 4330 abstinentiae
2913 4272 3122 4329 robore
3154 4271 3406 4337 validus.
3440 4273 3714 4331 doctrinm

2075 4362 2324 4434 dapibus
2356 4363 2628 4425 refertus,
2662 4361 2959 4433 patientiae
2997 4360 3438 4433 longanimitate
3459 4361 3708 4433 humilis,

2076 4451 2451 4508 auctoritatis
2484 4450 2826 4508 fortitudine
2857 4454 3108 4521 erectus,
3146 4451 3384 4522 pietatis
3413 4450 3598 4522 gratia
3629 4451 3718 4507 be-

313 4537 422 4596 bus
452 4537 584 4594 vita:
619 4553 736 4596 suae
789 4539 1078 4605 omnibus,
1112 4539 1468 4596 revelatione
1501 4545 1588 4597 est
1622 4541 1816 4599 divina
1847 4557 1964 4598 am-
1990 4536 2044 4596 D
2078 4541 2306 4610 nignus,
2362 4539 2612 4610 justitite
2670 4539 2984 4596 severitate
3040 4538 3364 4596 districtus.
3414 4537 3554 4608 (Fol.
3589 4537 3712 4610 56’.)

313 4627 585 4698 monitus,
611 4642 682 4683 ne
706 4628 964 4699 prepriis
988 4629 1250 4686 intentus
1266 4627 1512 4685 aliorum
1538 4629 1826 4688 isvideret
1851 4631 1964 4688 uti-

312 4713 599 4785 litatibus,
635 4731 748 4772 neu
780 4716 957 4772 vellet
989 4717 1206 4774 habere
1238 4717 1628 4788 peregrinum,
1663 4733 1832 4790 quem
1872 4734 1964 4776 su-

312 4805 612 4876 Spirabant
636 4803 738 4858 ﬁlii
767 4810 988 4873 patrem
1014 4805 1437 4876 evangelicum.
1462 4805 1728 4881 (Fol.56.)
1747 4809 1865 4864 Hoc
1882 4811 1964 4864 to-

311 4891 508 4950 nitruo
541 4891 868 4964 perculsus,
903 4892 1047 4948 dixit
1081 4893 1153 4950 ad
1184 4908 1314 4950 eum
1357 4895 1820 4954 tremebundus:
1868 4898 1964 4953 Vo-

313 4980 568 5040 luntatis
590 4995 731 5038 mea
734 4980 892 5056 fuit,
895 4981 1106 5052 frater
1124 4983 1230 5052 mi,
1256 4982 1310 5039 te
1328 4997 1365 5040 a
1387 4997 1479 5040 me
1498 4997 1780 5057 umquam
1807 4985 1966 5042 nolle

311 5071 584 5142 separari
606 5088 620 5137 ;
643 5070 750 5128 sed
763 5069 913 5142 quia
935 5071 1054 5126 Deo
1073 5073 1389 5141 nequimus
1409 5073 1616 5143 reniti,
1647 5073 1959 5146 rerertere,

316 5156 526 5214 dilecte
546 5160 648 5229 mi,
671 5158 949 5232 egredere
969 5159 1030 5215 et
1041 5157 1142 5216 abi
1140 5159 1287 5231 post
1299 5160 1556 5232 vestigia
1566 5176 1838 5233 gregum;
1857 5177 1963 5235 pa-

311 5257 406 5302 sce
421 5245 600 5304 laedas
621 5247 949 5318 tuosjuuta
971 5246 1360 5304 tabernacula
1363 5247 1849 5322 pastorum-,cape
1867 5266 1963 5308 no-

317 5331 406 5390 bis
420 5335 624 5404 culpes
648 5337 967 5407 parvulas,
1009 5350 1141 5408 qua
1162 5335 1564 5394 demetiuntur
1583 5341 1808 5398 cineas.
1832 5341 1960 5399 Sub

311 5419 524 5478 umbra
539 5421 711 5480 illius
723 5437 896 5494 quem
906 5423 1265 5482 desiderasti
1275 5423 1544 5496 sede,qui
1555 5425 1962 5486 intraduaitte

311 5509 938 5580 incctlamcinariam,
971 5512 1280 5571 ordnacit
1303 5514 1372 5571 in
1386 5513 1440 5572 te
1478 5515 1808 5588 caritatem,
1823 5518 1960 5592 ful-

311 5599 472 5662 ciens
487 5600 540 5656 te
564 5598 1087 5673 ﬂoribus,stipans
1101 5605 1156 5660 te
1183 5601 1384 5674 matis,
1393 5617 1464 5663 ac
1477 5604 1684 5664 veniat
1707 5605 1958 5669 dilectus

2076 4629 2183 4696 Qui
2219 4628 2500 4701 pastorali
2559 4627 2958 4685 sollicitudine
2987 4627 3152 4699 gregi
3184 4627 3292 4684 sibi
3325 4627 3550 4684 credito
3583 4627 3717 4684 invi-

2073 4719 2286 4790 gilans,
2314 4717 2459 4774 alios
2481 4717 2738 4775 caelestis
2761 4717 3044 4774 doctrinm
3069 4717 3263 4774 verbis
3285 4716 3560 4787 erudivit,
3584 4715 3712 4774 mul-

2077 4815 2172 4864 tos
2195 4807 2636 4878 religiosmvitie
2659 4805 3571 4878 exemplisroboravit,plurimos
3591 4820 3718 4878 qno—

2079 4911 2191 4968 que
2237 4897 2306 4952 ab
2339 4897 2491 4953 omni
2525 4895 2928 4954 iniirmitatum
2979 4894 3244 4952 molestia
3277 4893 3526 4966 curavit,
3557 4908 3715 4967 quos-

2077 4985 2212 5041 dam
2243 4985 2415 5042 etiam
2450 4999 2478 5040 a
2513 4985 2872 5042 demoniacis
2903 4983 3211 5057 spiritibus
3235 4983 3526 5053 liberavit,
3550 4983 3713 5040 omni-

2078 5076 2308 5146 busque
2339 5074 2640 5146 exemplar
2669 5077 2728 5130 et
2759 5073 3062 5146 speculum
3093 5072 3278 5130 totius
3309 5071 3634 5129 sanctitatis
3653 5086 3712 5129 se

2081 5163 2360 5236 praebuit.
2385 5163 2728 5220 lmminente
2750 5177 2893 5220 vero
2912 5160 3292 5219 resolutionis
3306 5176 3428 5218 sum
3453 5166 3713 5233 tempore,

2073 5267 2204 5309 cum
2235 5251 2608 5323 cognovisset
2639 5250 2998 5310 revelatione
3022 5249 3218 5307 divina
3249 5264 3311 5307 se
3337 5248 3632 5306 mundanis
3655 5249 3716 5306 li.

2075 5341 2393 5400 berandum
2419 5340 2786 5412 tumultibus,
2818 5340 2873 5397 in
2896 5339 3160 5398 :ecclesia
3182 5339 3237 5396 in
3263 5352 3376 5411 qua
3401 5338 3717 5397 adoleverat

2072 5430 2366 5488 cotidiano
2399 5429 2682 5486 virtutum
2734 5434 3038 5502 provectu,
3071 5427 3166 5486 cui
3224 5427 3411 5502 primo
3445 5431 3634 5501 pastor
3651 5433 3708 5484 et

2072 5523 2270 5578 rector
2329 5517 2660 5588 institutus,
2718 5519 2790 5574 de
2851 5531 2964 5588 qua
3012 5516 3188 5574 etiam
3245 5517 3316 5574 ad
3376 5513 3713 5590 pontificium

2081 5612 2392 5683 promotus
2447 5605 2581 5679 fuit,
2660 5605 2984 5680 sepultura
3057 5619 3178 5666 suae
3227 5605 3422 5666 locum
3497 5603 3712 5679 delegit.
