3922 6410
183 363 295 426 158

1401 367 1900 435 CHRONICON.
1945 403 2025 416 —
2066 366 2222 434 LIB.
2268 370 2343 434 II.

3463 368 3576 434 154

178 495 338 556 Licet
355 495 508 557 enim
525 496 779 558 omnium
802 499 1202 562 recclesiarum
1223 501 1818 562 ins'idaretutilitati-
1849 503 1903 564 A
1933 505 2218 576 moribus,
2252 509 2309 562 et
2341 505 2416 564 ab
2448 469 2578 579 ipso
2609 503 3152 579 praecellentissimo
3195 518 3334 578 rege
3360 505 3575 566 Rarolo

180 587 310 660 bus,
342 586 487 644 hanc
529 593 718 646 tamen
772 605 890 662 pra;
939 593 1208 649 omnibus
1254 591 1400 650 locis
1447 594 1634 651 sacris
1685 601 1820 665 post

177 677 442 749 primam,
475 692 604 748 quae
635 679 806 735 sedes
836 683 927 735 est
956 681 1328 752 episcopalis,
1353 681 1556 752 mluit,
1577 683 1823 755 amplifi-

176 767 355 834 cavit,
371 774 430 823 et
450 767 739 838 provexit.
759 767 920 834 Quod
945 769 1118 824 etiam
1138 785 1336 827 omnes
1354 773 1824 842 prmdecessores

177 854 305 926 ejus
331 854 540 912 fecisse
563 856 846 926 novimus,
874 862 1077 928 utpote
1102 857 1196 928 qui
1222 861 1487 931 exceptis
1513 861 1823 932 perpaucis

178 957 381 1000 omnes
401 943 454 999 in
481 958 545 999 ea
573 944 768 1000 sedem
794 946 1008 1001 habent
1032 947 1431 1016 requietionis.
1452 949 1692 1020 Accepit
1717 951 1822 1006 hoc

180 1031 474 1104 privilegii
503 1033 714 1090 donum
747 1033 1011 1092 ascclesia
1033 1035 1153 1106 ipsa
1181 1052 1209 1092 a
1237 1038 1408 1093 beato
1432 1045 1596 1109 patre
1627 1039 1824 1096 debito

177 1133 308 1176 cum
359 1120 579 1176 honore
628 1122 976 1179 nominando
1021 1125 1315 1195 Sanctino,
1367 1141 1472 1182 suo
1521 1127 1825 1183 fundatore

183 1207 488 1280 primoque
536 1209 872 1267 Christianae
923 1211 1226 1282 religionis
1271 1220 1329 1269 ct
1379 1215 1626 1271 nominis
1673 1215 1824 1288 apud

181 1295 363 1366 ipsam
398 1299 598 1354 urbem
629 1299 890 1368 doctore,
931 1307 992 1357 ut
1026 1307 1156 1372 post
1208 1308 1448 1360 matrem
1498 1305 1824 1362 aacclesiam

180 1383 303 1455 ipsa
337 1390 497 1442 esset
527 1392 701 1458 caput
732 1389 986 1445 omnium
1033 1391 1412 1448 Virdunensis
1442 1393 1692 1449 diocesis
1720 1409 1827 1448 {BC-

179 1473 557 1544 clesiarum,a
585 1491 694 1546 qua
719 1481 776 1532 et
796 1483 981 1532 mater
1003 1479 1267 1536 mcclesia
1321 1481 1442 1552 ipsa
1467 1481 1823 1538 subsistendi

181 1563 509 1634 accepisset
538 1563 772 1620 inicium
802 1583 816 1631 ;
851 1582 978 1636 quae
1011 1567 1184 1622 etiam
1225 1574 1315 1624 est
1363 1571 1434 1625 ab
1484 1570 1723 1639 antiquo
1755 1571 1826 1624 ab

180 1651 324 1722 ipsis
353 1652 576 1708 scilicet
608 1657 906 1710 nascentis
930 1656 1212 1712 aecclesize
1237 1657 1570 1728 primordiis
1590 1659 1829 1714 cimete-

183 1738 331 1795 rium
360 1739 766 1812 episcoporum
799 1746 857 1797 et
891 1744 1246 1814 reliquorum
1282 1745 1536 1802 fidelium
1561 1747 1829 1802 christia-

1930 593 2066 664 quia
2097 600 2154 650 et
2187 609 2507 664 congruum
2539 600 2689 660 erat,
2725 602 2787 652 ut
2819 611 2986 667 quem
3021 595 3292 653 Dominus
3310 594 3576 668 perfude-

1935 690 2022 738 rat
2051 683 2259 752 gratia,
2293 684 2368 738 ab
2398 685 2668 741 omnibus
2715 691 3030 741 amaretur.
3063 684 3348 741 Studebat
3393 683 3576 741 omni-
3676 709 3692 720 ~

1937 771 2045 828 bus
2079 786 2180 842 per
2209 772 2393 826 omnia
2430 771 2680 842 placere,
2720 788 2833 828 non
2869 787 2938 828 eo
2973 772 3158 841 modo,
3196 787 3308 842 quo
3339 771 3574 843 placent

1935 859 2283 928 hominibus,
2303 875 2548 930 quorum
2577 862 2723 917 Deus
2745 861 3056 932 dissipabit
3071 874 3219 920 ossa.
3239 859 3578 930 utreplean-

1935 953 2034 1005 tur
2054 949 2393 1004 confusione
2417 951 2488 1004 ab
2513 949 2911 1018 indignatione
2925 949 3071 1018 ejus,
3091 949 3192 1005 sed
3209 948 3310 1004 illo
3324 963 3436 1019 quo
3457 961 3574 1004 om-

1936 1038 2110 1094 nibus
2144 1052 2246 1108 per
2277 1038 2464 1093 omnia
2499 1037 2767 1108 placebat
2806 1037 3130 1109 apostolus,
3167 1051 3276 1092 non
3327 1050 3577 1108 querens

1937 1126 2090 1197 quod
2125 1125 2236 1180 sibi
2271 1130 2430 1180 esset
2465 1125 2626 1195 utile,
2652 1125 2756 1182 sed
2789 1125 2940 1195 quod
2977 1124 3193 1194 multis,
3220 1130 3284 1182 ut
3313 1123 3456 1181 salvi
3481 1123 3578 1180 fie-

1937 1219 2088 1269 rent.
2108 1213 2244 1268 Ideo
2270 1213 2415 1268 bona
2440 1213 2796 1270 conscientia
2820 1213 3013 1269 dicere
3048 1216 3274 1284 poterat
3299 1211 3579 1268 auditori-

1937 1304 2046 1358 bus
2075 1303 2198 1359 suis
2232 1318 2360 1358 cum
2399 1303 2601 1357 eodem
2635 1301 2903 1372 apostolo
2937 1321 2949 1356 :
2982 1301 3326 1359 Imitatores
3350 1301 3468 1358 moi
3496 1313 3580 1358 es-

1939 1390 2070 1460 tote,
2094 1391 2254 1448 sicut
2281 1391 2338 1446 et
2366 1404 2468 1460 ego
2499 1391 2730 1446 Christi
2759 1391 2824 1454 (I
2849 1389 2980 1446 Cor.
3015 1405 3088 1459 ιν,
3121 1394 3230 1460 46;
3259 1404 3336 1458 x1,
3367 1393 3442 1455 4),
3480 1387 3576 1458 qui

1939 1479 2141 1548 utique
2159 1478 2388 1534 volebat
2419 1478 2541 1532 sine
2565 1477 2879 1534 offensione
2901 1492 3029 1533 esse
3055 1476 3337 1534 :ecclesize
3361 1477 3480 1545 Dei,
3498 1475 3577 1532 ita

1939 1567 2168 1622 scilicet
2199 1567 2636 1637 temperandam
2691 1566 2906 1622 docens
2957 1565 3478 1635 conversationem,
3508 1578 3579 1619 ne

1940 1655 2069 1726 quis
2104 1655 2156 1710 in
2192 1671 2255 1710 ea
2292 1655 2627 1710 scandalum
2663 1658 2965 1724 pateretur
2993 1652 3080 1708 1”.

2012 1743 2130 1800 Fol.
2158 1747 2270 1814 58.)
2301 1743 2410 1798 Sed
2443 1743 2578 1812 quid
2615 1757 2722 1798 nos
2755 1743 2811 1798 in
2848 1742 3015 1799 laude
3046 1741 3172 1812 ejus
3202 1743 3576 1812 temptamus,

183 1829 589 1895 norum.Quod
619 1830 981 1901 privilegium
1011 1832 1087 1888 ita
1114 1834 1505 1904 permansitct
1529 1839 1824 1906 permanet
1859 1855 1910 1915 Β
1942 1833 2096 1904 quod
2129 1848 2235 1887 non
2271 1832 2590 1887 sufficimus
2617 1831 2952 1902 eXplicarc?
2976 1833 3101 1902 [pse
3127 1831 3277 1886 enim
3310 1829 3436 1886 laus
3457 1829 3581 1899 ejus

186 1915 610 1984 inconvulsum,
649 1924 707 1974 ut
743 1919 796 1975 in
829 1934 893 1975 ea
939 1921 1062 1976 fere
1105 1937 1306 1977 omnes
1357 1922 1614 1992 ejusdem
1664 1925 1828 1980 urbis

186 2003 495 2076 pontifices
521 2005 788 2075 legantur
807 2007 1020 2064 divinis
1043 2010 1224 2080 aptati
1258 2011 1536 2078 servitiis,
1567 2017 1830 2068 tonsora-

187 2092 1073 2165 ti,nutriti,edocti,consecrati,
1091 2105 1334 2169 excepta
1352 2099 1474 2169 ipsa
1493 2100 1830 2156 inunctionc

189 2181 544 2251 pontificalis
561 2183 885 2254 dignitatis,
904 2199 1071 2256 quam
1087 2191 1316 2243 constat
1341 2203 1470 2244 esse
1498 2189 1698 2243 matris
1723 2204 1834 2245 (ec-

188 2269 403 2340 clesiae,
431 2277 489 2326 et
515 2272 896 2342 frequentius,
924 2275 1021 2345 qui
1047 2276 1100 2330 in
1125 2290 1188 2330 ea
1221 2277 1568 2332 functi-sunt
1605 2278 1836 2334 abbatis

188 2357 398 2428 officio,
424 2374 527 2429 pro
551 2360 830 2416 virtutum
856 2363 1052 2418 studio
1084 2363 1418 2420 intronizati
1451 2365 1566 2420 sint
1599 2365 1652 2419 in
1687 2364 1836 2422 solio

189 2445 534 2516 epiSCOpali.
571 2448 636 2502 Et
675 2449 880 2504 merito
914 2455 1228 2506 veneratur
1263 2454 1335 2506 ab
1372 2453 1640 2508 omnibus
1676 2452 1836 2509 locus

191 2533 312 2602 ille,
349 2535 556 2590 merito
589 2537 907 2606 expetitur.
936 2539 1143 2593 merito
1176 2538 1460 2608 diligitur,
1487 2555 1655 2609 quem
1689 2556 1837 2612 apex

189 2625 372 2678 tantae
405 2621 709 2691 dignitatis
741 2625 981 2693 attollit,
1010 2627 1142 2696 quia
1173 2627 1286 2680 etsi
1318 2627 1424 2696 eis,
1453 2628 1549 2697 qui
1583 2628 1682 2683 illo
1711 2643 1839 2684 ora-

192 2708 312 2765 turi
345 2709 720 2778 conveniunt,
751 2711 847 2780 qui
870 2713 986 2768 Deo
1011 2713 1148 2768 inihi
1185 2714 1555 2785 famulantur,
1583 2716 1678 2786 qui
1713 2731 1840 2772 cor-

195 2809 336 2866 pora
373 2809 472 2852 sua
506 2797 581 2851 ob
614 2801 954 2854 sanctorum
1018 2797 1340 2870 patrocinia
1395 2802 1516 2858 illic
1565 2803 1837 2859 tumulari

198 2887 534 2956 precantur,
562 2885 777 2942 desunt
802 2887 948 2943 bona
979 2888 1265 2958 adquisita
1295 2905 1396 2961 per
1419 2892 1843 2962 meritum,suf-

199 2974 376 3030 flcere
411 2979 678 3044 possunt,
705 2991 832 3046 quae
863 2991 890 3031 a
929 2975 1038 3033 loci
1076 2979 1377 3034 fondatore
1399 2983 1602 3036 sancto
1623 2981 1844 3036 Sancti-

199 3077 295 3133 no,
331 3077 359 3118 a
413 3063 636 3119 sanctis
695 3063 835 3120 inibi
887 3065 1322 3136 quiescentibus
1381 3069 1840 3140 praestabantur,

203 3155 397 3206 tamen
416 3151 748 3224 proutfides
786 3153 1109 3223 petentium
1150 3155 1845 3214 merebitur.Attestatur

203 3239 339 3296 huic
363 3246 579 3296 nostrae
602 3239 1004 3312 astipulationi
1032 3243 1224 3298 domui
1242 3245 1486 3300 Bertarii
1504 3261 1753 3302 memora
1766 3248 1848 3302 bi-

201 3324 277 3384 lis
301 3327 644 3398 antiquitas,
670 3329 767 3398 qui
791 3335 1124 3386 sanctorum
1147 3331 1593 3388 Virdunensium
1618 3335 1846 3405 pontifi-

199 3429 331 3472 cum
357 3421 486 3472 acta
517 3415 830 3488 replicans,
857 3417 1112 3474 basilica:
1136 3434 1367 3491 quoque
1391 3421 1562 3488 hujus
1585 3423 1846 3478 meminit

199 3503 259 3559 in
295 3502 416 3560 haec
444 3505 622 3560 verba
657 3505 850 3574 (Bsnr.
881 3506 933 3575 4)
961 3525 972 3560 :
999 3507 1292 3577 Basilica,
1320 3509 1605 3579 inquiens,
1629 3512 1697 3568 in
1723 3525 1847 3584 qua

190 3591 472 3664 praedicti
502 3593 757 3664 episcopi
782 3596 1184 3665 requiescant,
1219 3599 1312 3654 est
1347 3598 1411 3652 in
1455 3597 1673 3655 honore
1709 3613 1846 3658 san-

193 3679 279 3736 cti
308 3679 478 3738 Petri
508 3681 865 3752 constructa,
897 3683 957 3738 et
981 3683 1163 3740 habet
1211 3685 1533 3742 multorum
1559 3689 1848 3759 episcopo-

193 3780 332 3824 ram
357 3769 692 3913 sepzlcltra,
727 3770 1046 3842 etprapter
1074 3771 1182 3829 hoc
1218 3774 1468 3829 multum
1503 3787 1543 3830 a
1556 3774 1848 3846 ﬁdelitas

195 3868 454 3912 cencran
498 3871 554 3912 a.

195 3868 534 3912 veneranda
542 3898 554 3911 .

279 3941 419 4013 (Fol.
455 3944 570 4016 57.)
602 3945 742 4002 Huic
776 3959 916 4016 ergo
944 3945 1074 4002 loco
1106 3945 1314 4004 beatus
1341 3947 1672 4006 Madelveus
1699 3964 1847 4008 anno

201 4030 342 4088 vitae
374 4047 494 4088 suae
527 4032 868 4104 penultimo,
893 4033 1045 4090 dono
1063 4035 1414 4091 Theuthardi
1438 4035 1508 4069 ’³³
1529 4038 1845 4109 adquisivit

205 4134 304 4177 res
336 4120 614 4192 quasdam
646 4121 793 4176 sitas
827 4121 881 4176 in
913 4121 1264 4178 Virdunensi
1293 4138 1460 4194 pago,
1481 4124 1608 4182 loco
1639 4127 1735 4196 qui
1767 4127 1850 4182 di-

207 4209 364 4266 citur
394 4209 620 4266 Of‘felini
651 4209 860 4276 curtis,
894 4215 954 4266 et
986 4210 1038 4265 in
1072 4211 1182 4266 fine
1231 4213 1614 4283 Bettiliniaca,
1651 4215 1703 4270 in
1741 4216 1850 4272 fine

209 4312 442 4370 quoque
473 4296 777 4368 Virelinse,
805 4313 951 4369 quas
975 4299 1124 4354 idem
1147 4301 1512 4357 Teuthardus
1534 4317 1563 4358 a
1581 4304 1850 4372 genitore

209 4399 318 4443 suo
350 4387 648 4443 Gunthero
680 4386 790 4443 sibi
825 4387 1064 4444 relictas
1085 4387 1216 4457 jure
1261 4389 1600 4459 possidebat
1631 4391 1852 4447 heredi-

208 4475 365 4532 tario
398 4475 456 4530 in
482 4475 680 4545 terris,
717 4475 954 4546 mansis,
977 4475 1222 4548 campis,
1252 4477 1457 4548 pratis,
1483 4479 1853 4549 pascuis,sil-

1873 3203 1922 3266 Ο

1941 1925 2054 1990 est,
2083 1922 2177 1991 qui
2216 1921 2268 1975 iu
2307 1921 2526 1975 sanctis
2549 1921 2672 1976 suis
2697 1918 3008 1975 laudabilis
3029 1924 3142 1975 est.
3169 1919 3294 1984 Quo
3316 1932 3456 1988 ergo
3479 1931 3584 1974 nos

1943 2009 2105 2066 ducit
2137 2009 2366 2064 oratio?
2388 2009 2535 2074 Quid
2563 2024 2750 2064 moras
2769 2008 3116 2063 innectimus
3137 2009 3160 2062 ?
3182 2006 3327 2072 Quid
3354 2005 3580 2062 felicem

1943 2097 2070 2167 ejus
2094 2111 2124 2152 e
2158 2096 2370 2152 mundo
2407 2095 2714 2150 transitum
2755 2094 3037 2165 replicare
3072 2094 3392 2149 tricamus?
3415 2091 3584 2149 Adsit

1945 2187 2068 2256 ipse
2099 2186 2267 2240 nobis
2295 2185 2602 2256 propitius,
2628 2189 2690 2239 ut
2709 2183 2878 2252 digna
2902 2183 3004 2238 fari
3025 2183 3338 2250 valeamus,
3363 2181 3582 2252 aspiret

1943 2274 2107 2330 cordi
2129 2277 2330 2328 nostro
2355 2272 2578 2327 meritis
2599 2272 2725 2340 ejus
2747 2271 3000 2342 Spiritus
3025 2275 3264 2326 sanctus
3285 2274 3342 2325 et
3363 2268 3583 2326 nostris

1948 2363 2288 2418 infundatur
2321 2360 2666 2416 visceribus.
2702 2361 2968 2415 Dicamus
2998 2359 3214 2428 itaque,
3239 2358 3389 2429 quod
3414 2357 3586 2414 dede-

1949 2451 2022 2506 rit
2059 2451 2186 2521 ipse
2219 2450 2289 2505 de
2322 2463 2434 2518 quo
2460 2449 2768 2518 loquimur,
2793 2453 2852 2502 et
2875 2447 3162 2516 quomodo
3185 2447 3254 2501 de
3280 2445 3492 2501 mundo
3512 2444 3583 2500 ad

1951 2539 2026 2594 Ch
2039 2539 2140 2592 rist
2153 2537 2363 2606 um,cui
2381 2536 2630 2592 devotus
2645 2535 2899 2591 serviera
2912 2541 2949 2605 t,
2962 2533 3586 2604 migraverit,breviter

1949 2627 2306 2695 indagemus.
2327 2625 2778 2693 Adveneratjam
2799 2629 2910 2678 tem
2923 2639 3024 2691 pus
3041 2622 3420 2679 resolutionis
3433 2620 3582 2691 ejus,

1949 2721 2010 2771 et
2036 2717 2241 2770 beatus
2267 2715 2390 2784 ipse
2416 2713 2485 2769 ad
2507 2711 2807 2782 quemdam
2835 2711 3117 2782 episcopii
3143 2711 3590 2767 fundumtrans-

1952 2803 2099 2858 ierat
2131 2818 2306 2858 causa
2350 2801 2874 2858 consecrandarum
2925 2799 3340 2868 ascclcsiarum,
3375 2798 3474 2856 ubi
3508 2801 3590 2856 ta-

1951 2897 2084 2948 ctus
2114 2890 2472 2958 digladiabili
2505 2893 2663 2946 sorte
2697 2892 2946 2954 naturae,
2977 2888 3096 2944 acri
3131 2887 3308 2959 ccepit
3359 2886 3588 2958 fatigari

1953 2979 2173 3036 dolore.
2208 2979 2251 3034 Ο
2291 2979 2544 3047 beatum,
2570 2993 2604 3034 ο
2626 2992 2762 3034 vere
2796 2977 3040 3046 felicem,
3067 2976 3162 3046 qui
3187 2975 3380 3032 sciens
3409 2974 3591 3030 immi-

1955 3084 2093 3124 nere
2127 3067 2409 3124 transitus
2441 3067 2530 3122 sui
2565 3066 2735 3135 diem,
2772 3066 3106 3122 fatiscentcs
3155 3068 3320 3120 artus
3359 3063 3589 3135 Spiritui

1955 3156 2178 3214 servire
2211 3156 2478 3224 cogebat,
2499 3155 2702 3210 bonam
2725 3154 2872 3210 hanc
2895 3153 3177 3209 virtutum
3201 3167 3436 3208 suarum
3461 3166 3596 3208 con-

1955 3243 2395 3302 summationem
2419 3242 2784 3311 existimans,
2810 3242 2854 3298 si
2880 3243 2935 3296 in
2962 3248 3074 3296 tam
3103 3241 3349 3312 pio,tam
3373 3238 3590 3297 celebri

1954 3333 2050 3388 Dei
2081 3331 2322 3388 servitio
2355 3331 2712 3402 expenderet
2739 3329 2892 3400 quod
2925 3329 3214 3399 reliquum
3244 3333 3374 3384 erat
3403 3327 3594 3385 attriti

1902 3487 1911 3499 ,
1951 3422 2217 3494 corporis
2246 3421 2476 3476 virium.
2501 3423 2738 3475 Fecerat
2771 3420 2968 3488 itaque
2998 3417 3154 3474 votis
3188 3418 3354 3474 satis.
3389 3417 3596 3473 Conse-

1953 3511 2139 3567 cravit
2173 3524 2419 3580 namque
2451 3508 2562 3564 vici
2596 3507 2752 3565 illius
2779 3507 3098 3576 :ecclesias,
3129 3511 3186 3562 et
3227 3507 3595 3564 consecratio

1955 3599 2080 3670 ipsa
2129 3598 2284 3668 viget
2340 3612 2524 3668 usque
2555 3597 2608 3652 in
2642 3596 2985 3652 hodiernum
3035 3595 3207 3650 diem.
3236 3596 3415 3650 Tanta
3445 3593 3597 3649 enim

1953 3691 2080 3744 erat
2115 3692 2254 3743 tunc
2281 3691 2339 3742 et
2372 3701 2522 3741 nunc
2551 3689 2640 3742 est
2669 3684 2996 3740 auctoritas
3017 3683 3123 3740 viri
3153 3683 3364 3753 sancti,
3391 3685 3454 3739 ut
3478 3681 3600 3738 nul-

1955 3776 2048 3834 lus
2081 3775 2489 3847 episcoporum
2515 3773 2780 3844 quamvis
2805 3777 3068 3841 sanctus,
3098 3770 3597 3842 quamvisjustus,

1955 3863 2459 3922 consecrationem
2495 3863 2673 3934 ipsam
2708 3861 2990 3917 reiterare
3035 3859 3126 3916 vel
3174 3860 3463 3917 inmutare
3505 3873 3602 3916 au-

1957 3953 2114 4022 deat,
2134 3952 2231 4007 sed
2259 3950 2531 4022 perennis
2551 3955 2639 4006 est
2668 3949 2820 4020 apud
2843 3955 3084 4006 cunctos
3109 3952 3244 4004 tunc
3271 3948 3419 4004 facta
3443 3945 3603 4004 dedi-

1957 4041 2132 4111 catio,
2158 4046 2220 4095 et
2249 4039 2361 4095 erit
2395 4039 2838 4110 perpetualiter.
2863 4039 2999 4093 Tota
3033 4038 3210 4108 igitur
3239 4037 3404 4104 urbe,
3430 4036 3603 4093 immo

1957 4133 2083 4184 tota
2117 4128 2354 4197 regione
2387 4131 2618 4182 astante
2648 4129 2706 4180 et
2747 4125 2819 4182 ad
2879 4126 3117 4181 verbum
3150 4125 3270 4181 oris
3313 4123 3440 4194 ejus
3472 4138 3604 4195 pen-

1959 4218 2156 4286 dente,
2177 4229 2503 4271 sermonem
2527 4214 2661 4270 fecit
2682 4213 2952 4270 omnibus
2967 4213 3038 4268 de
3061 4213 3190 4284 ipso
3224 4213 3374 4269 festo
3405 4212 3605 4269 {eccle-

1960 4305 2080 4372 size,
2097 4307 2155 4359 et
2175 4303 2308 4373 quia
2325 4301 2778 4374 praesentialiter
2791 4301 3002 4356 ibidem
3017 4306 3255 4357 sanctus
3270 4304 3604 4357 sanctorum

1962 4393 2030 4449 ad
2043 4389 2532 4460 venerit,cunctis
2555 4387 2941 4458 adnuntiavit,
2958 4393 3132 4458 atque
3155 4403 3224 4444 ne
3241 4387 3604 4446 consecratio

1965 4481 2352 4538 reiteraretur
2385 4477 2700 4550 prohibuit.
2732 4477 2970 4533 l‘andem
3003 4477 3272 4533 omnibus
3303 4476 3602 4546 valedixit,

209 4562 320 4633 vis,
373 4563 540 4634 aquis
589 4577 986 4635 aquarumque
1033 4564 1398 4633 decursibus,
1442 4571 1501 4621 et
1552 4567 1850 4624 basilicam
1880 4556 1934 4616 D
1967 4583 2248 4638 suumque
2279 4566 2501 4623 exitum
2552 4564 2836 4622 maturius
2880 4563 3192 4621 affuturum
3238 4563 3528 4636 praedixit.
3563 4564 3606 4619 Ο

210 4651 396 4707 sancti
439 4651 665 4708 Martini
719 4651 772 4707 in
824 4651 946 4724 ipsa
987 4652 1124 4710 villa
1163 4653 1525 4710 Bettiliniaca
1568 4655 1680 4727 (60)
1723 4671 1854 4712 con-

213 4741 520 4810 structam,
549 4754 675 4810 qute
699 4741 912 4810 omnia,
939 4740 1092 4798 sicut
1125 4741 1373 4797 habebat
1403 4747 1463 4798 et
1493 4743 1851 4814 possidebat,

212 4831 418 4884 sancto
447 4827 656 4884 Vitono
687 4833 746 4883 et
777 4828 912 4885 huic
954 4829 1106 4901 patri
1157 4833 1357 4887 nostro
1408 4831 1557 4886 idem
1607 4831 1856 4888 contulit

215 4915 644 4987 perpetualiter
672 4916 1021 4988 possidenda
1047 4931 1196 4974 anno
1221 4917 1332 4974 inc.
1362 4919 1521 4974 Dom.
1547 4924 1651 4976 775
1680 4919 1860 4976 indic-

216 5003 377 5060 tione
414 5003 497 5074 14,
531 5011 806 5074 regnante
838 5005 1050 5061 Karolo
1082 5006 1282 5076 Magno
1313 5021 1464 5076 anno
1514 5007 1674 5078 regni
1732 5009 1860 5078 ejus

212 5096 266 5164 8,
299 5091 392 5150 die
423 5095 454 5146 ὅ
484 5093 619 5151 ldus
649 5093 1006 5165 Novembris,
1045 5095 1097 5150 in
1131 5095 1254 5166 ipsa
1308 5096 1542 5153 scilicet
1587 5097 1861 5170 sollemp-

217 5181 402 5238 nitate
435 5183 619 5238 sancti
651 5183 837 5255 patris
869 5183 1055 5239 nostri
1089 5184 1301 5240 Vitoni.

287 5271 652 5342 Diligebatur
682 5277 874 5329 autem
907 5272 979 5328 ab
1012 5273 1278 5330 omnibus
1305 5275 1490 5332 totius
1540 5275 1702 5346 regni
1747 5276 1864 5349 pri-

1967 4659 2220 4728 quantus
2251 4655 2304 4710 in
2348 4669 2486 4711 voce
2517 4654 2640 4710 haec
2673 4653 2866 4709 luctus
2893 4652 3170 4721 omnium,
3198 4667 3325 4722 qua)
3355 4653 3606 4724 suspiria

1961 4746 2259 4818 juvenum,
2279 4743 2479 4814 quanti
2501 4743 2754 4813 gemitus
2775 4739 3094 4798 dolentium
3112 4742 3208 4796 tEt
3233 4740 3363 4812 quis
3387 4755 3496 4797 non
3511 4741 3609 4798 ﬂe-

1969 4839 2078 4904 ret,
2104 4833 2200 4890 ubi
2235 4836 2434 4888 tantus
2462 4831 2549 4886 vir
2579 4845 2746 4888 suum
2771 4845 2799 4886 a
2823 4828 3038 4886 saeculo
3069 4829 3378 4886 nunciabat
3411 4843 3610 4886 exces-

1971 4939 2091 4980 sum
2123 4924 2145 4976 ?
2175 4921 2284 4989 Qui
2313 4935 2376 4976 se
2407 4919 2708 4976 cohiberet
2742 4933 2770 4974 a
2805 4917 3080 4987 lacrimis,
3118 4918 3213 4974 ubi
3266 4920 3426 4974 tanta
3483 4906 3608 4975 erat

1971 5011 2278 5068 destitutio
2311 5008 2562 5065 omnium
2596 5007 2651 5062 in
2685 5006 2948 5064 absentia
2979 5007 3128 5063 tanti
3159 5006 3347 5078 patris
3374 5007 3398 5062 ?
3428 5006 3612 5077 Igitur

1970 5102 2250 5156 censueta
2282 5097 2490 5154 salutis
2524 5097 2871 5153 documenta
2920 5095 3214 5168 replicans
3263 5109 3442 5166 seque
3495 5093 3612 5152 illis

1971 5187 2400 5256 commendans,
2436 5185 2706 5242 omnibus
2740 5184 3057 5255 benedixit,
3083 5189 3140 5240 et
3167 5189 3232 5240 ut
3262 5183 3478 5240 domini
3511 5183 3614 5239 Dei

1975 5276 2438 5331 memorarentur
2464 5271 2800 5342 ammonuit,
2833 5275 2890 5327 et
2923 5270 3006 5329 sic
3035 5269 3270 5341 expleto
3300 5268 3486 5326 ofﬁcio
3516 5267 3617 5326 do-

1585 5391 1821 5448 VIARIE
1862 5388 2244 5446 LECTIONES

215 5482 290 5518 ⁸⁸³
313 5482 633 5555 geuehardi
665 5495 814 5543 corr.
849 5483 1148 5541 teuthardi
1181 5497 1228 5543 ο.
1257 5483 1328 5519 ³³⁸
1360 5487 1535 5543 Verte
1565 5487 1614 5542 II
1649 5486 1784 5545 folia
1814 5492 1874 5544 et
1907 5485 2139 5558 require
2169 5481 2475 5554 sequentia
2507 5482 2618 5538 sub
2650 5481 2758 5538 hoc
2792 5480 2958 5552 signo
2991 5480 3114 5537 cod.

1811 5583 2030 5641 ΝΟΤᾹΞ.

293 5652 408 5725 (60)
443 5651 797 5710 Bettinville.
