3922 6398
390 306 500 376 155

1343 314 1708 381 HUGONIS
1750 310 2100 378 ABBATIS
2140 311 2832 379 FLAVINIACENSIS

3701 312 3828 379 156

389 456 544 503 mum
576 444 830 519 rediens,
864 444 1143 522 languore
1173 448 1617 524 ingravescente
1648 448 1842 510 acrius
1873 444 2026 521 cepit
2057 445 2115 508 A
2141 447 2306 510 dunt.
2338 451 2457 510 Nec
2485 449 2722 511 defuere
2753 449 3019 523 exequiis
3039 448 3195 510 beati
3223 445 3489 523 corporis
3516 444 3821 509 calestes

386 536 629 595 anxiari.
680 537 898 597 Dehinc
946 539 1169 599 relatus
1199 543 1269 599 ad
1315 543 1663 613 aacclesiam,
1696 543 1892 600 exitus
1939 540 2029 599 sui

389 627 840 699 praestolabatur
868 630 1066 687 horam
1096 631 1377 703 gaudens,
1399 637 1455 688 et
1480 634 1656 689 verba
1692 632 1826 689 vitae
1856 633 2032 688 omni-

384 716 493 773 bus
522 718 899 775 annuncians.
934 720 1110 777 Plena
1142 726 1267 778 erat
1317 722 1586 779 ecclesiae
1636 722 2025 792 lacrimarum,

386 804 552 877 plena
580 806 922 878 gemituum,
960 809 1126 881 plena
1156 810 1552 882 plangentium
1584 819 1641 870 et
1685 812 2025 870 dolentium.

386 893 552 950 Solus
574 894 697 965 ipse
717 896 1031 966 gaudebat,
1056 899 1152 969 qui
1178 915 1292 970 quo
1311 903 1633 959 vocabatur
1656 900 2027 977 agnoscebat,

385 985 443 1039 et
474 984 843 1042 vocationem
875 1002 1035 1043 suam
1076 990 1350 1060 precibus
1396 992 1856 1049 commendabat.
1892 993 2031 1047 Cum

388 1071 570 1128 clama
580 1079 707 1129 rent
733 1090 960 1133 omnes:
980 1077 1104 1134 Cur
1123 1093 1246 1147 nos,
1263 1080 1468 1151 Pater,
1486 1082 1708 1140 deseris
1727 1090 1754 1140 γ
1770 1083 1884 1139 C’m‘
1899 1084 2033 1140 tua:

387 1174 516 1218 ocos
541 1162 838 1222 desolatas
854 1165 1329 1238 relinquisnpse
1341 1171 1594 1227 omnium
1619 1171 2030 1241 miserebatur,

387 1250 659 1307 omnibus
673 1252 1159 1323 compatiebatur,
1176 1271 1412 1313 omnesa
1430 1257 1689 1315 lacrimis
1704 1264 2031 1330 temperare

388 1336 637 1393 docebat
666 1344 725 1395 et
749 1341 859 1396 sibi
885 1342 954 1397 ad
980 1344 1238 1412 requiem
1264 1346 1649 1403 festinancius
1669 1348 1921 1404 eundum
1939 1347 2026 1403 ³³⁵.

389 1424 503 1481 Nec
535 1427 719 1483 multo
752 1433 885 1499 post
916 1432 1076 1489 venit
1126 1434 1264 1489 hora
1298 1438 1501 1490 sancto
1534 1435 1829 1506 optabilis,
1863 1443 2033 1505 grata

388 1513 697 1583 spiritibus
726 1518 1024 1589 angelicis,
1061 1526 1244 1578 mesta
1280 1523 1492 1592 filiolis,
1520 1529 1579 1579 et
1609 1540 1842 1581 servum
1866 1541 2031 1582 suum

392 1607 524 1672 post
549 1603 770 1660 diutina
798 1608 1130 1676 praeliorum
1155 1611 1435 1667 exercitia
1462 1614 1725 1669 Christus
1748 1615 2035 1671 invitabat

390 1691 461 1745 ad
496 1694 750 1761 praemia.
784 1698 1162 1755 Presentibus
1191 1715 1330 1769 ergo
1363 1702 1646 1758 aecelesize
1705 1718 1823 1760 sure
1874 1704 2030 1774 filiis,

2141 542 2518 614 exequiarum
2552 542 2825 612 ministri,
2861 543 2957 615 qui
3000 544 3233 601 beatum
3285 542 3480 611 funus,
3513 540 3658 599 dum
3698 557 3819 599 suo

2142 633 2401 690 ambiunt
2453 637 2759 706 apparatu,
2794 635 3033 691 odorem
3069 632 3467 692 dulcissimum
3499 650 3602 692 sua
3655 649 3819 707 prae-

2142 722 2329 778 sentia
2360 723 2733 793 exibuerunt,
2764 726 2825 779 ut
2860 724 3047 796 palam
3078 723 3309 780 cunctis
3343 722 3591 781 daretur
3620 723 3814 780 intel-

2141 808 2263 881 ligi,
2298 811 2600 869 advenisse
2629 812 2751 869 illic
2783 813 2969 884 ipsum
3002 827 3233 884 quoque
3264 817 3565 870 auctorem
3600 813 3812 871 suavi-

2139 900 2301 957 tatis.
2336 903 2407 957 Et
2438 916 2659 959 revera.
2683 903 2809 975 Ipsa
2840 902 2992 958 enim
3025 901 3285 959 clemens
3304 900 3469 958 affuit
3489 901 3806 972 divinitas,

2143 988 2458 1045 consolans
2487 989 2810 1059 lugentium
2862 989 3151 1059 lacrimas,
3185 989 3511 1061 notiﬁcans,
3547 1004 3688 1061 quae
3742 990 3803 1047 in

2142 1077 2417 1134 defuncto
2466 1078 2676 1149 pietas,
2732 1082 2945 1149 quanta
2999 1078 3367 1150 simplicitas,
3410 1093 3538 1149 quae
3589 1079 3804 1136 cordis

2144 1166 2324 1222 fuerit
2375 1166 2617 1237 puritas.
2655 1166 2859 1222 Statim
2913 1180 3161 1238 namque
3211 1173 3273 1223 ut
3320 1166 3469 1224 coelo
3514 1166 3806 1238 spiritum

2143 1254 2420 1324 reddidit,
2447 1254 2576 1312 duae
2604 1255 2892 1313 columbae
2923 1255 3293 1313 candidiores
3322 1255 3453 1312 nive
3482 1256 3555 1312 ab
3587 1255 3807 1313 ethere

2141 1342 2369 1398 cunctis
2399 1343 2734 1399 videntibus
2764 1343 2944 1415 lapsae
2978 1359 3156 1416 super
3196 1358 3427 1400 crucem
3475 1358 3604 1415 quae
3654 1349 3803 1401 ante

2143 1444 2357 1501 corpus
2398 1436 2522 1487 erat
2574 1431 2874 1501 sederunt,
2909 1437 2963 1488 et
3015 1446 3119 1504 per
3165 1446 3367 1489 omnes
3408 1432 3797 1503 exequiarum

2143 1534 2355 1589 moras,
2392 1534 2698 1591 usquequo
2732 1521 3052 1592 sepulturae
3088 1521 3367 1578 traditum
3416 1524 3527 1590 est,
3564 1535 3800 1579 manse-

2146 1610 2300 1676 runt,
2336 1607 2536 1678 sicque
2568 1608 2931 1665 intuentibus
2962 1608 3094 1679 illis,
3131 1609 3340 1666 iterum
3392 1609 3507 1681 poli
3554 1614 3796 1666 secreta

2147 1694 2609 1765 petierunt.Cum
2628 1703 2786 1753 tanta
2801 1712 2940 1768 ergo
2953 1697 3209 1755 caelestis
3222 1698 3516 1755 exercitus
3530 1699 3801 1769 frequen-

392 1784 522 1849 post
555 1781 747 1838 dulcia
779 1785 912 1841 vitae
946 1787 1180 1855 monita,
1220 1793 1348 1860 post
1383 1789 1582 1845 ultima
1614 1791 2033 1850 consolationis
2062 1802 2117 1862 Β
2149 1784 2226 1839 tia
2250 1789 2516 1841 curatum
2541 1791 2630 1841 est
2656 1801 2873 1857 corpus
2892 1786 3073 1857 patris
3092 1787 3179 1857 pia
3198 1786 3444 1842 filiorum
3461 1786 3795 1857 diligentia,

392 1867 653 1924 aﬂ'amina
686 1871 900 1928 viatico
933 1875 1156 1931 cmlesti
1191 1881 1415 1947 pastus,
1444 1894 1583 1948 pace
1604 1879 1737 1936 data
1767 1882 2034 1938 omnibus

393 1954 447 2009 in
485 1956 629 2012 bona
664 1961 1026 2017 confessione
1049 1963 1317 2034 spiritum
1342 1968 1457 2021 Deo
1480 1968 1740 2036 tradens,
1771 1969 2033 2039 patribus

393 2045 517 2099 suis
546 2050 637 2101 est
671 2049 993 2119 appositus,
1026 2051 1274 2123 adeptus
1316 2055 1591 2124 Optimam
1627 2062 1870 2127 partem,
1905 2073 2033 2128 qum

391 2147 500 2186 non
536 2134 838 2191 auferetur
868 2137 939 2191 ab
970 2153 1061 2207 eo,
1097 2141 1228 2209 quia
1262 2142 1318 2196 in
1352 2157 1492 2213 pace
1526 2143 1629 2199 fuit
1678 2144 1839 2201 locus
1884 2146 2028 2215 ejus,

391 2223 449 2274 et
479 2220 535 2274 in
567 2222 699 2277 Sion
735 2224 1018 2281 habitatio
1047 2228 1195 2297 ejus.

461 2309 599 2373 (Fel.
628 2313 739 2380 50.)
763 2313 1079 2385 [Balli-.12.]
1105 2318 1230 2372 Fuit
1254 2323 1446 2374 autem
1474 2320 1680 2378 beatus
1704 2323 2034 2381 Madelveus

387 2410 417 2451 a
453 2400 714 2468 tempore
764 2401 1012 2472 Pippini,
1067 2406 1161 2474 qui
1212 2408 1493 2475 Ansegiso
1543 2413 1711 2466 ortus
1761 2412 2029 2468 Karolum

388 2487 648 2543 Tutidem
679 2491 903 2559 genuit,
938 2493 1033 2562 qui
1068 2499 1233 2563 pater
1262 2496 1510 2569 Pippini,
1534 2512 1605 2552 ex
1637 2514 1751 2569 quo
1783 2500 2029 2557 Karolus

388 2575 623 2645 Magnus
651 2582 741 2634 est
761 2581 1014 2648 genitus,
1040 2584 1254 2654 extitit,
1277 2585 1444 2655 cujus
1469 2601 1652 2658 usque
1677 2589 1745 2644 ad
1768 2593 2029 2661 tempora

389 2663 483 2721 hic
507 2664 701 2735 justus
729 2668 877 2724 vixit
907 2671 1025 2726 vita
1059 2674 1270 2743 sobria,
1304 2674 1612 2744 juventute
1659 2682 1841 2747 casta,
1878 2694 2032 2736 com-

389 2752 555 2825 piens
578 2770 811 2812 cursum
833 2757 969 2815 vitm
982 2762 1290 2830 praesentis
1304 2762 1359 2817 in
1375 2769 1678 2821 senectute
1696 2767 1842 2822 bona
1859 2765 2025 2833 (Gen.

392 2840 667 2910 Caroli).
696 2845 1066 2902 Senectutem
1092 2854 1286 2903 autem
1318 2851 1496 2921 ipsam
1518 2852 1785 2925 dicimus,
1811 2870 1935 2925 quae
1959 2858 2029 2912 ab

388 2943 539 2987 anno
569 2931 822 2988 hominis
846 2934 1327 3006 quinquagesimo
1354 2939 1407 2993 in
1432 2942 1925 3010 septuagesimum
1951 2959 2034 3001 se-

389 3018 632 3089 ptimum
668 3021 1008 3092 porrigitur,
1041 3026 1269 3093 quando
1294 3027 1411 3096 jam
1431 3042 1460 3083 a
1485 3032 1639 3084 statu
1660 3044 1765 3086 suo
1787 3031 2033 3088 minora-

393 3106 438 3161 ri
472 3109 528 3162 et
562 3107 841 3164 inﬁrmari
873 3110 1063 3189 virtus
1096 3113 1339 3171 humana
1374 3115 1598 3188 incipit,
1634 3118 1767 3189 quia
1800 3124 1858 3174 et
1889 3125 2031 3179 tetas

384 3192 507 3265 ipsa
533 3210 661 3264 quze
683 3211 712 3252 a
737 3203 832 3253 77°
854 3213 1003 3254 anno
1023 3200 1077 3255 in
1101 3216 1370 3258 occasum
1394 3205 1786 3275 protenditur,
1807 3207 2028 3264 senium

383 3287 442 3339 et
473 3282 771 3356 decrepita
804 3291 1082 3353 vocatur;
1104 3291 1335 3359 quando
1357 3292 1465 3347 hoc
1490 3307 1718 3364 quoque
1751 3294 1905 3366 quod
1938 3312 2031 3353 su-

381 3377 598 3442 perest,
633 3374 879 3444 languor
909 3380 966 3433 et
1000 3377 1208 3434 horror
1237 3380 1410 3436 habet
1432 3379 1519 3435 ³³⁸.
1546 3382 1709 3447 Quod
1734 3383 1864 3439 ideo
1890 3384 2030 3440 dici-

380 3464 497 3529 tur,
524 3476 593 3517 ne
627 3462 876 3533 simplex
904 3464 1095 3521 lector
1125 3467 1370 3523 audiens
1394 3470 1627 3525 beatum
1653 3471 1839 3527 virum
1864 3472 1919 3527 in
1942 3486 2030 3529 se-

379 3553 619 3605 nectute
651 3550 797 3607 bona
848 3567 1086 3610 cursum
1133 3570 1593 3626 consummasse,
1620 3559 1855 3614 estimet
1896 3575 2026 3617 cum

381 3652 565 3707 usque
595 3638 667 3694 ad
690 3639 949 3696 ultimam
974 3647 1334 3700 senectutem
1356 3646 1583 3701 venisse
1605 3664 1619 3709 ;
1644 3662 1774 3703 cum
1799 3654 2027 3705 constet

382 3741 850 3797 unumquemque
880 3735 1090 3786 exacto
1136 3731 1335 3801 spacio
1379 3734 1659 3804 temporis
1708 3736 2024 3808 praestituti

381 3814 524 3870 hora
547 3816 835 3885 praefinita
858 3817 914 3872 in
946 3817 1132 3875 oculis
1164 3820 1386 3875 Domini
1422 3821 1754 3879 defunctum
1789 3839 2025 3882 cursum

379 3902 723 3973 complesse,
751 3919 855 3960 nec
876 3905 1118 3962 interest
1144 3912 1338 3963 utrum
1360 3910 1491 3979 quis
1512 3909 1566 3965 in
1591 3916 1894 3968 senectute
1925 3918 2022 3971 aut

380 3989 757 4059 injuventute
781 4008 884 4050 seu
909 3993 963 4049 in
987 3995 1227 4051 infantia
1252 3996 1507 4052 debitum
1525 3999 1868 4071 expleverit,
1887 4002 2023 4072 quin

379 4079 571 4137 minus
602 4085 662 4136 et
693 4081 766 4138 de
800 4082 927 4154 ipso
961 4082 1192 4142 dicatur
1224 4104 1235 4139 :
1274 4085 1529 4144 Cursum
1575 4092 2018 4147 consummavit.

380 4166 569 4238 [BER'L
607 4170 718 4241 12.]
754 4170 909 4225 Obiit
940 4176 1130 4228 autem
1160 4177 1317 4230 terra
1352 4174 1640 4246 plorante,
1681 4178 1830 4233 coelo
1865 4178 2025 4250 plau-

378 4256 573 4323 dente,
609 4257 663 4312 in
693 4258 955 4330 proximo
978 4261 1259 4333 episc0pii
1285 4263 1652 4334 fundo,quod
1684 4265 1900 4323 dicitur
1922 4269 2025 4323 No-

376 4345 608 4415 vavilla,
636 4350 667 4403 4
688 4349 829 4404 Νοη.
852 4349 1146 4421 Octobris,
1180 4366 1330 4407 anno
1354 4352 1546 4408 aetatis
1568 4368 1689 4410 suae
1703 4358 1790 4424 66,
1810 4355 1863 4410 in
1894 4355 2022 4426 ipso

375 4431 550 4489 inicio
596 4433 949 4493 albescentis
1014 4440 1357 4509 senectutis,
1409 4456 1628 4498 exuens
1670 4443 2023 4514 corruptibi-

2146 1877 2203 1928 et
2235 1872 2317 1928 sic
2347 1888 2477 1929 cum
2501 1874 2653 1929 omni
2677 1874 3052 1930 veneratione
3076 1874 3409 1944 dignissima
3435 1873 3695 1931 delatum
3722 1875 3797 1930 ad

2146 1960 2469 2017 azcclcsiam
2487 1963 2641 2018 beati
2657 1963 2814 2018 Petri
2830 1961 3226 2034 apostolorum
3245 1962 3523 2034 principis
3537 1961 3797 2018 filiorum

2146 2048 2422 2121 humeris,
2440 2066 2568 2121 qua)
2583 2052 2695 2107 sita
2718 2051 2787 2107 ad
2812 2050 3330 2122 septentrionalem
3355 2050 3581 2122 plagam
3607 2051 3795 2120 urbis,

2144 2137 2200 2192 in
2235 2152 2347 2208 qua
2390 2139 2695 2210 preciosus
2743 2140 2967 2196 Domini
3016 2140 3316 2196 confessor
3363 2139 3610 2195 Vitonus
3657 2154 3791 2196 cum

2144 2225 2344 2282 multis
2378 2229 2913 2299 prmdecessoribus
2944 2242 3041 2284 seu
3077 2227 3517 2284 successoribus
3549 2227 3676 2284 suis
3712 2242 3802 2282 re-

2142 2314 2393 2384 quiescit
2416 2315 2766 2386 przesulibus
2794 2315 3154 2381 sanctis;ubi
3177 2315 3362 2371 ofﬁcio
3387 2314 3798 2386 sollempniter

2140 2415 2209 2457 ex
2241 2418 2399 2458 more
2421 2403 3195 2473 celebrato,occurrentibus
3216 2403 3533 2460 vicinarum
3559 2403 3791 2459 urbium

2141 2492 2437 2563 episcopis
2462 2499 2631 2548 terrae
2654 2496 2743 2548 est
2770 2493 3099 2548 mandatum
3122 2507 3250 2548 cum
3274 2491 3479 2561 gloria.
3498 2490 3656 2547 Felix
3679 2506 3790 2547 ωο-

2141 2579 2322 2637 clesia
2351 2581 2499 2636 tanti
2548 2580 2736 2652 patris
2789 2580 3124 2636 humatione
3173 2579 3381 2649 digna!
3413 2578 3572 2635 Felix
3616 2579 3785 2635 locus

2138 2669 2287 2724 tanti
2318 2668 2581 2725 thesauri
2614 2668 2921 2738 largitione
2955 2667 3175 2723 ditatus
3205 2669 3217 2722 !
3251 2667 3491 2723 Beatum
3533 2666 3780 2723 dixerim

2142 2756 2440 2829 pepulum,
2474 2757 2621 2812 tanti
2657 2756 2908 2828 pastoris
2938 2756 3216 2826 regimine
3255 2754 3652 2825 sublimatum,
3687 2755 3782 2812 be-

2142 2845 2474 2903 nedictione
2489 2843 3780 2917 protectum,miraeulisjocundatum.Etenim

2144 2934 2192 2990 si
2221 2933 2406 3004 gloria
2440 2922 2720 2990 mcclesiaa
2744 2932 2871 2989 laus
2894 2932 3152 2989 doctoris
3196 2934 3306 3001 est,
3334 2934 3567 3001 quantm
3587 2935 3775 3001 erant,

2143 3023 2317 3078 immo
2346 3026 2579 3093 quantas
2601 3026 2734 3079 sunt
2758 3022 2929 3091 hujus
2952 3021 3234 3078 :ecclesiaa
3257 3019 3477 3090 gloriae,
3497 3022 3663 3091 cujus
3684 3021 3786 3078 do-

2142 3116 2364 3168 ctorem
2396 3115 2558 3166 tanta
2608 3112 2761 3166 Deus
2808 3110 3179 3181 omnipotens
3229 3109 3513 3181 approbat
3560 3109 3784 3167 laude?

2141 3202 2289 3257 Ecce
2320 3200 2390 3256 ad
2424 3199 2701 3270 exequias
2731 3200 2857 3271 ejus
2886 3198 3141 3255 celestes
3179 3198 3546 3255 excubabant
3592 3198 3786 3254 minis-

2143 3289 2238 3358 tri,
2274 3292 2337 3345 ut
2376 3292 2798 3359 agnosceretur
2844 3288 2900 3342 in
2947 3288 3124 3345 terris
3171 3289 3383 3359 quanta
3429 3287 3581 3343 hunc
3629 3288 3783 3343 Deus

2138 3377 2323 3449 gloria
2353 3377 2628 3433 donasset
2657 3377 2711 3432 in
2744 3376 2929 3432 caelis.

2212 3465 2352 3536 (F01.
2380 3466 2510 3535 59’.)
2537 3467 2708 3521 Beata
2735 3464 2903 3537 plane
2926 3463 3304 3534 exequiarum
3331 3463 3554 3533 funera,
3576 3461 3776 3519 talium

2138 3555 2379 3611 testium
2410 3553 2746 3610 visitatione
2779 3553 2987 3623 (ligna!
3021 3554 3087 3607 Et
3113 3551 3249 3623 quid
3278 3554 3364 3607 est
3389 3550 3685 3608 columbas
3707 3550 3778 3607 de

2137 3642 2289 3698 coelo
2329 3642 2579 3711 venisse,
2616 3641 2800 3698 funeri
2851 3641 3280 3714 obsequiumet
3314 3639 3585 3696 solatium
3632 3654 3778 3712 prae-

2138 3730 2354 3800 buisse,
2373 3731 2583 3787 iterum
2598 3731 2828 3787 cunctis
2853 3730 3184 3786 videntibus
3205 3728 3315 3785 celi
3348 3732 3571 3785 secreta
3603 3728 3777 3800 petis-

2138 3819 2340 3889 se,nisi
2356 3819 2645 3875 Christum
2662 3819 2717 3875 in
2734 3819 2929 3890 specie
2948 3817 3108 3874 alitis
3123 3818 3382 3874 innocua
3399 3817 3666 3873 fidelibus
3679 3833 3777 3889 po-

2138 3908 2291 3979 pulis
2322 3907 2391 3964 de
2417 3914 2601 3964 morte
2627 3908 2812 3979 patris
2828 3907 3212 3963 maerentibus
3231 3920 3510 3975 suamque
3533 3905 3773 3962 destitu-

2138 3997 2350 4053 tionem
2365 3996 2702 4066 lugentibus
2717 3999 2991 4067 patenter
3003 3994 3313 4050 ostendere
3327 3992 3770 4063 voluissc,illum

2133 4086 2300 4157 cujus
2334 4086 2505 4141 funus
2531 4088 2678 4154 erat,
2715 4084 2771 4139 in
2810 4083 3137 4140 innocentia
3186 4086 3243 4138 et
3294 4080 3664 4153 simplicitate
3694 4082 3772 4136 vi-

2134 4176 2305 4243 xisse,
2343 4174 2469 4230 sine
2504 4173 2638 4229 felle
2668 4171 3076 4229 amaritudinis
3119 4171 3297 4227 vitam
3338 4170 3513 4241 piam,
3548 4169 3771 4226 timora-

2134 4270 2271 4334 tam,
2305 4263 2814 4332 circumspectam,
2849 4258 3182 4330 sollicitam,
3218 4258 3522 4315 societatis
3550 4263 3770 4314 sancto-

2132 4368 2260 4410 rum
2293 4350 2540 4420 avidam,
2566 4350 2638 4405 ab
2669 4349 2825 4406 omni
2857 4347 3092 4405 malitiae
3133 4362 3279 4403 neve
3309 4348 3612 4403 immunem
3642 4360 3769 4404 exe-

2131 4442 2306 4512 gisse,
2332 4445 2392 4496 et
2421 4438 2717 4495 consortia
2749 4441 3082 4495 sanctorum
3116 4436 3168 4492 in
3198 4437 3381 4507 gloria
3415 4436 3589 4493 curiae
3608 4435 3766 4492 caele-

376 4520 487 4578 lem
519 4524 712 4581 carnis
741 4525 1015 4596 tunicam,
1043 4527 1290 4584 induens
1323 4505 1586 4584 deiﬁcam
1621 4505 2022 4588 immortalita-
2049 4505 2102 4565 D
2133 4505 2242 4588 stis
2275 4505 2367 4602 pia
2393 4527 2700 4585 devotione
2722 4525 3007 4582 meruisse
3027 4534 3053 4584 7
3075 4505 3371 4582 Accedant
3395 4524 3579 4581 adhuc
3597 4530 3652 4580 et
3670 4538 3764 4596 po-

375 4608 455 4667 tis
474 4611 701 4669 stolam.
728 4614 847 4670 Hoc
869 4620 1111 4686 accepto
1133 4615 1322 4686 elogio
1341 4617 1551 4673 civitas
1574 4621 1697 4675 tota
1723 4620 2017 4690 turbatur,

375 4699 624 4772 populus
655 4702 844 4758 omnis
876 4717 1103 4760 merere
1149 4705 1419 4761 afficitur.
1454 4707 1568 4763 Nec
1620 4721 1800 4777 mora,
1835 4707 2023 4765 omnis

373 4791 795 4860 aetas,uterque
809 4792 1315 4849 sexusindiscrete
1331 4795 1561 4866 corpori
1578 4794 1805 4851 obviam
1821 4801 2018 4867 ruunt,

370 4874 741 4937 lacrimarum
777 4878 995 4936 imbres
1025 4880 1291 4951 fundunt,
1321 4880 1703 4953 plangoribus
1728 4898 1860 4940 aera
1894 4888 2025 4941 tun-

2135 4620 2282 4675 tiora
2309 4615 2607 4685 miracula,
2623 4614 2989 4685 glorificetur
3011 4615 3164 4671 Deus
3186 4614 3241 4670 in
3262 4613 3483 4670 sanctis
3506 4612 3645 4682 suis,
3668 4612 3759 4685 qui

2131 4711 2224 4763 est
2250 4704 2538 4761 mirabilis
2571 4704 2625 4759 in
2659 4703 2933 4774 operibus
2965 4702 3104 4760 suis.
3139 4705 3384 4759 liumato
3406 4701 3556 4758 enim
3589 4700 3759 4772 patris

2132 4808 2399 4866 corpore,
2436 4797 2498 4850 ut
2531 4792 2950 4849 ostenderetur
2973 4791 3028 4847 in
3048 4791 3207 4848 caelis
3231 4805 3463 4862 semper
3481 4790 3672 4846 vivere
3690 4788 3757 4845 ad

2136 4882 2496 4940 ostendenda
2530 4881 2810 4954 praeclara
2842 4881 2970 4952 ejus
2999 4880 3224 4951 merita,
3251 4880 3464 4936 ﬁebant
3488 4878 3557 4936 ad
3584 4875 3759 4951 sepul-

1730 5050 1967 5107 VARI/{'3
2008 5048 2407 5106 LECTIONES.

438 5199 507 5233 ³³⁵
540 5215 608 5257 us
636 5201 890 5258 eundum
918 5199 1020 5257 vel
1054 5199 1214 5256 talia
1244 5198 1517 5271 quaedam
1546 5199 1783 5258 abscisa
1810 5202 2043 5259 suntin
2068 5216 2114 5260 ο.
2151 5202 2367 5259 Auctor
2395 5198 2519 5258 hac
2542 5198 2806 5271 insanit
2832 5198 2892 5255 et
2904 5197 3117 5271 postea
3145 5196 3366 5271 iterum
3391 5195 3647 5271 delevit:
3680 5196 3756 5252 [n-

373 5269 549 5344 fantia
582 5272 734 5327 enim
769 5278 994 5344 septem
1028 5271 1194 5326 annis
1229 5266 1448 5344 finitur,
1484 5274 1550 5344 14
1584 5272 1853 5344 pueritia.
1889 5273 2149 5343 Sequens
2181 5270 2576 5344 adolescentia
2609 5269 2838 5344 duabus
2870 5266 3101 5326 constat
3142 5266 3485 5344 ebdomadis
3535 5271 3754 5344 propter

374 5339 738 5396 intellectum
772 5339 1147 5399 et'actionem
1180 5356 1211 5397 c
1243 5341 1359 5397 duo
1394 5339 1646 5398 nendu'm
1677 5347 1842 5399 erant
1877 5344 1930 5398 in
1981 5339 2089 5400 IEt

374 5410 648 5468 iuventus
678 5411 872 5467 tribus
902 5417 1135 5468 constat
1169 5411 1509 5468 ebdomadis
1544 5418 1786 5468 nronter
1815 5360 2089 5468 inteﬁect‘

366 5410 648 5484 juventus
678 5411 872 5467 tribus
902 5417 1135 5469 constat
1169 5411 1509 5469 ebdomadis
1544 5418 1786 5484 propter
1815 5413 1934 5469 inte

2122 5341 2445 5418 porrigitur
2473 5340 2594 5397 hac
2623 5343 2769 5418 astas
2800 5355 2829 5396 a
2863 5345 2956 5418 15?
2988 5354 3136 5418 anno
3168 5339 3222 5418 in
3246 5342 3415 5395 28am.
3443 5339 3753 5418 Succedens

2021 5410 2176 5471 ctum
2211 5418 2267 5469 et
2294 5410 2585 5468 actionem
2619 5415 2679 5482 et
2707 5410 2976 5482 corporis
3018 5410 3316 5482 virtutem,
3351 5423 3478 5479 qua:
3507 5410 3754 5482 a_29°__i_n-

375 5477 620 5565 cipiens,
653 5484 1230 5565 490.consummatur.
1268 5477 1557 5565 Senectus
1586 5477 1722 5564 vero
1755 5490 2035 5565 quattuor
2064 5482 2405 5565 ebdomadis
2451 5481 2798 5565 completur,
2818 5477 3487 5565 'propter‘accidentem
3528 5478 3609 5565 in
3652 5477 3755 5565 illis

373 5552 567 5626 tribus
599 5552 769 5626 animi
803 5556 859 5607 et
893 5554 1161 5626 corporis
1188 5552 1576 5626 gravitatem;
1610 5552 1811 5626 incipit
1843 5559 2141 5626 50°,anno,
2172 5559 2268 5626 71°
2299 5552 2668 5626 terminatur.
2704 5552 2986 5610 Senectus
3015 5556 3207 5609 autem
3237 5564 3487 5624 vergens
3517 5563 3547 5606 a
3573 5552 3756 5619 juven-

368 5626 499 5683 tute
529 5623 587 5681 in
621 5622 846 5681 senium
878 5622 1015 5694 quae
1037 5622 1336 5698 decrepita
1364 5629 1608 5684 vocatur
1639 5622 1817 5683 vitam
1850 5622 2133 5683 ultimam
2157 5624 2455 5683 anhelans.
3236 5629 3245 5635 ·
