3922 6442
342 407 453 471 15³7

337 642 420 698 tia
455 640 617 699 illum
652 656 681 697 a
737 656 918 713 puero
965 645 1040 700 ab
1095 645 1248 702 omni
1311 647 1748 719 inquinamento
1797 650 1991 707 carnis

341 730 549 801 abluit,
585 733 952 802 mentemque
975 732 1450 802 ejuscastificans
1465 740 1537 793 ab
1579 738 1848 796 illusione
1873 740 1993 797 dia-

342 818 529 877 bolica
566 824 841 891 potenter
872 821 1153 891 defendit,
1173 840 1357 894 usque
1381 826 1722 884 sibimundo
1737 829 1915 885 corde
1930 832 1988 885 et

341 914 509 965 casto
539 924 785 979 corpore
817 910 1213 983 servivit,ejus
1245 920 1376 984 post
1400 915 1622 972 obitum
1658 917 1992 974 evidentius

343 997 843 1054 manifestavit.Ut
865 999 1691 1071 enimipsiusmensiuviolata
1728 1005 1991 1077 libidine,

344 1086 422 1141 ita
448 1101 585 1142 caro
617 1086 826 1142 mansit
854 1087 1194 1160 incorrupta
1213 1092 1850 1163 putredine.Siquidem
1866 1110 1996 1151 cum

345 1176 680 1246 sepulcrum
710 1177 836 1246 ejus
859 1176 1174 1236 cotidianis
1202 1181 1487 1237 virtutum
1542 1184 1777 1239 floreret
1802 1183 1995 1255 prodi-

347 1264 459 1333 giis
483 1269 539 1318 et
564 1264 792 1319 crebris
818 1264 1163 1335 pOpulorum
1200 1269 1676 1338 frequentaretur
1706 1272 1996 1343 excubiis,

347 1358 473 1407 erat
508 1359 697 1407 tamen
727 1352 899 1407 situm
936 1353 1324 1423 negligentius
1357 1373 1523 1427 quam
1552 1359 1743 1429 poscit
1783 1361 1997 1416 debitae

343 1441 740 1496 venerationis
773 1440 986 1495 cultus.
1025 1443 1213 1507 Quare
1240 1445 1474 1514 (lignum
1504 1446 1667 1502 duxit
1700 1453 1840 1503 tunc
1861 1453 2001 1503 tem-

344 1531 505 1600 poris
535 1530 848 1601 episeOpus
884 1535 1194 1602 clerusque
1218 1535 1406 1590 omnis
1437 1542 1494 1590 et
1546 1536 1797 1607 populus
1856 1536 2000 1592 illud

346 1628 572 1679 mutare
597 1625 917 1680 decentius.
953 1623 1298 1679 Presidebat
1353 1639 1422 1678 eo
1479 1629 1742 1695 tempore
1796 1627 2001 1682 Virdu'

346 1712 791 1768 nensiecclesize
828 1712 1508 1782 fierhardusepiscopus,
1547 1712 1637 1767 vir
1671 1713 2001 1771 catholicus

348 1806 408 1854 et
432 1800 743 1868 religiosus
762 1802 895 1856 etin
931 1801 1041 1856 fide
1062 1805 1260 1856 sancta
1288 1802 1809 1873 nominatissimus,
1829 1803 1999 1874 impe-

1606 419 2099 487 CHRONICUN.
2136 459 2209 472 —
2238 424 2397 490 LIB.
2438 426 2488 489 Ι.

337 563 505 609 crum
539 544 667 620 ejus
700 547 893 608 divina
908 547 1294 612 miracula.Et
1322 552 1455 628 quia
1484 554 1579 632 pia
1602 556 1703 616 Dei
1741 555 1991 616 clemen-
2018 555 2072 618 A
2106 559 2341 635 dunum,
2379 577 2507 636 qua:
2540 561 2723 623 sitain
2738 562 2990 624 confinio
3014 560 3300 623 Neustria
3322 566 3384 621 et
3407 559 3731 623 Austrasia

3629 417 3742 482 158

2107 653 2421 723 utrobique
2453 654 2771 712 incursioni
2797 654 3194 726 diripientium
3210 654 3399 726 patuit
3422 657 3480 711 et
3506 653 3745 725 rapina.

2104 742 2345 798 Duravit
2366 743 2468 800 hec
2482 744 2732 800 vastitas
2746 759 2848 815 per
2861 759 3043 801 annos
3056 743 3409 814 complures,
3436 757 3467 799 a
3483 747 3752 814 tempore

2107 829 2333 886 scilicet
2366 832 2704 888 Theoderici
2735 837 2795 889 et
2831 832 3114 904 principis
3171 831 3433 901 Ebroini,
3500 845 3745 902 quorum

2110 919 2374 975 bestialis
2405 925 2460 975 et
2495 935 2605 975 non
2631 920 2879 977 humana
2898 921 3121 978 savitia
3146 919 3457 976 maculavit
3505 934 3746 989 regnum

2111 1008 2462 1064 Francorum
2494 1009 2772 1077 sanguine
2794 1024 3101 1081 procerum
3123 1013 3182 1064 et
3205 1012 3535 1078 magnatum
3567 1022 3751 1079 usque

2108 1095 2180 1151 ad
2205 1097 2526 1153 secundum
2541 1097 2768 1168 Pippini
2788 1098 2942 1167 regis
2955 1096 3637 1168 annum,quoinstitutus
3658 1101 3754 1154 est

2110 1199 2139 1241 a
2183 1185 2474 1256 Stephano
2499 1200 2642 1259 papa
2658 1200 2761 1242 rex
2793 1186 3334 1257 Francorum,sicut
3352 1190 3410 1240 et
3427 1184 3753 1256 prazdeces-

2111 1288 2209 1328 sor
2240 1274 2368 1341 ejus
2393 1274 2699 1330 Zacharias
2727 1275 3139 1344 constituerat,
3172 1275 3269 1346 qui
3328 1273 3435 1330 fuit
3456 1288 3642 1331 annus
3679 1276 3752 1330 ab

2111 1359 2222 1417 inc.
2260 1362 2416 1417 Dom.
2451 1364 2734 1419 754.1‘unc
2759 1363 3002 1434 primum
3037 1363 3303 1419 discussa
3328 1361 3579 1431 caligine
3620 1362 3750 1418 hor-

2113 1449 2305 1505 ribilis
2338 1451 2609 1521 turbinis,
2636 1451 2895 1507 novalux
2914 1451 3053 1507 oriri
3073 1451 3193 1506 visa
3209 1456 3299 1507 est
3325 1449 3751 1521 Calliarumpo-

2113 1537 2289 1608 pulis,
2323 1543 2379 1593 et
2414 1539 2630 1610 plebes,
2656 1556 2783 1610 quze
2813 1540 3371 1610 carebantpastore,
3405 1553 3572 1595 suum
3600 1552 3755 1608 quaa-

2114 1640 2225 1695 que
2257 1628 2525 1682 certatim
2552 1642 2756 1699 rapere
2791 1646 2806 1694 ;
2838 1642 2952 1698 quo
2976 1643 3125 1683 anno
3176 1627 3607 1683 inthronizatus
3656 1630 3749 1682 est

2112 1714 2201 1769 hic
2220 1717 2426 1771 beatus
2443 1716 2798 1772 auctoritate
2814 1715 3087 1785 Stephani
3107 1731 3172 1787 pa
3184 1731 3268 1786 pte
3281 1720 3338 1770 et
3354 1714 3580 1786 Pippini
3598 1714 3753 1786 prin-

2111 1803 2258 1874 cipis
2292 1804 2479 1860 laude.
2506 1807 2648 1861 Dum
2681 1819 2821 1874 ergo
2847 1806 3063 1860 referat
3086 1804 3342 1874 cronica,
3364 1803 3501 1873 quid
3528 1802 3750 1859 fuerita

350 1892 515 1945 rante
548 1891 817 1946 Lothario
848 1890 1122 1945 Ludovici
1156 1890 1241 1944 Pii
1277 1888 1604 1959 filio,cujus
1634 1906 1870 1960 regnum
1890 1893 1995 1947 fuit
2026 1907 2078 1966 Β
2108 1896 2373 1963 tempore
2406 1892 2631 1963 Pippini
2667 1892 2762 1962 qui
2797 1893 3075 1962 Ansegiso
3107 1896 3273 1947 ortus
3292 1890 3560 1947 Karolum
3588 1889 3759 1946 Tudi-

347 1979 515 2034 Italia
540 1995 670 2035 cum
705 1980 847 2035 urbe
879 1980 1055 2034 Roma
1088 1983 1146 2035 et
1182 1983 1349 2050 parte
1367 1980 1624 2036 Franciae
1657 1995 1825 2051 quam
1843 1982 1994 2037 Mosa

349 2070 410 2122 et
441 2068 676 2123 Rhenus
708 2068 861 2122 inter
886 2083 948 2123 se
979 2067 1278 2123 claudunt.
1308 2068 1467 2134 Quod
1491 2084 1644 2137 eum,
1667 2069 1751 2125 uti
1780 2069 1996 2125 delibe-

351 2160 621 2211 raverant
656 2156 864 2224 animo,
892 2160 1190 2211 certarent
1236 2157 1448 2211 effosso
1498 2156 1745 2227 implere
1803 2172 1997 2213 sarco-

350 2246 557 2317 phago,
593 2245 788 2301 subito
819 2244 938 2300 illis
963 2245 1370 2301 inestimabilis
1401 2249 1632 2302 ostensa
1681 2250 1771 2301 est
1821 2247 1989 2301 visio.

352 2335 487 2389 Nam
522 2334 716 2390 ablato
748 2333 1040 2404 sepulchri
1075 2334 1445 2404 cooperculo,
1483 2335 1682 2389 vident
1744 2334 1995 2390 cadaver

353 2426 486 2477 ante
522 2424 587 2476 40
618 2437 800 2477 annos
827 2422 1161 2477 defunctum
1181 2422 1343 2477 velut
1366 2422 1659 2478 viventem
1709 2423 1995 2477 hominem

356 2516 717 2580 soporatum,
750 2508 1272 2565 candorcliliorum
1313 2509 1403 2565 vel
1456 2511 1666 2565 rubore
1730 2524 1994 2565 rosarum

351 2599 675 2670 perfusum,
712 2597 867 2652 nulla
898 2596 1116 2653 macula
1147 2612 1248 2651 nec
1275 2597 1469 2667 aliquo
1505 2599 1709 2654 mortis
1739 2599 1904 2667 signo
1921 2598 1995 2653 fe-

353 2687 570 2743 datum.
599 2687 723 2751 Quo
739 2686 862 2740 viso
885 2685 1182 2754 miraculo,
1206 2685 1503 2754 odorrque
1522 2687 1737 2755 perfusi
1772 2687 1996 2742 suavis-

352 2775 516 2843 simo,
545 2779 827 2845 ceperunt
855 2774 993 2829 ﬂere
1010 2789 1129 2843 prae
1147 2773 1765 2844 gaudio,levantesque
1780 2790 1995 2845 corpus

350 2863 537 2919 sancti
572 2878 701 2919 cum
721 2863 1048 2918 reverentia
1073 2866 1127 2915 et
1148 2861 1360 2932 jubilo,
1382 2862 1778 2933 inprmparato
1809 2867 1996 2919 trans-

349 2956 572 3022 ponunt
613 2951 931 3020 mausoleo,
968 2950 1061 3006 ubi
1088 2955 1304 3006 extunc
1360 2955 1639 3020 operatur
1693 2951 1988 3021 divinitas,

352 3045 717 3110 cunctosque
743 3040 839 3094 Dei
876 3039 1139 3094 medetur
1172 3039 1378 3108 pictas.
1408 3039 1643 3109 Sopitur
1692 3039 1880 3095 omnis
1913 3040 1992 3095 ibi

349 3127 682 3195 infirmitas,
724 3127 959 3196 fugatur
983 3124 1238 3196 caecitas,
1265 3126 1993 3198 crigiturcurvitas,robo-

355 3220 521 3272 ratur
553 3214 852 3285 debilitas,
888 3215 1157 3271 omnibus
1180 3213 1445 3270 redditur
1475 3215 1711 3270 sanitas.

423 3305 610 3360 Habet
633 3290 749 3373 jam
786 3303 995 3359 beatus
1025 3303 1339 3359 Vitonusin
1354 3303 1513 3359 caelis
1534 3303 1754 3359 socium
1769 3309 1826 3359 et
1858 3319 1993 3360 con-

351 3394 558 3463 civem,
600 3406 767 3462 quem
800 3391 1002 3448 habuit
1029 3390 1342 3462 aliquando
1377 3392 1431 3446 in
1486 3392 1666 3447 terris
1697 3391 1989 3448 alumnum

350 3486 406 3538 et
441 3481 713 3537 devotum
751 3494 1174 3536 successorem.
1210 3480 1564 3549 Conjunctus
1593 3482 1681 3535 est
1698 3481 1989 3536 sanctisin

349 3569 557 3640 gloria,
578 3568 793 3640 quibus
816 3569 1066 3625 devotus
1085 3568 1326 3625 servivit
1343 3569 1395 3623 in
1412 3568 1519 3624 hac
1540 3567 1985 3640 vitajlaboriosa.

350 3658 674 3725 Queramus
704 3660 760 3713 et
795 3671 900 3713 nos
926 3672 1056 3713 eum
1083 3662 1388 3728 patronum
1414 3662 1474 3712 et
1500 3661 1988 3727 tutorem,etcum

346 3746 590 3818 reliquis
621 3746 842 3802 sanctis
864 3746 1018 3817 pium
1078 3746 1229 3818 apud
1283 3747 1460 3801 Deum
1512 3746 1985 3815 intercessorem,

348 3850 517 3906 quem
550 3835 868 3892 meruimus
901 3834 1115 3890 habere
1147 3834 1449 3890 doctorem
1484 3838 1539 3889 et
1564 3835 1833 3889 veritatis
1848 3849 1991 3905 prae-

346 3939 569 3981 conem.
604 3922 731 3979 Illic
764 3937 905 3991 ergo
940 3924 1167 3994 positus
1203 3937 1306 3978 nos
1322 3922 1413 3977 hic
1445 3922 1985 3993 orantesexaudiat,

345 4017 587 4070 tueatur
618 4016 677 4067 et
713 4015 1003 4084 protegat,
1035 4016 1094 4067 et
1128 4026 1271 4082 quos
1293 4011 1466 4066 habet
1494 4011 1738 4066 interris
1770 4010 1990 4083 suppli-

346 4116 446 4159 ces
468 4100 1130 4170 veneratores,optineat
1154 4099 1359 4155 suosin
1376 4098 1518 4154 celis
1535 4100 1654 4154 fore
1693 4098 1984 4155 concives.

422 4188 544 4258 (Fol
573 4189 688 4258 60.)
720 4188 775 4242 Si
808 4202 948 4256 ergo
975 4188 1148 4258 hujus
1173 4187 1326 4243 beati
1365 4187 1474 4243 viri
1533 4186 1746 4242 ductus
1792 4202 1988 4243 amore

349 4278 600 4347 diligens
630 4276 815 4332 lector
847 4276 1170 4332 studiosius
1217 4275 1376 4346 cupit
1426 4274 1752 4345 addiscere,
1797 4276 1988 4346 quoin

350 4373 613 4437 tempore
645 4369 817 4420 natus
851 4378 1036 4434 quove
1066 4364 1226 4420 sitad
1241 4364 1643 4435 episcopatum
1688 4368 1990 4435 promotus

349 4460 487 4527 quot
523 4452 1246 4524 annisanteepiscopatum
1270 4451 1520 4522 velquot
1555 4453 1609 4506 in
1643 4453 1985 4523 episcopatu

350 4543 582 4613 vixerit,
618 4548 675 4598 et
714 4557 828 4612 quo
864 4541 1148 4597 hominem
1178 4540 1406 4596 exuerit
1440 4545 1639 4596 teneat
1693 4541 1985 4596 cronicam

2109 1986 2227 2036 tem
2260 1981 2481 2051 genuit,
2517 1997 2699 2051 usque
2761 1982 2831 2037 ad
2874 1981 3068 2037 Karoli
3116 1985 3399 2052 tempora,
3457 1985 3756 2035 teneamus

2110 2084 2317 2125 annum
2351 2071 2422 2125 ab
2465 2070 2574 2125 inc.
2612 2072 2768 2125 Dom.
2806 2072 2928 2137 712,
2965 2083 3079 2140 quo
3112 2068 3321 2124 beatus
3347 2067 3441 2123 hic
3471 2073 3643 2123 natus
3664 2072 3754 2123 est

2108 2158 2424 2214 indictione
2448 2161 2533 2228 13,
2570 2162 2629 2212 et
2650 2158 2731 2214 sic
2757 2157 3148 2228 computando
3171 2155 3561 2212 ascendentes
3584 2154 3745 2217 habe-

2110 2246 2297 2302 bimus
2332 2246 2490 2317 ipsos
2520 2246 2941 2316 annos,quibus
2968 2245 3250 2316 Pippinus
3290 2243 3639 2314 supervixit,
3657 2257 3755 2298 an-

2107 2349 2211 2390 nos
2238 2335 2412 2389 etiam
2445 2340 2534 2404 27,
2573 2335 2785 2404 quibus
2812 2332 3327 2403 Karolusominuit
3360 2332 3751 2403 principatum

2106 2427 2241 2492 post
2265 2426 2507 2492 patrem,
2533 2436 2636 2477 sex
2666 2421 2839 2476 etiam
2874 2421 3088 2490 quibus
3118 2420 3219 2474 filii
3248 2420 3376 2488 ejus
3420 2418 3750 2475 Karloman-

2107 2525 2216 2565 nus
2248 2514 2304 2565 et
2330 2510 2611 2580 Pippinus
2646 2514 2776 2578 post
2807 2524 2937 2564 eum
2968 2508 3246 2565 dominati
3272 2511 3405 2564 sunt
3432 2507 3751 2563 communi-

2106 2606 2218 2667 ter,
2257 2604 2509 2669 quatuor
2542 2614 2770 2669 quoquc
2791 2598 3004 2668 quibus
3034 2602 3168 2652 ante
3220 2596 3555 2652 unctionem
3589 2595 3753 2652 solus

2111 2688 2495 2759 principatum
2530 2687 2803 2758 optinuit,
2832 2687 3018 2756 ipsum
3050 2686 3225 2740 etiam
3259 2698 3492 2754 annum,
3519 2698 3633 2753 quo
3692 2684 3747 2738 in

2108 2790 2300 2844 regem
2326 2774 2590 2831 elevatus
2605 2778 2713 2843 est,
2733 2780 2791 2829 et
2816 2774 2900 2829 sic
2924 2788 3202 2829 summam
3227 2772 3450 2828 numeri
3471 2772 3750 2842 colligen-

2109 2868 2198 2919 tes
2230 2864 2589 2919 invcniemus
2622 2863 2772 2933 quod
2810 2867 2874 2918 43
2907 2862 3101 2919 aetatis
3137 2876 3258 2918 sua:
3273 2876 3422 2917 anno
3443 2874 3751 2918 consecra-

2109 2956 2205 3008 tus
2238 2952 2311 3007 sit
2335 2951 2619 3008 electione
2644 2966 2915 3023 superna,
2934 2964 3001 3007 eo
3026 2950 3249 3006 scilicet
3284 2963 3458 3020 anno,
3484 2948 3743 3021 quoPip-

2109 3041 2281 3113 pinus
2313 3056 2411 3097 rex
2444 3041 2804 3098 constitutus
2834 3054 2864 3096 a
2895 3054 3041 3112 papa
3074 3042 3183 3095 est.
3222 3039 3365 3096 Hinc
3389 3039 3599 3095 iterum
3614 3052 3747 3094 enu-

2108 3130 2348 3186 meratis
2374 3145 2422 3186 a.
2460 3130 2752 3200 15quibus
2768 3134 2969 3200 postea
2994 3128 3275 3199 Pippinus
3296 3126 3457 3184 solus
3480 3127 3746 3197 regnavit

2106 3222 2160 3274 et
2194 3223 2226 3273 8
2258 3219 2424 3274 annis
2450 3218 2612 3288 regni
2634 3217 2848 3286 Karoli,
2883 3218 3015 3287 quia
3050 3218 3106 3271 in
3137 3232 3288 3273 nono
3305 3216 3398 3272 hic
3418 3218 3627 3272 beatus
3652 3215 3751 3271 ho-

2107 3307 2314 3362 minem
2349 3308 2531 3376 exuit,
2566 3305 3004 3363 cumobsideret
3067 3304 3314 3362 Karolus
3369 3304 3742 3361 Tharovisam

2106 3394 2288 3450 ltalim
2320 3395 2544 3464 urbem,
2578 3394 2938 3451 inveniemus
2970 3394 3121 3463 quod
3157 3396 3224 3448 54
3247 3391 3628 3463 pontificatus
3658 3392 3748 3448 sui

2104 3497 2255 3537 anno
2289 3480 2472 3553 perm
2505 3483 2626 3553 peri
2639 3482 2786 3538 turis
2800 3481 3039 3537 celestia
3056 3485 3115 3537 et
3129 3484 3347 3536 aeterna
3361 3483 3747 3550 commutans,

2106 3571 2159 3625 in
2188 3570 2449 3642 proximo
2465 3571 2750 3642 episcopii
2770 3570 2970 3639 fundo,
2995 3569 3091 3641 qui
3108 3569 3322 3625 dicitur
3337 3567 3659 3639 Novavilla,
3677 3568 3748 3624 ad

2102 3660 2405 3716 Dominum
2421 3660 2783 3729 migraverit,
2800 3662 2831 3714 4
2851 3660 3041 3714 Nonas
3072 3657 3366 3726 Octobris,
3411 3656 3607 3713 aetatis
3627 3671 3747 3713 suae

2103 3761 2154 3802 a.
2190 3753 2278 3817 68,
2314 3747 2630 3804 indictione
2664 3752 2753 3815 15,
2805 3750 3010 3818 epacta
3060 3750 3148 3815 28,
3183 3760 3332 3802 anno
3368 3744 3747 3816 pontificatus

2088 3826 2520 3909 ‘Adrianipapae
2554 3837 2667 3907 (6f)
2700 3841 2891 3906 sexto,
2925 3836 2995 3892 ab
3020 3835 3129 3891 inc.
3156 3836 3316 3891 Dom.
3354 3849 3403 3889 a.
3429 3839 3553 3903 777,
3575 3836 3751 3890 Cons-

2105 3925 2317 3981 tantini
2349 3930 2408 3981 et
2440 3927 2638 3980 lrenes
2680 3924 3063 3997 temporibus,
3129 3937 3278 3979 anno
3326 3922 3488 3993 regni
3548 3936 3749 3979 eorum

2103 4017 2292 4083 sexto,
2320 4028 2435 4070 uno
2460 4019 2593 4069 ante
2614 4013 2920 4084 septimam
2952 4012 3234 4082 synodum
3260 4025 3430 4067 anno.
3464 4011 3617 4081 Ergo
3671 4011 3754 4067 fe-

2102 4101 2180 4155 lix
2197 4102 2277 4156 Ma
2288 4101 2475 4157 delvei
2490 4104 2676 4170 ortus,
2703 4100 2929 4157 felicior
2977 4101 3112 4157 vitae
3128 4114 3357 4169 cursus,
3379 4097 3752 4155 felicissimus

2100 4189 2211 4244 fuit
2240 4202 2504 4258 occasus,
2539 4191 2855 4258 praestante
2884 4190 3023 4243 Jesu
3060 4187 3274 4244 Christi
3298 4187 3484 4257 gratia
3514 4186 3607 4243 cui
3656 4189 3747 4243 est

2098 4276 2282 4333 honor
2312 4281 2372 4332 et
2402 4276 2597 4343 gloria'
2621 4277 2674 4330 in
2704 4275 3037 4332 seculorum
3067 4274 3285 4332 secula.
3321 4278 3519 4332 Amen.

2172 4364 2312 4433 (Fol.
2347 4363 2478 4435 69’.)
2500 4362 2744 4431 (Chron.
2777 4365 2941 4434 Div.)
2968 4363 3413 4431 Annoigiturab
3443 4363 3554 4419 inc.
3582 4362 3739 4418 Dom.

2099 4455 2225 4522 754,
2250 4452 2529 4524 Pippinus
2561 4467 2663 4506 rex
2696 4450 2935 4506 intravit
2970 4451 3450 4521 Langobardiam,
3508 4455 3567 4507 et
3622 4452 3745 4507 Ste-

2104 4541 2326 4613 phanus
2361 4554 2504 4611 papa
2539 4553 2813 4595 reversus
2844 4543 2933 4595 est
2976 4540 3233 4594 Romam.
3286 4541 3448 4595 Anno
3517 4553 3746 4609 quoque

355 4631 707 4690 memorialis
740 4631 886 4701 ejus,
911 4629 1065 4686 etsic
1082 4629 1636 4701 persuccedentium
1655 4629 1765 4685 sibi
1786 4644 1985 4698 regum
2016 4631 2072 4692 D
2105 4630 2175 4685 ab
2194 4629 2301 4685 inc.
2339 4630 2496 4685 Dom.
2533 4628 2638 4685 760
2674 4627 2933 4699 perrexit
2962 4626 3350 4696 Wasconiam,
3392 4629 3449 4682 et
3483 4641 3633 4682 anno
3666 4642 3750 4683 se-

350 4727 409 4778 et
442 4723 828 4778 Romanorum
858 4719 1193 4791 pontificum
1226 4723 1485 4789 tempora
1516 4718 1665 4787 quod
1684 4718 1874 4788 querit
1910 4719 1991 4773 in-

348 4810 565 4865 veniet.
599 4808 865 4864 Relatum
890 4811 981 4864 est
1014 4807 1306 4878 superius,
1325 4806 1475 4877 quod
1501 4811 1634 4862 ante
1677 4805 1992 4862 ordinatio-

353 4913 476 4953 nem
500 4899 627 4969 ejus
650 4912 754 4969 per
770 4896 947 4952 multa
964 4896 1187 4953 dierum
1206 4894 1498 4951 curricula
1514 4896 1736 4965 absque
1753 4899 1989 4966 pastore

356 4986 527 5042 fuerit
573 4985 739 5057 plebs
762 4984 1234 5040 Virdunica.Non
1258 4983 1407 5039 enim
1423 4983 1653 5039 sinebat
1686 4982 1991 5053 praefecto-

352 5090 502 5144 rum,
539 5074 633 5145 qui
667 5072 991 5142 etmajores
1022 5073 1225 5128 domus
1257 5071 1620 5139 dicebantur,
1650 5070 1991 5141 improbati-

349 5162 541 5219 centia
577 5162 878 5219 {ecclesias
912 5161 994 5217 uti
1047 5160 1321 5216 libertate
1374 5159 1632 5231 pr0pria,
1657 5174 1786 5215 cum
1831 5159 1990 5230 ipsas

351 5266 581 5323 quoque
612 5253 788 5308 urbes
803 5250 1041 5307 nimium
1063 5249 1379 5321 attriverit,
1397 5249 1642 5306 maxime
1656 5252 1850 5305 tamen
1866 5251 1989 5304 Vir-

2103 4718 2301 4789 quenti
2334 4732 2464 4774 cum
2496 4715 2630 4773 filiis
2662 4715 2831 4771 Karlo
2862 4719 2919 4771 et
2954 4714 3340 4771 Karlomanno
3374 4715 3743 4786 Aquitaniam

2100 4813 2160 4862 et
2191 4805 2475 4862 Biturieas
2488 4804 2663 4876 cepit.
2692 4806 2854 4860 Anno
2871 4808 2998 4873 762,
3020 4803 3228 4860 iterum
3245 4802 3351 4859 ivit
3374 4803 3744 4873 Aquitaniam

2099 4900 2157 4951 et
2175 4894 2530 4965 conquisivit
2546 4893 2877 4949 Lemovicas
2893 4893 3477 4963 civitatem.Cumque
3490 4892 3738 4963 septima

2100 4998 2223 5039 v1ce
2242 4981 2465 5038 illoirct
2490 4981 2882 5053 perViennam
2900 4980 3207 5049 transitus,
3234 4980 3535 5036 Berterico
3556 4993 3629 5036 ex
3661 4980 3741 5036 fa-

2098 5070 2271 5127 mulis
2291 5070 2552 5128 ecclesiae
2580 5070 2981 5141 episcopatum
2996 5069 3379 5126 Viennensem
3394 5068 3582 5124 dedit.
3603 5070 3745 5125 Post

2098 5161 2223 5215 haec
2254 5174 2402 5214 anno
2432 5160 2503 5215 ab
2535 5159 2646 5215 ine.
2680 5160 2838 5213 Dom.
2872 5164 2976 5215 768
3009 5157 3154 5214 obiit
3186 5161 3219 5213 8
3252 5156 3371 5213 Kal.
3441 5157 3738 5226 Octobris,

2099 5253 2154 5305 et
2176 5248 2380 5305 eodem
2413 5262 2582 5314 anno,
2620 5248 2712 5303 die
2737 5246 3015 5304 videlicet
3040 5246 3510 5318 sequenti,uncti
3531 5249 3665 5303 sunt
3692 5246 3747 5301 in

1700 5374 1938 5430 VARUE
1978 5372 2376 5430 LECTIONES.

415 5443 484 5479 ³⁸⁷
515 5445 593 5504 ita
624 5457 672 5505 σ.

1933 5542 2153 5597 NOTAE.

422 5646 534 5719 (61)
559 5648 847 5706 Adrianus
876 5647 1009 5706 inde
1038 5653 1096 5705 et
1129 5646 1200 5705 ab
1231 5662 1281 5704 a.
1342 5650 1468 5718 772,
1532 5647 1950 5705 Constantinus
1970 5652 2029 5712 et
2051 5648 2214 5704 Ircne
2236 5644 2307 5703 ab
2338 5658 2387 5700 a.
2427 5648 2533 5703 780
2554 5646 2853 5703 sederunt.
2890 5644 3147 5716 synodus
3178 5645 3406 5702 Nicena
3463 5657 3610 5700 anno
3639 5646 3744 5699 787

346 5717 642 5777 celebrata
663 5722 774 5777 est.
