3922 6426
205 377 316 446 159

1152 381 1521 447 HUGONIS
1566 372 1922 442 ABBATIS
1963 374 2643 444 FLAVINIACENSIS
2689 346 2695 351 ’

3488 390 3603 451 160

177 506 375 591 're‘ges
407 519 683 579 Karluset
698 520 1140 579 Karlomannus.
1158 521 1357 577 Franci
1375 521 1452 577 ita
1488 518 1838 586 diviserunt,
1869 515 1927 577 A
1958 514 2138 587 ptimo
2170 530 2319 573 anno
2355 516 2515 587 regni
2541 517 2755 574 Karoli.
2792 518 2944 577 Finis
2976 518 3155 590 igitur
3174 518 3312 578 belli
3346 520 3452 579 fuit
3468 521 3604 581 sub-

205 615 271 666 nt
300 611 544 668 Karolus
574 618 817 682 partem,
854 626 1022 682 quam
1058 615 1224 682 pater
1251 611 1836 683 Pippinustenuerat,

203 699 518 767 obtineret,
548 700 1114 756 Karlomannusvero
1129 703 1375 770 partem,
1405 714 1572 769 quam
1591 712 1840 770 proavus

207 801 405 844 eorum
436 788 857 845 Karlomannus
884 788 1189 857 habuerat,
1223 788 1569 860 susciperet.

278 875 399 944 (Fol
433 876 563 948 59’).
597 878 759 932 Anno
794 877 864 931 ab
896 877 1006 932 ine.
1068 879 1224 934 Dom.
1250 882 1373 945 755,
1427 876 1745 932 indictione
1786 880 1839 945 8,

208 969 340 1035 post
368 965 712 1034 Gayroinum
732 965 1089 1037 episcopum,
1118 966 1212 1035 qui
1248 966 1300 1020 in
1347 965 1718 1036 expeditione
1745 965 1843 1020 im-

208 1053 498 1122 peratoris
517 1053 684 1122 obiit,
703 1054 947 1111 domnus
962 1056 1252 1111 Manasses
1265 1054 1570 1111 ordinatur
1589 1055 1769 1110 abbas
1784 1053 1839 1108 in

206 1139 535 1196 Flaviniaco
573 1140 725 1196 dono
778 1142 1150 1214 imperatoris
1193 1144 1441 1215 Pippini.
1490 1144 1587 1200 Hic
1627 1159 1840 1213 corpus

207 1227 361 1284 beati
385 1228 631 1295 Prejeeti
656 1231 972 1299 martyrisa
998 1230 1272 1287 Volovico
1287 1232 1542 1287 delatum
1558 1230 1839 1287 zecelesize

206 1330 326 1371 suae
362 1316 559 1373 intulit
591 1318 771 1373 8ldus
790 1320 1145 1375 Novembris.
1170 1321 1271 1376 llic
1295 1321 1467 1376 etiam
1489 1320 1692 1377 cellam
1727 1321 1842 1390 pri-

204 1419 330 1460 mus
363 1406 691 1461 Corbiniaci
719 1407 1023 1463 instituere
1041 1408 1240 1465 volens
1266 1410 1704 1479 abimperatore
1739 1411 1841 1464 Ka-

215 1493 556 1549 rolomanno
589 1495 863 1563 obtinuit,
892 1510 995 1551 nec
1026 1501 1214 1552 tamen
1260 1498 1416 1553 fecit.
1451 1498 1603 1552 Obiit
1630 1513 1678 1552 a.
1713 1502 1839 1567 787,

206 1583 350 1636 Non.
390 1584 747 1649 Novembris,
782 1588 848 1639 33
877 1599 1025 1640 anno
1054 1600 1174 1641 sua:
1223 1586 1629 1641 ordinationis.
1694 1585 1836 1653 (Fel.

205 1667 340 1739 SO’.)
369 1670 661 1726 Successit
691 1672 1061 1728 Adalbertus.
1080 1673 1321 1729 Karolus
1339 1675 1572 1741 Magnus
1591 1673 1840 1729 contulit

202 1758 318 1813 Deo
350 1762 407 1813 et
445 1765 650 1815 sancto
683 1762 856 1815 Petro
882 1766 1204 1829 santocque
1236 1763 1504 1831 Prcjecto
1554 1768 1613 1817 et
1643 1763 1838 1817 abbati

1955 612 2082 662 acta
2106 606 2294 675 Italia,
2317 610 2375 661 et
2409 605 2744 664 Desiderius
2774 614 3058 680 perpetuo
3075 608 3252 666 exilio
3284 609 3604 681 deputatus

1955 695 2011 751 in
2050 694 2307 765 Francia,
2343 695 2495 751 illius
2517 696 2644 764 ejus
2663 697 2975 767 Adalgisus
2999 697 3400 769 pulsusltalia,
3424 703 3484 756 et
3511 714 3608 759 res

1955 801 1986 841 a
2021 784 2415 853 Langobardis
2444 790 2662 855 ereptae
2695 785 2952 842 Adriano
2984 802 3144 857 papae
3170 787 3481 845 restitutae.
3499 790 3608 845 Ka-

1957 874 2118 930 rolus
2147 890 2286 944 ergo
2331 873 2727 944 langobardia
2760 875 3480 943 subjectaetsacramento
3510 877 3605 933 lir-

1954 969 2106 1019 mata
2131 979 2260 1020 cum
2296 965 2655 1036 praefecisset
2696 964 2850 1019 omni
2876 965 3056 1020 Italiae
3087 964 3390 1037 Pippinum
3423 964 3603 1023 lilium

1953 1067 2119 1108 suum
2152 1067 2300 1108 anno
2332 1053 2475 1124 ipse,
2512 1053 2606 1122 qui
2641 1057 2788 1121 erat,
2825 1057 2887 1109 ut
2910 1053 3129 1109 dictum
3186 1057 3295 1123 est,
3357 1054 3428 1109 ab
3485 1054 3596 1111 ine.

1955 1142 2112 1196 Dom.
2150 1139 2272 1211 776,
2311 1140 2584 1212 repetivit
2621 1140 2834 1197 bellum
2871 1146 3072 1202 contra
3117 1142 3371 1200 Saxones
3416 1142 3604 1200 rebel-

1953 1228 2159 1285 lantes.

2026 1316 2200 1381 (Ann.
2233 1318 2418 1374 Potae
2448 1320 2466 1390 )
2494 1316 2685 1386 (Bsnr.
2715 1332 2766 1373 c.
2804 1320 2890 1389 14)
2949 1320 3111 1374 Αηηο
3144 1318 3215 1374 ab
3266 1317 3375 1375 inc.
3436 1321 3593 1377 Dom.

1953 1410 2075 1474 776,
2113 1406 2208 1475 qui
2227 1410 2355 1462 erat
2384 1407 2546 1475 regni
2574 1406 2762 1461 Karoli
2782 1412 2833 1475 9,
2861 1406 3007 1462 obiit
3030 1406 3359 1464 Madelveus
3378 1408 3599 1480 episco-

1955 1510 2081 1566 pus,
2114 1500 2173 1551 et
2205 1510 2333 1551 eum
2367 1495 2667 1550 obsideret
2699 1496 3002 1551 exercitus
3045 1496 3236 1552 Karoli
3288 1496 3343 1552 in
3398 1498 3601 1554 Thara-

1953 1583 2072 1638 visa
2100 1583 2281 1640 Italia;
2297 1583 2386 1639 civ
2415 1586 2535 1639 tate
2560 1583 2904 1639 Stabilinum
2938 1599 3198 1641 socerum
3225 1585 3598 1658 Chrotgaudi,

1954 1671 2051 1742 qui
2074 1674 2279 1726 contra
2300 1671 2564 1727 Karalum
2590 1671 3002 1742 rebellaverat,
3020 1676 3077 1727 et
3103 1678 3348 1745 propter
3371 1674 3477 1730 hoc
3499 1675 3601 1731 Ka-

1955 1760 2080 1815 rolo
2112 1759 2335 1815 Italiam
2372 1760 2637 1829 ingresso
2671 1760 2722 1814 in
2761 1760 2914 1815 bello
2933 1761 3164 1817 occisus
3189 1767 3314 1817 erat
3348 1767 3510 1818 :erat
3543 1762 3599 1819 in

204 1846 499 1914 Manassae,
530 1853 590 1903 ut
615 1848 809 1904 nullus
844 1850 1131 1905 hominum
1160 1851 1610 1906 Flaviniacensis
1642 1851 1842 1906 accele-
1871 1867 1925 1928 Β
1955 1849 2152 1903 eadem
2183 1848 2421 1903 civitate
2456 1851 2666 1904 Petrus
2689 1848 2777 1903 vir
2800 1849 3057 1919 Italicus,
3080 1864 3108 1903 a
3135 1864 3246 1920 quo
3268 1850 3481 1906 tradita
3505 1856 3600 1907 est

203 1934 304 1989 site
337 1935 390 1989 in
424 1936 1191 2005 omniregnosuoteloneum
1219 1939 1380 1994 daret
1403 1941 1838 2009 utcivitatihns,

203 2038 271 2076 ml
299 2024 496 2091 reatis,
514 2025 676 2093 vicis,
695 2025 869 2093 villis,
898 2027 1189 2096 pontibus,
1213 2029 1499 2097 portibus.
1526 2045 1635 2084 non
1661 2031 1729 2085 de
1754 2045 1841 2084 ro-

202 2111 416 2179 datico,
446 2113 842 2181 barganatico,
880 2115 1261 2185 pulveratieo,
1324 2118 1624 2186 niutatieo,
1697 2118 1842 2173 riva-

202 2198 319 2253 tico
350 2197 437 2264 ²³⁸,
468 2199 802 2267 salutatico,
829 2201 1142 2271 laudatico,
1170 2204 1538 2260 tranatieo’”
1560 2210 1617 2261 et
1643 2206 1711 2260 de
1737 2207 1841 2261 hoc

202 2286 352 2356 quod
388 2287 652 2344 homines
684 2290 753 2343 ad
789 2290 958 2346 dorsa
987 2296 1219 2360 portare
1241 2292 1450 2359 solent,
1475 2293 1840 2365 quidquidjad

194 2374 291 2443 jus
324 2374 446 2430 fisci
480 2377 810 2445 pertinebat
838 2378 1100 2446 indulsit,
1124 2384 1181 2433 et
1215 2380 1283 2435 de
1327 2382 1595 2437 omnibus
1665 2384 1842 2438 terris

201 2463 610 2518 monachorum
648 2463 701 2518 in
737 2470 861 2520 toto
894 2466 1136 2536 imperio
1165 2484 1268 2523 suo
1320 2470 1614 2524 teloneum
1675 2485 1841 2526 omne

201 2550 286 2605 eis
311 2551 601 2607 concessit
637 2558 666 2607 ὅ
694 2555 831 2608 Non.
867 2556 991 2610 Maii
1015 2569 1065 2610 a.
1096 2562 1129 2612 7
1155 2558 1313 2625 regni
1348 2558 1436 2613 sui
1473 2558 1605 2630 (62).

274 2638 516 2705 (Chron.
538 2640 698 2706 Die.)
726 2642 1146 2701 Karlomannus
1177 2645 1356 2715 igitur
1389 2650 1520 2716 post
1570 2647 1845 2705 adminis-

198 2730 416 2783 tratum
441 2730 827 2785 communiter
864 2732 1247 2801 quadriennio
1273 2749 1509 2803 regnum
1534 2735 1839 2793 dicessita.

197 2819 321 2880 771,
363 2815 546 2886 pridie
572 2817 690 2873 Kal.
724 2819 1056 2875 Decembris
1082 2839 1095 2886 ;
1120 2821 1358 2877 Carolus
1389 2822 1552 2879 solus
1603 2839 1842 2893 regnum

200 2903 475 2974 optinuit.
515 2909 675 2961 Anno
710 2908 873 2976 regni
902 2908 1440 2979 suiseeundo,dum
1460 2912 1647 2967 adhuc
1666 2913 1845 2969 frater

201 2990 444 3061 viveret,
470 2993 684 3049 bellum
712 2995 1120 3064 Aquitanicum
1138 3012 1164 3051 a
1186 3002 1350 3068 patre
1372 2998 1725 3070 inchoatum,
1744 3001 1844 3057 sed

200 3078 456 3135 nondum
491 3080 737 3152 ﬁnitum,
770 3088 928 3138 tanta
964 3083 1244 3141 felicitate
1291 3089 1731 3156 consummavit,
1782 3093 1844 3146 ut

202 3180 429 3222 omnem
462 3172 520 3223 et
556 3169 922 3238 Aquitaniam
947 3178 1003 3227 et
1028 3175 1390 3229 Waseoniam
1418 3175 1527 3231 sibi
1562 3177 1843 3233 retineret

203 3261 261 3309 et
295 3255 405 3311 sibi
440 3256 776 3326 subjiceret.
812 3260 994 3330 Igitur
1025 3267 1153 3333 post
1176 3264 1528 3333 Stephanum
1547 3265 1616 3299 ²⁸⁰
1633 3266 1849 3324 Paulus

205 3343 358 3400 sedit
392 3344 584 3402 Roma:
616 3348 781 3403 annis
816 3354 897 3419 10,
934 3350 1026 3405 die
1060 3355 1108 3420 1,
1144 3352 1290 3408 obiit
1320 3368 1469 3409 anno
1508 3356 1667 3411 Dom.
1732 3355 1841 3411 inc.

206 3435 311 3488 767
345 3449 359 3499 ;
392 3438 525 3504 post
550 3449 716 3505 quem
749 3438 1077 3508 Stephanus
1109 3441 1274 3497 annis
1300 3446 1351 3511 3,
1407 3443 1700 3499 mensibus
1759 3449 1844 3512 10,

202 3519 411 3578 diebus
440 3525 525 3578 28.
564 3522 770 3591 (Gesta
785 3527 943 3597 parit
964 3528 1153 3595 Rom.)
1181 3530 1279 3585 Cui
1311 3531 1635 3587 succedens
1651 3531 1850 3587 Adria-

203 3622 333 3665 nus.
370 3610 479 3665 sub
515 3612 845 3680 quohabita
882 3620 971 3669 est
1007 3616 1306 3686 aquinque
1332 3618 1851 3689 patriarchisapud

199 3694 443 3752 Nicaeam
478 3699 850 3771 synodus350
868 3704 1102 3758 Patrum
1141 3705 1504 3774 temporibus
1575 3708 1852 3762 Constan-

199 3783 308 3839 tini
340 3792 397 3839 et
425 3786 667 3858 Hyrenaa
702 3790 905 3844 matris
939 3791 1548 3861 annoimperiieorum
1579 3793 1846 3865 septimo,

201 3872 363 3942 regni
398 3874 591 3929 Karoli
625 3875 807 3944 Magni
833 3876 1079 3946 decimo,
1115 3878 1186 3933 ab
1219 3879 1499 3935 inc.Dom.
1544 3885 1669 3951 778,
1696 3883 1851 3938 sedit

198 3960 363 4016 annis
394 3965 482 4031 24,
509 3963 821 4027 mensibus,
850 3968 900 4033 3,
927 3964 1134 4023 diebus
1169 3972 1252 4023 17.
1286 3968 1443 4024 Obiit
1473 3983 1622 4025 anno
1688 3972 1845 4026 Dom.

197 4046 307 4103 inc.
340 4053 463 4118 796,
496 4054 556 4105 et
577 4052 862 4108 successit
894 4054 1022 4110 Leo.

276 4136 522 4203 (Chron.
544 4140 710 4212 Die.)
746 4141 1096 4212 Compositis
1124 4143 1318 4214 itaque
1342 4144 1587 4202 Karolus
1604 4146 1848 4203 rebusin

200 4224 537 4293 Aquitania,
572 4232 632 4281 et
664 4228 824 4284 socio
848 4230 963 4300 jam
989 4229 1283 4299 defuncto,
1319 4233 1596 4303 precibus
1612 4234 1847 4290 Adriani

201 4312 497 4383 pontiﬁcis
530 4316 768 4373 Romani
788 4318 999 4374 bellum
1018 4324 1219 4375 contra
1246 4321 1843 4394 Langobardoscepit.

206 4404 369 4458 Anno
402 4406 506 4458 772
536 4404 785 4461 Karolus
809 4406 1049 4463 intravit
1080 4408 1323 4477 Italiam,
1359 4416 1417 4465 et
1447 4411 1701 4482 suscepit
1731 4410 1848 4467 bel-

200 4487 315 4545 lum
341 4491 495 4559 quod
537 4506 566 4547 a
599 4501 768 4563 patre
797 4509 921 4565 suo,
955 4496 1244 4568 Stephano
1275 4495 1423 4569 papa
1454 4498 1842 4569 supplicante,

1879 3214 1930 3279 C

1954 1936 2183 2005 civitas,
2217 1941 2274 1990 et
2308 1936 2383 1991 ob
2412 1937 2522 1992 hoe
2545 1936 2897 1992 Virdunensi
2929 1938 3270 2009 episcopatu
3286 1939 3602 1996 honoratus

1955 2028 2069 2079 est.
2106 2024 2224 2089 (Fel
2257 2028 2371 2095 6|.)
2406 2025 2528 2090 Quo
2576 2024 2631 2080 in
2688 2028 2951 2096 tempore
3012 2029 3262 2097 praeerat
3331 2027 3600 2084 ecclesia;

1955 2112 2359 2169 sanetiVitoni
2389 2112 2617 2169 abbatis
2648 2112 2878 2169 nomine
2935 2120 2991 2169 et
3043 2114 3231 2169 ollicio
3308 2115 3597 2171 Fretmodi

1956 2200 2236 2257 diaconus
2257 2206 2314 2256 et
2346 2201 2544 2271 abbas,
2580 2202 2677 2272 qui
2714 2208 2844 2272 post
2860 2207 3125 2257 sanetum
3151 2202 3603 2260 Madelveumlo-

1953 2305 2081 2345 cum
2100 2290 2285 2359 ipsum
2303 2290 2618 2359 regendum
2642 2295 3005 2361 susceperat.
3026 2291 3603 2363 Temporibusipsius

1956 2378 2269 2447 Fretmodi,
2304 2379 2407 2433 hoc
2427 2383 2512 2433 est
2546 2379 2612 2432 14
2643 2393 2791 2433 anno
2818 2379 2977 2447 regni
3012 2378 3203 2434 Karoli
3251 2379 3496 2450 quierat
3530 2380 3602 2434 ab

1957 2464 2355 2520 incarnatione
2387 2465 2604 2520 Domini
2650 2480 2696 2521 a.
2732 2470 2856 2536 731,
2891 2466 3055 2521 dedit
3078 2467 3308 2536 quidam
3334 2467 3421 2522 vir
3444 2467 3603 2523 nobi-

1956 2553 2027 2610 lis
2052 2557 2235 2611 Becco
2255 2554 2571 2610 canonicus
2604 2558 2807 2610 saneto
2822 2559 2880 2610 et
2897 2554 3311 2611 famulantibus
3336 2556 3462 2626 ejus
3497 2570 3601 2629 pro

1955 2642 2143 2698 anima
2176 2658 2279 2698 sua
2313 2647 2372 2697 et
2406 2658 2509 2713 pro
2567 2642 2754 2698 anima
2810 2642 3059 2713 Amlingi
3114 2643 3374 2712 germani
3403 2643 3490 2701 sui
3544 2644 3599 2699 in

1956 2730 2084 2802 ipso
2114 2730 2416 2801 cymiterio
2431 2730 2643 2801 sepulti
2667 2746 2762 2786 res
2788 2730 3167 2802 proprietatis
3194 2745 3313 2787 suae
3335 2746 3479 2801 quas
3508 2731 3601 2788 ha-

1957 2818 2132 2874 bebat
2156 2818 2209 2873 in
2247 2833 2392 2889 pago
2419 2819 2789 2886 Virdunensi,
2822 2818 2951 2877 loco
2975 2819 3073 2890 qui
3099 2819 3316 2877 dicitur
3347 2819 3599 2876 Gailanae

1957 2908 2144 2963 curtis
2171 2922 2350 2979 super
2382 2907 2618 2963 (luvium
2645 2907 2838 2977 Agira,
2876 2908 2931 2963 id
2963 2913 3053 2964 est
3079 2907 3391 2964 ecclesiam
3416 2908 3471 2964 in
3504 2908 3601 2964 ho-

1959 3010 2097 3053 nore
2122 2996 2309 3053 sancti
2352 2996 2774 3067 Christophori,
2836 3011 2966 3065 eum
3025 2996 3293 3053 omnibus
3343 3011 3469 3067 quae
3527 2996 3597 3053 ad

1960 3084 2142 3156 ipsam
2169 3084 2359 3139 villam
2382 3084 2675 3154 pertinere
2702 3083 3072 3150 videbantur,
3098 3084 3248 3141 sicut
3304 3084 3358 3140 in
3398 3085 3598 3141 charta

1960 3172 2316 3228 continetur.
2349 3171 2724 3227 Postmodum
2748 3170 3082 3228 interventu
3113 3170 3181 3204 ²⁴²
3199 3172 3356 3228 Petri
3382 3172 3603 3245 episco-

1961 3262 2014 3333 pi
2049 3261 2198 3315 idem
2224 3259 2530 3317 Fretmodo
2562 3259 2699 3314 fecit
2729 3259 3098 3329 praestarium
3122 3259 3192 3315 de
3206 3260 3451 3317 Raherei
3473 3275 3603 3318 cur-

1960 3353 2017 3405 te
2041 3352 2098 3404 et
2123 3349 2194 3405 ad
2226 3361 2350 3404 earn
2379 3346 2811 3419 pertinentibus
2841 3347 3070 3403 cuidam
3090 3347 3323 3403 Bettoni
3381 3347 3599 3419 abbati,

1960 3437 2150 3508 qui....
2187 3441 2390 3492 sancto
2410 3437 2584 3490 Petro
2616 3438 2673 3490 et
2702 3438 2907 3490 sancto
2947 3433 3178 3489 Vitono:
3235 3434 3417 3504 quiet

1961 3524 2168 3580 Garani
2201 3532 2568 3580 curtemcum
2593 3520 3038 3593 appendiciis,et
3064 3526 3194 3592 p0st
3212 3526 3454 3578 mortem
3478 3524 3607 3595 ejus

1960 3611 2297 3668 melioratas
2324 3611 2520 3669 curias
2546 3610 2676 3668 illas
2713 3616 2951 3666 sanctus
2982 3609 3241 3681 possedit
3288 3610 3595 3668 V...dinus.

2036 3700 2225 3772 [Βειιτ.
2248 3698 2358 3769 13.]
2383 3702 2534 3756 Tunc
2557 3699 2932 3771 episcopatus
2973 3698 3354 3756 Virdunensis
3404 3714 3509 3770 per
3538 3703 3604 3755 12

1962 3803 2145 3845 annos
2174 3792 2412 3858 ‘vacuus,
2447 3787 2547 3844 sed
2579 3787 2810 3858 quidam
2844 3801 3049 3844 servus
3079 3787 3177 3842 Dei
3230 3787 3602 3845 Amalbertus

1963 3876 2212 3947 nomine,
2239 3876 2403 3946 juxta
2445 3890 2659 3931 morem
2692 3875 2975 3947 temporis
3008 3874 3163 3931 illius
3180 3875 3604 3948 factuscorepi-

1963 3980 2179 4037 scopus
2210 3965 2450 4035 regebat
2476 3965 2653 4036 ipsam
2672 3964 3016 4033 azcclesiam,
3050 3968 3107 4018 et
3138 3963 3193 4019 in
3216 3964 3463 4036 quodam
3482 3978 3607 4021 ora-

1964 4055 2115 4111 torio
2133 4054 2239 4111 sub
2272 4054 2490 4110 honore
2515 4054 2769 4109 omnium
2795 4052 3197 4123 apostolorum
3223 4054 3389 4124 quasi
3415 4052 3611 4110 solita-

1961 4143 2106 4198 riam
2140 4143 2318 4198 vitam
2343 4142 2613 4198 ducebat.
2647 4142 2715 4196 Et
2738 4145 2877 4198 tunc
2907 4141 3158 4212 perdidit
3185 4141 3310 4213 ipsa
3341 4140 3601 4198 acclesa

1922 4268 1927 4272 α
1962 4230 2245 4301 quaedam,
2283 4246 2412 4300 quae
2434 4229 2542 4286 sibi
2574 4229 2785 4286 collata
2811 4227 3121 4299 aliquando
3146 4229 3509 4301 possederat,
3544 4233 3603 4285 et

1961 4320 2070 4375 hoc
2104 4318 2159 4374 in
2194 4322 2455 4390 tempore
2488 4317 2680 4373 Karoli
2713 4317 2916 4387 Magni.
2941 4316 3079 4388 (1b.,
3116 4320 3227 4390 14.)
3264 4318 3418 4375 Licet
3451 4317 3599 4373 enim

1960 4406 2463 4477 Petruspraefatus
2477 4406 2562 4462 vir
2580 4405 2812 4463 ltalicus
2832 4420 2934 4477 pro
2949 4406 3265 4462 traditione
3278 4404 3599 4463 Tharovisae

1962 4495 2032 4552 de
2066 4494 2190 4566 ipso
2218 4495 2564 4566 episCOpatu
2598 4494 2804 4550 fuisset
2838 4493 3346 4564 abeohonoratus,
3365 4493 3495 4565 quia
3520 4497 3601 4551 ta-

201 4577 393 4635 fucrat
423 4587 784 4653 susceptum.
819 4583 1059 4650 Quidam
1111 4592 1303 4641 autem
1366 4586 1435 4642 de
1496 4587 1848 4657 primoribus
1876 4569 1929 4629 D
1963 4600 2087 4641 men
2124 4597 2356 4655 semper
2375 4583 2635 4654 suspecti
2661 4581 3156 4652 sunttraditores,
3186 4582 3239 4640 in
3256 4583 3597 4655 episcopatu

202 4665 555 4724 Francorum
589 4672 735 4726 adeo
761 4671 1190 4743 voluntatiejus
1209 4674 1386 4730 renisi
1409 4681 1561 4745 sunt,
1598 4681 1659 4731 ut
1683 4690 1745 4732 se
1760 4693 1848 4734 re-

197 4767 325 4823 gem
360 4754 702 4815 deserturos
721 4764 779 4813 et
795 4759 1025 4816 domum
1044 4762 1583 4833 reversurosﬁlibere
1600 4780 1848 4835 pronun-

200 4841 448 4900 ciarent.
489 4847 752 4916 Coeptum
784 4853 976 4903 tamen
1000 4853 1109 4905 est.
1145 4851 1390 4907 Karolus
1415 4852 1593 4922 igitur
1613 4853 1849 4910 Deside-

206 4930 354 4987 rium
390 4931 898 5003 Langobardorum
933 4951 1125 5007 regem
1160 4953 1471 5008 paucorum
1502 4941 1725 4999 dierum
1750 4945 1848 5000 ob-

206 5017 431 5076 sidione
454 5022 762 5093 compulit,
778 5026 838 5077 et
860 5022 1092 5080 obsides
1107 5025 1266 5097 dare,
1282 5032 1340 5083 et
1361 5033 1559 5100 erepta
1576 5030 1850 5088 Romanis

200 5107 726 5181 restituere,atque
742 5116 805 5167 ut
826 5126 937 5167 non
960 5118 1366 5184 repeterentur
1381 5123 1741 5174 sacramento
1758 5120 1848 5174 tir-

202 5208 376 5250 mare.
414 5197 585 5267 Papia
622 5205 815 5255 autem
841 5199 1055 5256 tradita
1080 5206 1173 5256 est
1198 5217 1346 5257 anno
1369 5205 1441 5259 ab
1467 5204 1576 5262 inc.
1603 5210 1725 5275 774,
1761 5222 1850 5263 se-

1963 4690 2065 4747 per
2095 4678 2330 4745 tempus
2361 4672 2767 4745 przescriptum
2803 4674 3077 4744 receptus
3100 4686 3211 4728 non
3244 4678 3354 4729 est.
3395 4673 3600 4729 Tamen

1961 4778 2031 4819 ne
2063 4762 2301 4818 verbum
2328 4761 2482 4831 regis
2510 4764 2666 4816 esset
2704 4760 2869 4816 inane
2892 4764 2948 4815 et
2980 4775 3243 4830 vacuum,
3297 4765 3427 4832 post
3459 4774 3603 4833 pras-

1960 4851 2243 4922 scriptum
2269 4864 2547 4905 annorum
2572 4849 2830 4919 spacium
2860 4862 3206 4906 concessum
3229 4852 3320 4905 est
3374 4848 3457 4904 illi
3519 4848 3597 4904 ei-

1957 4941 2198 4997 vitatem
2232 4937 2457 5007 ingredi
2489 4941 2544 4992 et
2574 4936 2914 5009 episcopatu
2938 4937 3113 5008 potiri
3155 4952 3305 4994 anno
3357 4938 3429 4994 ab
3482 4937 3593 4995 inc.

1959 5031 2118 5085 Dom.
2154 5032 2259 5086 788
2286 5026 2377 5097 Μ,
2404 5025 2626 5095 fuitque
2660 5040 2760 5096 per
2791 5029 2857 5080 25
2899 5040 3083 5083 annos
3118 5025 3251 5100 (Ιῦ.)
3307 5030 3367 5082 et
3397 5040 3601 5098 passus

1958 5122 2047 5173 est
2076 5116 2256 5172 multa
2289 5114 2553 5170 adversa.
2592 5115 2761 5169 Certe
2784 5113 2958 5169 etiam
2984 5114 3394 5171 infidelitatem
3426 5114 3603 5186 impe-

1961 5204 2177 5261 ratoris
2253 5202 2594 5272 objecerunt
2653 5202 2757 5271 illi,
2792 5207 2852 5258 et
2907 5205 2981 5259 ob
3024 5202 3078 5258 id
3128 5218 3227 5275 per
3278 5204 3347 5261 12
3421 5217 3602 5260 annos

1563 5330 1798 5385 VARI/EI
1837 5328 2237 5387 LECTIONES.

265 5430 752 5515 “friunchletunt.
801 5435 1000 5515 ’ζῆ-ινδ
1035 5438 1306 5515 deletum.
1349 5440 1419 5474 ²⁴⁰
1477 5442 1660 5512 [obiit]
1699 5443 2027 5515 Stephanus
2056 5441 2119 5497 V.
2172 5438 2292 5498 Kal.
2325 5439 2452 5497 Maii
2488 5440 2649 5513 [ind].
2679 5441 2739 5496 Χ.
2774 5440 2842 5498 in
2868 5454 3059 5513 marg.
3083 5440 3153 5475 ¹⁸¹
3176 5455 3293 5499 eoa:
3323 5443 3446 5501 tota
3460 5442 3608 5515 fere

1792 5584 2011 5641 NOTAE.

199 5503 405 5573 periit.
440 5502 509 5537 ²⁸²
533 5505 753 5562 lineola
778 5508 997 5565 ultima
1010 5511 1221 5580 periit.

269 5645 381 5721 (62)
415 5645 786 5718 RouquetV.,
812 5652 936 5719 732,
