3922 6402
275 375 387 445 161

1530 378 2040 447 CHRONICON.
2083 415 2162 427 —
2209 380 2364 444 LIB.
2409 379 2458 443 Ι.

3564 377 3680 443 162

273 531 384 574 non
408 515 518 574 fuit
545 531 725 575 ausus
748 514 1158 588 imperatorem
1191 514 1410 574 videre.
1438 517 1547 575 Sed
1574 523 1775 590 postea
1801 532 1830 573 a
1855 515 1917 571 fl-
1947 516 1999 575 A
2034 519 2098 572 ut
2124 530 2253 572 cum
2276 520 2431 571 esset
2455 519 2624 571 antea
2648 527 2916 584 magnum
2934 512 2989 568 et
3012 511 3181 583 forte,
3208 512 3447 584 duplum
3473 512 3556 568 illi
3580 513 3674 569 adi

276 604 371 661 liis
401 605 670 662 ecclesiae
702 604 884 677 ipsius
914 620 1110 662 coram
1142 606 1400 677 principe
1446 611 1604 663 recte
1636 610 1918 678 purgatus

275 694 419 750 adiit
450 693 609 750 illius
656 693 1043 765 praesentiam,
1077 699 1137 749 et
1169 694 1222 748 in
1258 694 1466 751 diebus
1512 695 1636 764 ejus
1668 694 1915 750 ecclesia

276 781 387 838 sibi
419 796 532 837 non
563 780 752 837 solum
786 796 898 837 non
932 782 1267 852 adquisivit,
1301 784 1402 839 sed
1429 788 1484 839 et
1513 783 1767 854 perdidit
1798 781 1919 853 plu-

278 870 440 926 rima.
476 868 716 925 Difﬁcile
739 870 889 926 enim
915 876 1025 926 est.
1053 876 1114 926 ut
1142 872 1291 927 bono
1314 873 1706 928 terminentur
1731 871 1915 939 exitu,

275 973 403 1029 quae
427 958 593 1014 malis
612 963 749 1014 sunt
768 958 1035 1014 inchoata
1060 958 1382 1029 principiis.
1402 961 1735 1015 Probathec
1753 959 1916 1014 ruina

275 1059 379 1101 sua
428 1045 814 1101 Virdunensis
863 1045 1092 1115 civitas,
1129 1060 1256 1116 quae
1300 1048 1547 1102 turrium
1599 1062 1921 1102 murorum-

277 1147 389 1205 que
420 1132 489 1166 1⁸³
520 1133 878 1190 solidissimo
919 1135 1160 1204 ambitu,
1198 1139 1402 1205 utpote
1436 1135 1647 1206 lapide,
1686 1135 1920 1205 plumbo

280 1222 550 1292 ferroque
583 1227 862 1278 conserto
908 1222 1148 1292 munita,
1193 1222 1342 1279 unde
1376 1227 1431 1278 et
1471 1238 1673 1279 nomen
1709 1224 1916 1279 sortita

275 1314 388 1379 est,
411 1315 471 1365 ut
499 1315 813 1366 vocaretur
845 1310 987 1366 urbs
1021 1309 1348 1380 Clavorum,
1374 1326 1474 1381 pro
1498 1311 1713 1366 tuenda
1736 1310 1919 1366 ltalici

276 1397 843 1467 hujusinstabilitatc
858 1401 1170 1469 etcxperta
1199 1399 1543 1455 inﬁdelitate
1558 1415 1588 1454 a
1606 1400 1808 1454 Carolo
1832 1400 1924 1454 de-

275 1489 522 1555 structa,
546 1500 695 1541 nunc
725 1485 980 1555 ingentis
1012 1492 1237 1542 tantum
1416 1487 1483 1520 ²“
1511 1488 1747 1558 ρι’τθΐοιιι
1778 1487 1923 1542 indi-

275 1572 360 1629 cia
377 1576 434 1627 et
451 1572 547 1627 vix
560 1573 751 1644 aliqua
769 1574 1023 1644 antiquae
1042 1574 1200 1630 illius
1218 1574 1512 1631 ﬁrmitatis
1536 1576 1813 1630 retinet...
1830 1574 1918 1646 "5,

275 1659 526 1718 edocens
557 1676 756 1717 omnes
789 1676 897 1718 suo
931 1661 1030 1718 tali
1065 1662 1403 1733 infortunio,
1441 1678 1567 1733 quae
1600 1663 1696 1718 Dei
1731 1668 1865 1719 sunt
1891 1679 1919 1719 a

276 1750 393 1804 Deo
425 1763 555 1804 esse
598 1750 929 1820 quaerenda.
982 1750 1175 1805 Sensit
1216 1750 1391 1805 etiam
1427 1766 1528 1806 rex
1558 1751 1920 1807 insensibilis

2033 604 2268 661 diderit.
2299 605 2534 661 Colebat
2551 619 2668 677 prae
2683 604 2950 659 omnibus
2974 602 3161 658 sacris
3182 601 3327 658 loc's
3349 600 3673 658 aecclesiam

2030 694 2215 749 sancti
2240 693 2395 749 Petri
2428 693 2581 764 apud
2613 695 2866 759 Romam,
2893 690 2984 747 cui
3018 690 3191 745 etiam
3223 689 3401 744 multa
3425 690 3673 745 contulit

2030 781 2084 835 in
2110 785 2603 850 auroetargento.
2628 782 2707 835 Ad
2727 781 3081 850 hocsemper
3106 767 3415 846 laboravit,
3443 782 3504 833 ut
3537 780 3676 833 urbs

2030 871 2281 926 Romana
2299 886 2405 926 suo
2420 870 2618 925 labore
2633 869 2815 924 veteri
2835 868 3080 939 polleret
3099 866 3455 923 auctoritate
3477 883 3490 931 ;
3508 882 3675 936 quam

2028 973 2155 1013 cum
2186 963 2344 1012 tanto
2378 972 2574 1013 amore
2606 957 2898 1025 diligeret,
2935 961 3144 1026 quater
3177 960 3399 1011 tantum
3433 955 3487 1009 in
3521 956 3676 1010 omni

2032 1050 2294 1116 tempore
2321 1045 2616 1113 regiminis
2638 1045 2727 1099 sui
2750 1043 2850 1099 illo
2870 1043 2994 1099 ivit.
3025 1043 3207 1112 [Emm
3247 1043 3381 1099 Vita
3405 1042 3503 1112 [ί]
3531 1043 3679 1098 Nun-

2031 1134 2185 1189 ciato
2209 1134 2317 1189 sibi
2345 1133 2577 1188 Adriani
2605 1132 2839 1187 Romani
2876 1131 3172 1202 pontificis
3204 1131 3367 1187 obitu
3392 1131 3470 1186 ita
3494 1130 3674 1201 ﬂevit,

2032 1236 2095 1276 ac
2120 1222 2166 1276 si
2196 1222 2433 1276 fratrem
2465 1221 2832 1275 karissimum
2862 1219 3173 1276 amisisset.

2104 1309 2244 1379 (Fol.
2263 1312 2380 1381 60')
2402 1311 2655 1364 Domnus
2672 1308 2962 1363 Manasses
2984 1322 3199 1378 corpus
3217 1307 3401 1363 sancti
3423 1307 3677 1376 Prejecti

2033 1398 2304 1467 martyris
2332 1411 2362 1452 a
2395 1396 2671 1452 Voiovico
2719 1395 2974 1451 delatum
3010 1395 3425 1451 Flaviniacensi
3478 1395 3678 1451 intulit

2033 1486 2336 1554 accelesize,
2373 1500 2543 1556 quam
2576 1485 2629 1539 in
2673 1485 2888 1540 honore
2918 1484 3104 1539 sancti
3137 1484 3292 1539 Petri
3323 1490 3381 1539 et
3414 1483 3675 1552 ejusdem

2036 1574 2308 1644 martyris
2330 1574 2691 1629 fundaverat.
2720 1572 2996 1642 Exceptio
3019 1571 3145 1640 ejus
3169 1586 3265 1627 vm
3288 1573 3425 1628 ldus
3446 1573 3680 1628 Novem-

2038 1663 2158 1717 bris
2173 1662 2638 1717 celebraturJlic
2652 1661 2771 1717 obti
2784 1676 2813 1715 n
2826 1661 2905 1715 uit
2923 1659 3073 1731 apud
3089 1660 3673 1731 Karlomannum(63),

2037 1755 2096 1805 ut
2126 1751 2178 1822 in
2206 1750 2547 1805 Corbiniaco
2570 1748 2703 1803 villa
2738 1748 3106 1804 cenobiolum
3128 1754 3518 1804 construeret.
3554 1750 3679 1819 (Se-

278 1838 593 1909 perniciem
650 1836 791 1892 tanti
840 1837 1164 1907 infortunii,
1203 1843 1265 1894 ut
1295 1854 1404 1894 non
1457 1839 1641 1895 minor
1686 1839 1779 1895 hic
1812 1839 1917 1896 nisi
1951 1839 2157 1923 Bries
2187 1837 2317 1894 abb.
2352 1838 2552 1908 Flav.)
2603 1837 2760 1892 Obiit
2809 1840 2874 1891 33
2925 1851 3075 1891 anno
3123 1836 3509 1892 ordinationis
3558 1850 3678 1892 suae

279 1925 412 1995 quia
447 1925 889 1996 prazmeditalus
921 1925 1231 1981 accederet
1263 1926 1470 1997 hostis,
1501 1942 1671 1997 quam
1704 1928 1920 1984 dudum

278 2013 590 2069 Vandalica
624 2014 827 2085 pestis.
864 2015 931 2068 Et
967 2015 1206 2081 merito;
1242 2031 1370 2071 nam
1393 2017 1465 2071 ab
1490 2017 1633 2087 ipsis
1662 2017 1795 2072 fidei
1829 2032 1922 2072 ru-

278 2100 552 2158 dimentis
588 2116 772 2172 usque
806 2102 875 2157 ad
909 2106 1140 2174 tempus
1172 2103 1315 2159 illud
1349 2118 1579 2175 semper
1610 2104 1665 2159 in
1699 2105 1792 2160 Dei
1827 2121 1924 2161 no-

279 2189 430 2245 mine
456 2189 748 2260 pontilicis
779 2190 965 2246 valuit
987 2190 1198 2247 electio
1223 2191 1364 2247 cleri
1389 2197 1448 2247 et
1472 2192 1691 2263 populi,
1717 2199 1776 2247 et
1798 2192 1845 2248 si
1866 2193 1921 2247 in

277 2277 623 2349 quibusdam
668 2278 965 2350 principes
1006 2279 1283 2349 leguntur
1326 2281 1580 2337 favorem
1604 2287 1924 2337 etconsen-

278 2382 404 2423 sum
439 2366 808 2438 praestitisse,
843 2382 1127 2438 nusquam
1160 2373 1350 2426 tamen
1387 2370 1654 2426 feruntur
1685 2370 1925 2425 electio-

278 2470 404 2511 nem
429 2455 693 2511 vetuisse
720 2455 1015 2526 pontilicis
1038 2456 1364 2528 ordinandi,
1386 2464 1487 2513 aut
1512 2460 1719 2514 factam
1742 2459 1925 2514 inmu-

275 2548 456 2598 tasse.
495 2542 772 2614 Sepultus
802 2548 894 2599 est
925 2543 981 2597 in
1012 2544 1262 2601 ecclesia
1296 2546 1521 2602 Sanctae
1564 2546 1754 2602 Mariae
1789 2551 1923 2602 ante

277 2630 464 2685 altare
488 2630 674 2686 sancti
703 2630 877 2686 Petri.
905 2633 947 2686 A
964 2632 1291 2688 vastatione
1316 2639 1510 2689 autem
1534 2634 1693 2689 urbis
1719 2634 1924 2690 Virdu-

276 2719 444 2785 nicze,
471 2732 597 2788 quae
613 2718 761 2774 facta
776 2722 862 2776 est
879 2734 908 2775 a
922 2720 1197 2777 Vandalis
1212 2737 1397 2791 usque
1418 2722 1488 2776 ad
1505 2722 1922 2779 desolationem

277 2805 407 2874 ejus
433 2807 641 2861 factam
667 2807 776 2862 sub
800 2806 1011 2862 Karolo
1033 2806 1394 2878 colliguntur
1415 2811 1544 2864 anni
1571 2810 1690 2865 fere
1704 2815 1825 2867 380.
1845 2812 1923 2865 De

280 2893 519 2965 quadris
544 2893 1044 2966 autemlapidibus
1065 2895 1275 2954 dirutae
1290 2897 1548 2954 civitatis
1574 2898 1921 2968 Aquisgrani

280 2981 502 3054 capella
535 2988 838 3039 exstructa
882 2988 993 3039 est.

354 3070 540 3142 [Βειιτ.
568 3072 678 3141 15.]
712 3073 846 3127 Post
877 3071 1044 3141 cujus
1072 3078 1317 3129 mortem
1342 3073 1648 3141 elegerunt
1675 3075 1783 3131 sibi
1809 3075 1924 3130 cle-

281 3173 382 3215 rus
403 3165 462 3215 et
486 3158 737 3230 populus
769 3160 1106 3231 episcopum
1133 3162 1203 3217 de
1228 3162 1383 3231 regis
1411 3163 1625 3232 p..latio
1650 3178 1797 3220 anno
1819 3168 1923 3219 815

282 3250 695 3318 Austrannum,
718 3255 1017 3305 cautorem
1042 3250 1244 3321 ipsius,
1267 3250 1454 3306 virum
1480 3256 1803 3321 strenuum,
1828 3268 1925 3309 cu-
1956 3222 2005 3285 Ο

273 3334 370 3404 jus
391 3335 675 3391 industria
697 3338 1017 3392 Bracenses
1039 3338 1443 3408 negoeiatores
1461 3339 1718 3408 ejusdem
1738 3340 1925 3397 eccle-

278 3423 381 3481 siae
406 3423 613 3480 ditioni
666 3426 891 3481 redacti
938 3431 1093 3482 sunt.
1130 3429 1195 3481 Et
1231 3428 1323 3483 hic
1354 3429 1645 3499 superfuit
1667 3444 1849 3486 annos
1871 3435 1920 3486 5.

279 3513 591 3582 Requievit
613 3518 803 3570 autem
829 3527 978 3570 anno
1000 3516 1071 3570 ab
1092 3515 1202 3571 ine.
1230 3517 1393 3572 Dom.
1424 3522 1549 3588 819,
1574 3522 1630 3573 et
1656 3518 1925 3589 sepultus

282 3600 337 3655 in
372 3600 613 3657 basilica
645 3601 833 3657 sancti
859 3602 1015 3657 Petri
1041 3603 1291 3675 apostoli
1318 3620 1445 3661 eum
1475 3606 1926 3676 praedecessori-

282 3689 389 3745 bus
412 3690 553 3745 suis.

355 3777 593 3849 (Chron.
628 3778 790 3850 Div.)
843 3780 1190 3850 Susceptum
1221 3795 1361 3851 ergo
1414 3784 1467 3838 ιλ
1489 3783 1626 3839 llum
1657 3799 1687 3839 a
1720 3784 1924 3840 Karolo

280 3872 485 3923 contra
517 3866 772 3923 Saxones
802 3883 903 3939 per
925 3873 992 3923 33
1016 3883 1196 3925 annos
1230 3871 1446 3940 majore
1471 3873 1719 3943 dampno
1753 3874 1925 3929 Saxo-

282 3970 415 4011 num
449 3970 618 4026 quam
652 3957 1003 4012 Francorum
1040 3965 1267 4027 gestum
1299 3964 1409 4014 est.
1446 3961 1723 4016 Videnles
1753 3962 1925 4017 Saxo-

282 4057 386 4100 ncs
416 4043 570 4113 quod
614 4044 894 4100 resistere
925 4059 1035 4111 non
1071 4050 1364 4115 poterant,
1403 4061 1597 4117 pacem
1632 4054 1918 4119 petentes,

284 4132 577 4202 baptizata
608 4136 701 4187 est
732 4132 1045 4187 multitudo
1083 4148 1304 4189 eorum.
1343 4137 1503 4190 Anno
1531 4150 1671 4205 ergo
1703 4138 1775 4191 ab
1809 4138 1918 4192 inc.

279 4220 441 4278 Dom.
475 4225 582 4278 780
614 4222 772 4277 venit
804 4221 1047 4277 Karolus
1071 4221 1127 4277 in
1153 4223 1455 4279 Saxoniam
1480 4224 1533 4279 in
1557 4225 1684 4281 loco
1709 4227 1803 4296 qui
1829 4242 1924 4282 vo-

280 4311 451 4364 catur
472 4307 913 4377 Patrisbronna,
930 4307 1081 4363 etibi
1105 4309 1308 4365 habuit
1333 4309 1606 4380 placitum
1634 4326 1919 4382 magnum,

282 4395 441 4452 etibi
466 4400 866 4452 convenerunt
900 4397 1157 4452 Saxones
1188 4396 1261 4451 ad
1296 4398 1667 4468 baptismum,
1703 4400 1923 4457 ditione

285 4499 314 4540 a
342 4497 477 4554 rege
509 4484 717 4556 posita,
746 4486 805 4540 ut
832 4484 1031 4540 Franci
1054 4491 1111 4539 et
1135 4485 1391 4541 Saxones
1425 4500 1573 4542 unus
1601 4494 1793 4543 essent
1827 4503 1927 4559 po-

2036 1928 2177 1981 Non.
2205 1926 2577 1991 Novembris;
2603 1926 2692 1980 cui
2718 1925 3001 1981 successit
3024 1924 3377 1980 Adalbertus
3402 1926 3488 1979 vir
3510 1939 3678 1980 vene-

2037 2014 2254 2070 randus
2284 2029 2432 2070 anno
2462 2020 2521 2070 ‘21
2561 2013 2774 2083 Karoli,
2805 2018 2862 2067 et
2896 2017 2926 2067 ὅ
2957 2028 3104 2069 anno
3143 2012 3530 2068 ordinationis
3560 2027 3678 2069 suae

2036 2102 2310 2172 decessit,
2334 2107 2393 2157 et
2424 2102 2474 2158 ei
2502 2102 2793 2158 successit
2832 2102 3037 2169 Zacho,
3065 2106 3125 2156 et
3152 2105 3360 2171 quarto
3390 2116 3538 2156 anno
3567 2116 3683 2157 mo-

2038 2191 2220 2256 ritur;
2245 2196 2305 2245 et
2328 2191 2460 2246 huic
2495 2190 2814 2246 Alchuinus
2846 2190 3220 2245 suecedens7
3241 2204 3389 2244 anno
3420 2189 3586 2259 obiit,
3620 2194 3676 2245 et

2035 2279 2123 2335 sic
2152 2283 2218 2333 35
2250 2294 2399 2335 anno
2432 2279 2659 2349 imperii
2706 2277 2894 2333 Karoli
2936 2279 3181 2333 domnus
3210 2276 3563 2348 Apollinaris
3589 2292 3681 2333 or-

2035 2367 2273 2424 dinatur
2304 2368 2485 2424 abbas
2535 2368 2685 2423 dono
2740 2367 3131 2437 imperatoris.
3172 2368 3271 2422 ltic
3301 2367 3473 2422 etiam
3508 2366 3679 2423 abba-

2033 2457 2173 2512 tiam
2198 2456 2600 2512 Divionensem
2625 2460 2678 2511 et
2708 2458 3083 2511 Reomcnsem
3116 2456 3289 2523 rexit,
3315 2461 3374 2510 et
3396 2454 3678 2510 ecclesias

2035 2545 2270 2600 easdem
2304 2544 2776 2615 possessionibus
2810 2544 2992 2611 auxit,
3035 2548 3370 2599 sanctorum
3415 2542 3680 2613 reliquiis

2037 2634 2389 2703 honestavit,
2426 2633 2716 2704 pr:ecipuc
2742 2636 2930 2687 tamen
2956 2631 3444 2687 Flaviniacensem
3478 2645 3679 2702 prove-

2037 2723 2117 2777 xit
2149 2728 2205 2777 et
2241 2721 2418 2777 auxit.
2458 2721 2612 2776 Obiit
2646 2720 2830 2792 pridie
2864 2719 2983 2775 Kal.
3018 2719 3233 2790 Aprilis
3265 2735 3315 2775 a.
3352 2726 3420 2775 12
3451 2720 3675 2791 imperii

2038 2810 2333 2865 Ludovici.
2389 2810 2652 2865 Interfuit
2704 2808 2953 2864 concilio
3002 2809 3350 2878 Aquisgrani
3401 2808 3597 2863 habito
3647 2812 3680 2864 4

2037 2913 2185 2954 anno
2218 2898 2490 2953 Ludovici
2541 2899 2821 2969 ejusdem,
2855 2902 2915 2952 et
2944 2902 3074 2968 post
3104 2901 3138 2952 2
3168 2911 3350 2952 annos
3391 2897 3678 2953 successit

2037 2986 2283 3056 Vigilius
2334 2987 2535 3056 abbas,
2589 3003 2637 3041 a.
2695 2989 2759 3040 lli
2808 2986 3102 3041 Ludovici.
3161 2984 3350 3057 [Ano.]
3401 2987 3681 3041 Viennen-

2038 3090 2155 3131 sem
2183 3082 2321 3131 tunc
2342 3076 2625 3146 temporis
2651 3074 2958 3130 ecclesiam
3002 3076 3199 3142 Ursus,
3237 3074 3677 3143 Lugdunensem

2040 3164 2162 3219 Ado
2192 3165 2452 3233 regebat.
2506 3166 2645 3219 Post
2699 3163 2952 3219 Adonem
3005 3162 3309 3219 llilduinus
3345 3177 3521 3233 nepos
3552 3163 3676 3232 ejus

2038 3253 2477 3321 Lugdunensem
2526 3252 2831 3308 ecclesiam
2870 3250 3162 3322 paululum
3211 3266 3319 3306 non
3366 3252 3675 3322 episcopus

2038 3342 2246 3410 tenuit,
2282 3346 2338 3396 et
2372 3342 2689 3396 abscedens
2740 3340 2948 3394 Lirinis
2995 3340 3309 3395 monachus
3342 3340 3531 3395 factus
3560 3346 3671 3395 est.

2038 3431 2173 3485 Post
2201 3445 2369 3499 quem
2397 3430 2830 3499 Lugdunensem
2864 3427 3182 3483 zecclesiam
3210 3428 3525 3484 Laidradus
3555 3443 3679 3484 sus-

2038 3519 2193 3588 cepit
2228 3518 2432 3574 bonori
2466 3518 2547 3573 rei
2591 3517 2839 3588 publica}
2882 3516 3082 3581 utilis;
3124 3517 3505 3571 Viennensem
3538 3532 3676 3571 vero

2040 3607 2257 3662 Vulferi
2294 3608 2569 3663 Bavarius
2610 3606 2762 3661 rexit
2791 3621 2841 3661 a.
2879 3610 2963 3676 ll,
2995 3606 3087 3661 cui
3120 3605 3404 3660 successit
3442 3606 3680 3661 Bernar-

2038 3695 2167 3751 dus.
2206 3696 2523 3751 Laidradus
2556 3710 2693 3751 vero
2726 3696 2782 3750 in
2816 3694 2980 3750 initio
3009 3694 3232 3765 imperii
3278 3694 3548 3749 Ludovici
3582 3695 3682 3749 im-

2040 3785 2330 3855 peratoris
2347 3784 2763 3840 Suessioneuse
2780 3783 3194 3839 monasterium
3212 3782 3463 3853 pctiit,et
3481 3782 3533 3837 in
3551 3782 3679 3838 loco

2035 3886 2162 3941 ejus
2187 3872 2530 3941 Agobardus
2551 3872 2931 3928 substituitur
2944 3871 3204 3939 ejusdem
3222 3870 3490 3926 ecclesiae
3515 3885 3680 3926 core-

2038 3961 2758 4031 piscopus,conscntientc
2791 3960 3143 4030 imperatore
3175 3965 3234 4014 et
3266 3959 3681 4015 omniGallica-

2038 4063 2240 4103 norum
2257 4049 2664 4119 episcoporum
2682 4048 2923 4116 synodo.
2942 4047 3103 4112 Quod
3121 4048 3351 4117 quidam
3368 4047 3679 4103 defendere

2035 4136 2319 4205 volentes,
2373 4136 2644 4191 dixerunt
2676 4150 2805 4189 cum
2838 4150 2867 4189 a
2901 4136 3091 4190 tribus
3118 4135 3414 4205 episcopis
3448 4136 3501 4190 in
3535 4135 3676 4191 sede

2036 4223 2404 4291 Lugdunensi
2425 4223 2667 4292 jubente
2692 4222 2975 4278 Laidrado
3001 4222 3179 4278 fuisse
3203 4224 3554 4280 ordinatum.
3578 4225 3680 4280 Hic

2036 4311 2217 4380 igitur
2235 4304 2579 4379 Agobardus
2601 4316 2660 4365 et
2686 4311 3013 4365 Bernardus
3033 4310 3377 4367 Viennensis
3400 4313 3552 4383 apud
3577 4313 3682 4368 Lu-

2038 4399 2304 4454 dovicum
2338 4398 2617 4468 accusati,
2653 4398 2903 4454 desertis
2935 4397 3221 4467 ecclesiis,
3257 4399 3312 4453 in
3345 4400 3569 4455 Italiam
3604 4401 3675 4455 ad

2040 4486 2395 4543 Clotharium
2427 4501 2489 4542 se
2522 4486 2928 4551 contulerunt;
2963 4484 3066 4541 sed
3098 4487 3408 4555 agentibus
3440 4488 3552 4558 piis
3580 4488 3683 4544 im-

284 4570 477 4644 pulus.
504 4573 740 4629 Duobus
764 4573 960 4642 itaque
980 4572 1202 4643 przeliis
1226 4573 1303 4629 ita
1327 4574 1567 4629 contriti
1593 4581 1728 4632 sunt
1754 4578 1925 4633 Saxo-
1954 4572 2009 4635 D
2040 4575 2429 4648 peratoribus,
2468 4579 2714 4644 uterque
2747 4575 2942 4630 sedem
2977 4588 3139 4629 suam
3170 4575 3411 4645 recepit.
3444 4576 3511 4631 Et
3544 4580 3679 4647 post

283 4674 408 4731 nes,
442 4664 503 4717 ut
534 4659 783 4717 ulterius
818 4675 1005 4731 neque
1048 4675 1242 4731 regem
1295 4670 1707 4735 provocarent,
1743 4680 1927 4736 neque

283 4747 541 4805 venienti
576 4749 854 4805 resistere
893 4748 1194 4806 auderent.
1236 4750 1443 4807 Plures
1482 4755 1670 4808 tamen
1704 4753 1929 4811 nobiles

283 4851 354 4893 eo
378 4837 528 4894 bello
549 4838 878 4909 consumpti
914 4844 1069 4895 sunt.

358 4927 520 4981 Anno
549 4928 654 4983 788
686 4925 1017 4997 HiSpaniam
1061 4940 1372 4997 aggressus
1414 4926 1523 4983 sibi
1555 4929 1835 5000 subdidit,
1869 4934 1927 4986 et

285 5012 662 5069 Britanniam.
684 5015 795 5069 Per
818 5013 1202 5083 quadraginta
1223 5015 1373 5071 enim
1397 5022 1457 5070 et
1480 5020 1701 5087 septem
1722 5032 1925 5088 annos,

286 5101 498 5173 quibus
525 5101 810 5173 regnavit,
838 5102 920 5159 ita
951 5101 1248 5175 ampliavit
1280 5105 1629 5162 Francorum
1664 5120 1925 5179 regnum,

2040 4678 2256 4736 paucos
2285 4678 2466 4721 annos
2508 4661 2851 4732 Agobardus
2883 4662 3031 4733 apud
3066 4662 3387 4718 Sanctonas
3414 4664 3471 4718 in
3503 4678 3679 4735 expe-

2040 4754 2262 4810 ditione
2286 4752 2444 4822 regia
2464 4752 2819 4820 defungitur.
2840 4751 3414 4821 Bernardusquoque
3436 4751 3602 4821 obiit,
3619 4757 3680 4808 et

2041 4840 2386 4912 Agylmarus
2418 4840 2817 4897 substituitur.
2855 4839 3056 4895 Amolo
3079 4852 3307 4909 quoque
3336 4838 3680 4908 Lugdunen-

2041 4945 2159 4987 scm
2185 4929 2587 5000 episcOpatum
2613 4927 2896 4997 suscepit,
2924 4927 3091 4996 cujus
3116 4926 3682 4984 auctoritasetamor

2039 5016 2235 5074 Karoli
2261 5030 2400 5087 erga
2422 5030 2551 5072 eum
2576 5014 2821 5071 multum
2854 5015 3034 5072 valuit
3073 5019 3276 5071 sancto
3300 5029 3461 5086 papae
3485 5016 3679 5084 Leoni,

2040 5112 2104 5164 ut
2136 5106 2259 5178 ipse
2290 5105 2401 5162 hoc
2432 5108 2685 5162 testatur
2717 5104 2774 5159 in
2801 5102 3052 5176 epistola
3083 5103 3157 5161 ad
3182 5117 3315 5160 eum
3344 5102 3536 5162 missa.

1648 5246 1736 5302 VA
1746 5247 1882 5302 BLE
1922 5246 2321 5305 LECTIONES.

355 5349 425 5386 ²⁴³
450 5364 647 5410 vocem
676 5349 940 5411 excisam
963 5348 1253 5423 suppleri.
1288 5349 1355 5384 '“
1385 5351 1760 5409 munitionis?
1787 5352 1856 5387 ²⁴⁸
1877 5353 2159 5425 vestigia?

1869 5477 2091 5533 NOTAE.

358 5576 471 5651 (63)
502 5578 604 5636 Est
632 5578 837 5636 charta
870 5576 1058 5638 Caroli
1091 5576 1252 5649 regis
1291 5577 1427 5636 data
1455 5592 1604 5638 anno
1636 5542 1797 5651 regni
1827 5584 1860 5638 8
1888 5580 2014 5640 sine
2042 5581 2135 5639 die
2165 5585 2227 5639 et
2256 5579 2402 5640 loco.
2454 5577 2763 5651 Plancber,
2792 5576 3051 5637 Histoire
3080 5576 3155 5637 de
3185 5577 3532 5654 Bourgoane
3561 5583 3603 5637 t.
3635 5579 3681 5653 Ι,

284 5660 533 5721 preuves
561 5664 615 5722 p.
648 5653 699 5705 tl.
