3922 6406
228 360 343 435 163

1183 362 1552 431 HUGONIS
1594 363 1949 432 ABBATIS
1992 364 2675 445 FLAVINIACENSIS

3513 370 3628 439 164

290 496 435 569 (Fol.
460 500 575 571 61.)
606 496 810 568 (Gesta
818 512 886 569 Ρ.
912 498 1024 565 R.;
1051 492 1269 554 Chron.
1292 494 1460 567 Div.)
1490 495 1872 552 Successerat
1902 498 1957 558 A
1988 511 2216 569 quoque
2251 496 2508 557 decessit
2534 513 2682 557 anno
2712 502 2784 558 ab
2814 500 2924 559 inc.
2954 500 3113 561 Dom.
3136 508 3259 576 815,
3295 507 3473 564 etatis
3504 522 3626 565 suae

217 592 348 660 post
374 588 684 645 Adrianum
708 586 764 641 in
790 585 1137 658 pontiﬁcatu
1184 585 1440 640 Romano
1478 584 1590 639 Leo
1620 597 1771 639 anno
1802 584 1873 640 ab

217 676 615 733 incarnatione
637 675 862 731 Domini
884 678 1006 745 796,
1025 674 1120 744 qui
1144 673 1298 729 sedit
1315 672 1370 727 in
1387 672 1589 728 eadem
1613 673 1755 729 sede
1780 687 1876 729 an-

219 766 310 820 nis
332 770 419 835 22,
448 764 748 821 mensibus
773 769 827 833 5,
851 763 1057 818 diebus
1082 765 1164 817 15.
1201 763 1362 817 Hunc
1390 761 1628 815 Romani
1654 760 1875 816 letania

219 855 433 924 majore
467 858 702 924 captum
728 851 928 908 multis
952 851 1221 907 aﬂ'ectum
1247 848 1497 920 injuriis,
1525 848 1714 904 crutis
1740 864 1876 904 ocu-

217 940 308 1011 lis,
325 942 519 1011 lingua
534 944 857 1011 amputata,
875 953 1025 995 anno
1041 940 1213 994 Dom.
1228 938 1447 993 inearn.
1469 941 1575 992 799
1599 937 1770 992 ﬁdem
1788 950 1875 991 re-

214 1030 307 1100 gis
339 1028 651 1101 implorare
683 1027 1116 1098 compulerunt.
1154 1026 1344 1097 [Aoo.]
1382 1024 1594 1081 Missus
1627 1024 1778 1079 enim
1814 1023 1872 1079 in

217 1117 501 1188 custodia,
538 1132 641 1189 per
692 1131 918 1172 murum
969 1119 1145 1171 noctu
1198 1114 1424 1183 aufugit
1455 1114 1526 1169 ad
1559 1112 1871 1169 ecclesiam

219 1205 408 1262 sancti
430 1205 621 1270 Petri;
648 1204 781 1260 inde
806 1220 835 1260 a
864 1204 1099 1259 Francis
1132 1202 1432 1272 Spoletum
1455 1201 1765 1269 deductus,
1804 1214 1870 1255 ac

220 1294 450 1351 demum
464 1293 535 1350 ad
549 1292 971 1348 Palabronnam
996 1290 1311 1347 honoriﬁce
1328 1304 1357 1345 a
1374 1303 1509 1358 rege
1532 1293 1867 1359 susceptus,

219 1387 430 1439 etcum
455 1383 676 1437 honore
705 1382 942 1437 Romam
967 1384 1057 1435 est
1082 1378 1385 1434 remissus.
1425 1377 1670 1445 (Chron.
1704 1376 1868 1447 Div.)

220 1472 337 1526 llec
361 1470 469 1526 fuit
490 1484 663 1527 causa
689 1468 876 1525 ultimi
904 1468 1189 1523 adventus
1212 1465 1404 1522 Karoli
1430 1466 1664 1521 Romam
1688 1464 1758 1519 ad
1783 1479 1871 1520 re-

220 1558 540 1630 parandum
564 1557 849 1613 ;ecclesiai
897 1561 1133 1625 statum,
1163 1554 1260 1611 ubi
1282 1559 1472 1610 totum
1497 1552 1705 1609 hiemis
1729 1557 1871 1607 tem-

220 1662 329 1718 pus
352 1647 567 1716 exegit,
621 1661 735 1717 quo
762 1645 817 1701 in
842 1650 1101 1716 tempore
1150 1642 1522 1714 imperatoris
1545 1644 1602 1697 et
1631 1640 1865 1711 augusti

220 1750 426 1792 nomen
448 1734 760 1806 assumpsit
781 1738 972 1802 a.799,
1000 1732 1115 1787 ind.
1134 1737 1185 1802 8,
1212 1731 1365 1802 quod
1390 1730 1593 1802 primis
1622 1729 1866 1786 multum

1986 600 2015 640 a
2056 592 2143 656 72,
2189 586 2352 656 regni
2392 591 2478 657 47,
2523 593 2554 644 δ
2593 589 2712 645 Kal.
2758 592 3079 663 Februarii,
3124 601 3182 650 et
3222 599 3316 649 est
3356 596 3628 666 sepultus

1987 675 2303 744 Aquigrani
2346 675 2563 746 palatio
2594 677 2648 733 in
2691 679 2980 751 zecclesia,
3017 697 3187 752 quam
3221 683 3346 754 ipse
3377 684 3628 741 aediﬁca-

1986 767 2170 818 verat.
2198 764 2489 818 Successit
2515 765 2840 822 Ludovicus
2865 773 3248 836 cognomento
3270 771 3426 841 Pius,
3444 777 3501 827 et
3524 787 3627 843 per

1986 865 2167 905 annos
2205 856 2272 906 25
2311 866 2517 920 magno
2559 854 2951 911 moderamine
2992 858 3141 911 rexit
3192 858 3516 930 imperium,
3565 870 3627 917 et

1985 937 2255 994 hostibus
2286 938 2537 995 fortibus
2572 940 2854 998 resistens
2886 948 3162 1012 potenter
3185 960 3283 1001 eos
3312 948 3548 1003 terruit.

2056 1025 2239 1096 [Erum
2276 1027 2450 1097 Amm
2484 1029 2646 1084 Anno
2676 1032 2780 1085 816
2804 1030 2948 1086 obiit
2981 1033 3089 1088 Leo
3123 1047 3289 1105 papa,
3332 1040 3390 1090 et
3426 1050 3625 1092 succe-

1985 1112 2126 1170 dens
2156 1115 2485 1185 Stephanus
2517 1118 2787 1188 sequenti
2820 1133 2969 1175 anno
2998 1120 3162 1191 obiit,
3196 1122 3290 1179 cui
3332 1126 3624 1180 successit

1982 1202 2297 1258 Paschalis.
2763 1250 2767 1255 .

2056 1294 2218 1347 Anno
2250 1294 2354 1347 817
2382 1292 2708 1351 Ludovicus
2747 1296 3054 1353 concilium
3096 1298 3297 1355 habuit
3340 1300 3411 1355 de
3451 1302 3624 1357 abba-

1981 1379 2142 1436 tibus
2173 1386 2232 1435 et
2273 1382 2589 1452 monachis,
2633 1384 2728 1438 ubi
2771 1385 3038 1441 interfuit
3082 1387 3436 1458 Apollinaris
3475 1390 3623 1445 abba

1981 1467 2454 1538 Flaviniacensis,
2490 1475 2550 1524 et
2583 1472 2745 1526 obbit
2776 1476 2896 1529 826.

2052 1557 2184 1627 (Ep.
2216 1559 2483 1630 Hincm.)
2518 1561 2680 1614 Anno
2713 1560 2900 1631 ipsius
2924 1562 3118 1617 domni
3157 1563 3433 1620 Ludovici
3464 1571 3515 1626 8.
3550 1565 3623 1622 ab

1980 1644 2201 1701 incarn.
2226 1647 2382 1701 Dom.
2410 1652 2531 1716 823,
2560 1654 2730 1704 natus
2752 1656 2845 1705 est
2865 1650 2918 1707 ei
2936 1650 3088 1707 ﬁlius
3110 1652 3355 1709 Karolus
3378 1654 3433 1709 in
3448 1656 3624 1713 Fran-

1979 1734 2289 1790 conofurth
2322 1735 2538 1806 palatio
2570 1752 2740 1807 novo,
2781 1744 2840 1794 et
2872 1739 2950 1795 ibi
2982 1740 3285 1797 ordinatus
3316 1746 3405 1798 est
3436 1743 3623 1814 pridie

221 1823 454 1894 quidem
478 1826 786 1879 aversatus
809 1826 916 1877 est.
953 1822 1143 1911 [And]
1178 1822 1315 1911 Tum
1339 1819 1536 1875 habita
1562 1818 1866 1889 questione
1894 1849 1952 1911 Β
1981 1821 2116 1878 Idus
2144 1824 2296 1879 Junii
2315 1826 2506 1893 Drogo
2535 1827 2727 1881 Karoli
2751 1828 2933 1897 Magni
2960 1829 3134 1900 ﬁlius,
3162 1836 3221 1885 et
3250 1830 3424 1888 datus
3448 1836 3540 1887 est
3561 1831 3613 1887 ei

222 1912 294 1967 de
326 1911 432 1982 eis,
468 1911 562 1980 qui
596 1911 840 1966 Leonem
886 1925 1089 1981 papam
1124 1910 1201 1963 ita
1238 1908 1546 1963 inhoneste
1575 1910 1868 1962 tractave-

223 2004 375 2069 rant,
401 2003 458 2054 et
483 1997 825 2069 deponendo
846 1997 1426 2065 contumeliaverant,
1455 1999 1517 2051 ut
1542 2010 1674 2050 reos
1697 1993 1868 2062 maje-

220 2087 393 2142 statis
414 2086 605 2157 capite
631 2085 1316 2158 plectendosjussit.Pro
1342 2084 1553 2154 quibus
1577 2083 1707 2154 pius
1730 2096 1869 2153 pon-

222 2174 367 2231 tifex
398 2175 753 2243 intercessit,
780 2180 837 2230 et
859 2188 963 2229 rex
985 2174 1070 2230 eis
1094 2173 1268 2229 vitam
1292 2177 1348 2229 et
1373 2172 1627 2229 membra
1661 2172 1867 2243 perdo-

221 2263 412 2330 navit;
446 2262 502 2318 in
529 2262 765 2318 exilium
797 2267 991 2317 tamen
1023 2268 1162 2317 sunt
1193 2262 1374 2317 missi.

290 2354 452 2407 Anno
476 2353 547 2407 ab
570 2351 680 2406 inc.
705 2352 863 2407 Dom.
890 2355 1015 2421 803,
1042 2351 1360 2421 imperator
1384 2349 1732 2418 legationem
1757 2349 1866 2404 Ro-

224 2454 370 2495 mam
396 2438 552 2494 misit
579 2439 649 2493 de
675 2437 1017 2507 inquirenda
1055 2437 1322 2505 veritate,
1351 2436 1418 2506 si,
1447 2442 1510 2492 ut
1542 2437 1861 2505 ferebatur,

221 2528 458 2597 sanguis
492 2526 706 2582 Christi
732 2527 787 2581 in
812 2528 1039 2581 Mantua
1073 2525 1277 2581 fuisset
1312 2525 1601 2580 inventus.
1639 2525 1757 2591 Qua
1794 2524 1864 2581 de

219 2630 392 2672 causa
426 2616 536 2672 Leo
569 2616 624 2670 in
658 2615 956 2671 Franciam
993 2614 1171 2685 venit,
1207 2629 1376 2684 quem
1411 2615 1729 2683 imperator
1758 2614 1864 2667 HL-

221 2720 442 2761 morum
465 2705 703 2761 civitate
728 2709 1087 2775 susceptum,
1115 2702 1364 2758 natalem
1387 2702 1611 2757 Domini
1641 2717 1769 2758 cum
1794 2716 1862 2756 eo

220 2794 511 2850 celebrem
534 2792 720 2863 duxit,
736 2800 796 2848 et
818 2793 1093 2847 donatum
1114 2790 1378 2846 maximis
1400 2790 1735 2846 muneribus
1760 2804 1863 2861 per

221 2881 520 2937 Bavariam
555 2881 636 2935 ire
670 2880 961 2937 volentem
1011 2878 1222 2935 deduci
1267 2879 1400 2935 fecit
1434 2892 1616 2948 usque
1648 2880 1865 2934 Raven-

220 2984 372 3025 nam.

295 3056 484 3128 [Ano.]
537 3059 698 3112 Anno
731 3057 802 3112 ab
834 3056 945 3112 inc.
981 3057 1139 3111 Dom.
1174 3059 1278 3112 806
1321 3054 1513 3110 delata
1564 3059 1698 3111 sunt
1739 3070 1864 3111 cor-

224 3160 363 3216 pora
397 3150 456 3200 et
485 3159 620 3201 ossa
654 3145 839 3202 sancti
874 3144 1126 3216 Cipriani
1151 3158 1179 3200 a
1205 3144 1552 3213 Carthagine
1576 3158 1705 3200 cum
1732 3144 1864 3200 reli-

1981 1911 2355 1982 episcopatns
2384 1915 2675 1985 Metensis,
2710 1923 2769 1971 et
2791 1919 3108 1973 llumberto
3141 1921 3491 1990 prmcentori
3524 1935 3620 1991 pa-

1980 1999 2103 2056 latii
2126 2001 2481 2072 epiSCOpium
2506 2004 2794 2059 Meldense
2820 2007 3095 2062 traditum
3120 2010 3229 2063 est.
3262 2008 3366 2073 Qui
3401 2009 3617 2064 invenit

1978 2088 2035 2143 in
2058 2089 2183 2161 ipsa
2206 2090 2466 2147 meclesia
2492 2093 3010 2162 quaterniunculos
3033 2096 3104 2150 de
3123 2096 3239 2152 vita
3265 2097 3451 2152 sancti
3484 2099 3620 2153 San-

1977 2177 2137 2247 ctini,
2162 2179 2266 2233 sed
2290 2178 2457 2235 valde
2475 2180 2787 2236 contritos.
2817 2182 3031 2237 Eodem
3056 2198 3204 2239 anno
3228 2184 3283 2239 in
3312 2185 3614 2241 territorio

1976 2266 2248 2335 Tullensi,
2281 2267 2416 2323 villa
2451 2269 2899 2339 Commarciaco,
2928 2271 3119 2342 puella
3145 2273 3390 2329 sabbato
3416 2280 3618 2330 sancto

1978 2358 2106 2425 post
2155 2360 2454 2427 acceptam
2502 2357 2964 2413 communionem
3007 2360 3271 2430 jejunare
3320 2363 3517 2435 coepit,
3562 2370 3618 2419 et

1976 2447 2099 2498 tres
2133 2458 2312 2499 annos
2345 2445 2567 2514 absque
2597 2445 2782 2502 omnis
2820 2447 2934 2501 cibi
2968 2453 3027 2502 ct
3048 2454 3218 2518 potus
3250 2452 3623 2521 perceptione

1977 2546 2342 2602 permanens,
2362 2547 2413 2587 a.
2430 2537 2535 2589 826
2551 2534 2762 2590 iterum
2784 2535 3132 2592 manducare
3151 2538 3346 2608 coepit.
3377 2539 3616 2609 (C’Mon.

1974 2620 2134 2692 Dic.)
2166 2620 2380 2676 Habuit
2422 2622 2747 2679 Ludovicus
2776 2626 2833 2677 et
2862 2623 3009 2680 alios
3048 2628 3167 2681 tres
3198 2625 3374 2697 ﬁlios,
3412 2629 3622 2683 Lotha-

1978 2707 2148 2777 rium,
2202 2708 2555 2765 Ludovicum
2609 2715 2665 2766 et
2717 2711 3045 2783 Pippinum,
3079 2719 3135 2769 et
3167 2729 3237 2770 ex
3277 2715 3389 2772 alia
3441 2730 3621 2773 uxore

1971 2796 2280 2867 juniorem,
2320 2813 2487 2869 quem
2518 2799 2772 2857 diximus
2803 2800 3089 2858 Carolum.

2050 2886 2231 2956 [Eum
2263 2888 2442 2958 Ama]
2490 2889 2654 2943 Anno
2685 2892 2791 2944 824
2816 2890 3115 2947 Paschalis
3164 2906 3311 2964 papa
3364 2894 3531 2964 obiit,
3562 2900 3619 2950 et

1974 2972 2268 3043 E‘ugenius
2314 2976 2621 3045 successit,
2656 2984 2714 3031 et
2763 2977 2952 3034 tribus
2997 2981 3162 3036 annis
3212 2981 3620 3038 administrate

1978 3062 2321 3133 pontificatu
2354 3063 2628 3131 Romano,
2666 3062 2972 3120 Valentino
3006 3068 3200 3122 sedem
3234 3069 3489 3139 reliquit,
3518 3072 3615 3140 qui

1975 3149 2178 3205 eodem
2200 3164 2396 3205 mense
2419 3150 2587 3227 obiit,
2605 3152 3077 3220 etGregoriusIV
3091 3157 3390 3213 successit.
3420 3157 3621 3227 (Gesta

221 3213 375 3305 quiis
406 3234 839 3290 Scillitanorum
871 3213 1209 3305 martyrum,
1244 3236 1469 3305 Sperati
1493 3237 1552 3289 et
1576 3234 1861 3290 sociorum
1895 3213 1944 3274 Ο
1963 3252 2027 3308 p.
2055 3239 2155 3308 Ε.)
2190 3238 2347 3294 Sedit
2381 3253 2430 3294 a.
2467 3224 2551 3294 19.
2573 3213 2674 3305 Γ(Α.
2708 3213 2882 3295 Ιπτιῖίί.
2925 3244 3048 3309 833,
3082 3242 3233 3313 834.)
3267 3213 3621 3314 Hujustein:

220 3322 365 3393 ejus,
382 3329 439 3378 et
456 3323 717 3393 Lugduni
735 3323 789 3379 in
804 3322 1050 3380 ecclesia
1075 3322 1260 3379 sancti
1282 3322 1561 3379 Johannis
1584 3322 1863 3394 Baptistae

224 3413 431 3483 posita.

293 3501 480 3571 (Emn.
514 3502 693 3567 Ann.)
745 3503 907 3555 Anno
954 3500 1026 3554 ab
1078 3499 1190 3555 inc.
1241 3499 1401 3555 Dom.
1446 3501 1551 3556 810
1581 3497 1862 3568 Pippinus

221 3587 406 3645 Italiae
430 3603 531 3643 rex
555 3588 915 3656 defungitur,
937 3588 992 3642 in
1015 3587 1182 3656 cujus
1205 3601 1383 3656 regno
1415 3584 1659 3642 Karolus
1681 3584 1860 3640 ﬁlium

221 3675 348 3746 eius
369 3676 723 3732 Bernardum
750 3681 1019 3746 nepotem
1039 3689 1207 3735 suum
1232 3673 1559 3743 substituit,
1585 3677 1644 3728 et
1666 3686 1861 3741 regem

221 3762 504 3836 appellari
536 3762 863 3819 constituit.

293 3853 457 3907 Anno
487 3851 561 3906 ab
600 3850 715 3905 inc.
768 3851 925 3905 Dom.
958 3854 1061 3908 813
1111 3848 1343 3919 quidam
1394 3849 1465 3905 de
1510 3848 1864 3919 primoribus

223 3941 609 3997 Romanorum
658 3937 1146 4008 conSpiraverunt
1191 3937 1247 3993 in
1296 3937 1598 3994 interitum
1658 3938 1866 3994 Leonis

222 4043 407 4100 papae,
434 4027 531 4099 Qui
563 4026 969 4098 comprehensi
997 4027 1163 4097 jussu
1187 4025 1346 4083 illius
1376 4026 1670 4083 interfecti
1702 4031 1858 4083 sunt.

223 4119 442 4174 Exacto
492 4131 630 4172 vero
671 4120 920 4187 papatus
965 4117 1055 4171 sui
1105 4131 1254 4172 anno
1305 4122 1401 4174 210
1432 4130 1562 4173 cum
1604 4116 1863 4186 graviter

222 4209 557 4277 agrotaret,
610 4204 849 4259 Romani
898 4203 1144 4260 collecta
1186 4219 1354 4260 manu
1397 4204 1587 4260 omnia
1620 4204 1859 4277 praedia,

222 4308 352 4365 quas
385 4293 440 4349 in
470 4292 717 4362 singulis
762 4292 1064 4350 civitatum
1118 4293 1436 4350 territoriis
1467 4293 1697 4351 noviter
1727 4308 1863 4351 con-

223 4386 544 4450 struxerat,
606 4381 793 4452 primo
839 4380 1142 4453 diripiunt,
1196 4381 1407 4438 deinde
1460 4388 1854 4440 concremant.

1976 3339 2135 3396 pore,
2162 3330 2225 3381 ut
2256 3324 2310 3379 in
2335 3324 2527 3380 Gestis
2558 3326 2907 3381 Francorum
2942 3326 3174 3396 legitur,
3214 3329 3535 3387 Ludovicus
3561 3332 3615 3387 in

1973 3412 2271 3470 Elisatiam
2286 3414 2585 3484 profectus
2608 3414 3055 3470 occurrentibus
3078 3414 3156 3470 ibi
3190 3415 3324 3471 ﬁliis
3346 3418 3466 3474 suis
3485 3435 3615 3477 cum

1976 3502 2217 3571 praefato
2241 3501 2518 3571 Gregorio
2539 3502 2793 3557 Romano
2820 3501 3118 3571 pontiﬁce,
3147 3502 3370 3571 judicio
3393 3507 3617 3576 episco-

1975 3604 2182 3660 porum
2216 3604 2419 3645 nomen
2446 3588 2719 3660 deposuit
2745 3593 2799 3643 et
2826 3589 2895 3643 ad
2920 3591 3301 3660 penitentiam
3334 3595 3613 3661 agendam

1975 3676 2274 3747 aliquanto
2299 3683 2558 3748 tempore
2581 3677 2847 3747 privatus
2866 3681 2917 3732 et
2949 3677 3209 3735 inclusus
3232 3680 3538 3737 victitavit.

2047 3765 2237 3836 [Ano.]
2270 3767 2436 3821 Anno
2459 3770 2561 3820 8‘28
2588 3780 2719 3821 eum
2750 3766 2935 3821 omnis
2967 3771 3232 3837 potestas
3264 3770 3611 3827 Francorum

1974 3854 2059 3909 Pii
2090 3853 2363 3909 Ludovici
2414 3853 2608 3910 studio
2657 3857 2893 3909 vacaret
2940 3855 3077 3924 otio,
3131 3856 3364 3926 quidam
3394 3862 3611 3915 tantam

1976 3943 2110 3999 boni
2144 3957 2301 4014 spem
2325 3942 2394 3975 ²⁴⁶
2417 3957 2526 3998 non
2560 3943 2835 4012 ferentes,
2871 3958 3110 3999 uxorem
3142 3944 3513 4017 imperatoris
3540 3950 3613 4005 ab

1973 4030 2098 4101 ejus
2130 4031 2312 4086 latere
2336 4030 2392 4085 in
2417 4029 2784 4100 Aquitaniam
2816 4032 2926 4086 sub
2956 4032 3227 4089 custodia
3260 4033 3537 4104 dirigunt.
3568 4040 3610 4093 Α

1975 4133 2110 4189 rege
2143 4133 2372 4189 quoque
2411 4119 2720 4175 universus
2770 4118 3023 4190 populus
3056 4120 3331 4178 deﬁciens
3360 4124 3431 4179 ad
3462 4124 3613 4181 ﬁlios

1973 4206 2099 4276 ejus
2121 4221 2181 4263 se
2208 4206 2514 4263 transtulit
2539 4226 2551 4261 :
2578 4206 2700 4278 ipse
2731 4206 3018 4264 custodias
3049 4208 3303 4266 traditus
3333 4216 3442 4279 est,
3468 4228 3614 4270 uxor

1972 4295 2100 4366 ejus
2130 4294 2331 4351 itidem
2365 4293 2650 4351 custodiae
2698 4295 3021 4366 mancipata
3054 4301 3171 4362 est;
3208 4298 3309 4353 sed
3337 4304 3482 4357 nutu
3513 4300 3609 4356 Dei

1973 4389 2105 4457 post
2134 4383 2310 4441 tot"7
2339 4384 2583 4441 adversa
2617 4398 2901 4455 prospera
2934 4386 3278 4457 succedunt,
3310 4389 3507 4460 pepuli
3538 4390 3610 4446 ad

222 4470 381 4539 Quos
412 4469 1058 4541 probibuitabincepto
1085 4471 1419 4526 Bernardus
1451 4470 1632 4528 Italiae
1654 4476 1859 4543 rex,et
1972 4472 2352 4544 penitentiam
2399 4471 2491 4505 ²⁴⁸ί
2523 4477 2966 4542 convertuntur,
3020 4473 3205 4544 ipsum
3257 4475 3312 4531 in
3364 4478 3611 4548 pristino

219 4560 421 4617 eodem
454 4573 604 4616 anno
635 4557 782 4615 obiit
812 4573 957 4630 papa
989 4560 1119 4614 Leo.
1884 4562 1939 4624 D
1969 4561 2153 4632 gradu
2178 4565 2520 4619 revocantes
2550 4560 2888 4632 sublimant,
2915 4559 3016 4616 ﬁlii
3039 4562 3266 4620 nunciis
3289 4566 3484 4623 missis
3516 4582 3612 4623 ve-

291 4647 533 4720 (C'ltron.
556 4648 719 4717 Div.)
741 4648 1014 4704 Extremo
1033 4646 1168 4705 vitae
1191 4662 1313 4704 suae
1338 4651 1597 4719 tempore
1618 4664 1858 4719 congre—
1969 4649 2119 4705 niam
2134 4649 2667 4719 ﬂagitant,matrem
2682 4649 2987 4706 reducunt.
3006 4649 3290 4724 [Rscmd]
3309 4653 3607 4712 Clothario

217 4735 374 4805 gatis
404 4735 661 4792 omnium
694 4736 1045 4791 Francorum
1093 4735 1471 4806 primoribus,
1507 4736 1855 4794 Ludovicum
1962 4738 2079 4809 jam
2130 4740 2466 4811 imperatori
2498 4747 2561 4799 ut
2591 4746 2757 4799 extra
2786 4742 2856 4775 ²⁴⁰
2885 4744 3109 4802 Italiam
3159 4743 3267 4801 nisi
3317 4747 3484 4816 patre
3522 4743 3612 4814 ju-

220 4823 401 4881 ﬁlium
433 4838 601 4881 suum
633 4829 966 4879 consortem
997 4822 1159 4891 regni
1181 4828 1238 4878 et
1262 4822 1580 4894 imperialis
1610 4825 1860 4883 nominis
1970 4829 2142 4885 bente
2172 4843 2283 4884 non
2316 4830 2661 4900 procederet
2681 4830 2751 4864 ²⁸⁰
2773 4832 3068 4905 principes
3101 4835 3408 4906 imperant.
3444 4832 3608 4899 Quod

220 4909 1853 4986 fecitberedem,impositocapitiejusdiademate.[Bsnr].
1969 4917 2163 4974 divina
2193 4916 2262 4949 “1
2294 4918 2513 4988 pietate
2540 4929 2597 4974 et
2631 4920 2819 4989 gratia
2852 4923 3067 4979 factum
3098 4928 3189 4980 est
3222 4923 3354 4993 quia
3388 4922 3513 4994 ipse
3542 4920 3610 4954 ²⁸²

219 5001 343 5069 Quo
376 5000 431 5057 in
459 5004 724 5071 tempore
761 4997 1106 5055 Herilandus
1142 5001 1403 5072 suscepit
1434 5001 1858 5059 Virdunensem
1970 5005 2291 5077 imperator
2318 5007 2377 5061 in
2409 5008 2789 5077 sequentibus
2812 5009 3033 5079 judicio
3077 5012 3484 5083 episcoporum
3531 5011 3603 5068 ad

217 5088 645 5161 epiSCOpatum,
679 5087 768 5145 vir
799 5086 1042 5144 multum
1073 5086 1319 5158 simplex
1347 5094 1405 5144 et
1438 5088 1591 5145 ultra
1624 5090 1857 5147 modum
1968 5094 2356 5165 penitenciam
2402 5096 2816 5155 reconciliatus
2847 5104 2955 5157 est.
2992 5100 3119 5156 Fuit
3152 5106 3345 5157 autem
3378 5101 3485 5156 hec
3517 5101 3613 5157 de-

218 5177 513 5244 inﬁrmus;
535 5181 595 5232 et
615 5176 708 5232 hic
730 5174 983 5249 expletis
1005 5175 1061 5231 in
1085 5176 1425 5249 episcopatu
1443 5177 1610 5234 annis
1632 5184 1683 5249 7,
1710 5177 1854 5234 obiit
1963 5182 2144 5251 jectio
2168 5180 2237 5214 ’⁵³
2260 5181 2503 5240 maxima
2526 5198 2600 5241 ex
2620 5191 2786 5255 parte
2820 5188 2971 5243 facta
2996 5204 3100 5260 pro
3126 5187 3464 5245 multimoda
3498 5189 3611 5245 for-

219 5264 422 5336 Aquis,
445 5267 503 5319 et
526 5262 750 5320 relatus
781 5264 936 5335 inde,
961 5263 1231 5335 sepultus
1260 5269 1351 5321 est
1380 5263 1859 5345 juxta'Anstran-
1970 5270 2261 5327 nicatione
2288 5271 2489 5328 Iudith
2519 5274 2721 5330 uxoris
2752 5274 2898 5346 ejus.

220 5366 357 5411 num
378 5351 437 5408 in
460 5350 701 5410 basilica
724 5352 911 5410 sancti
930 5352 1141 5410 Vitoni.
1164 5352 1407 5425 (Chron.
1427 5353 1592 5425 Die.)
1612 5353 1859 5415 Karolus
2042 5358 2258 5432 [Bsn'n]
2292 5361 2457 5417 Anno
2488 5365 2593 5419 839
2622 5361 2932 5423 Lotharius
2984 5363 3189 5424 relicta
3233 5364 3471 5424 Francia
3505 5366 3613 5425 Ita-

1542 5473 1549 5481 ’
1584 5482 1821 5539 νΑΡιιιΕ
1859 5483 2259 5541 LECTIONES.

226 5582 358 5719 ὥ
388 5583 559 5719 bans:
585 5583 875 5669 suppleri.
909 5585 980 5622 ³⁸⁷
1010 5592 1146 5692 pint.
1179 5600 1231 5644 a.
1255 5586 1557 5718 δαρῖιξυί.
1589 5586 1661 5670 ’ξ’
1691 5589 1927 5670 peniten
1974 5591 2262 5663 suppleri.
2299 5590 2369 5629 ²⁶⁹
2404 5596 2469 5651 ut
2516 5598 2682 5652 extra
2731 5593 2943 5655 deleta.
2976 5592 3050 5629 ²⁸⁰
3080 5594 3429 5669 procederet
3471 5596 3605 5656 dele

351 5698 367 5716 .
561 5670 691 5719 vina
718 5657 994 5719 deum.
1026 5658 1048 5693 ²
1122 5658 1364 5719 3mm
1398 5698 1411 5715 .
1468 5656 1513 5695 ⁸³
1541 5657 1791 5719 deiectio
1821 5660 2090 5719 dolonem.

351 5698 367 5716 .
398 5656 467 5695 ⁸⁵³
498 5656 1096 5721 divina'dalmm.“
1122 5656 1411 5733 amisii.
1442 5656 1513 5695 ¹⁶⁸
1541 5656 1791 5732 dejectio
1821 5656 2090 5725 ἀσιθύιγιῖιῖ
