3922 6428
219 400 334 472 166

1484 414 1986 488 CHRONICON.
2021 458 2099 473 --
2127 416 2282 493 LIB.
2329 426 2375 493 Ι.

3510 440 3625 507 166

215 541 350 652 liam
380 545 1080 652 petitzfibboﬁemoru‘m
1112 550 1594 652 archiepiscopus
1628 556 1868 652 deponi-
1895 562 1950 622 A
1980 561 2137 619 Dom.
2174 565 2279 622 842
2313 562 2401 637 ’⁸⁸,
2437 567 2769 642 Normanni,
2803 566 2858 629 id
2891 573 3375 646 estaquilonares
3398 580 3619 652 populi,

208 637 332 704 tur,
360 641 418 692 et
448 636 614 694 multi
660 635 757 694 alii
788 639 971 697 exilio
1004 641 1413 714 dampnantur,
1453 646 1583 716 quia
1624 646 1680 702 in
1713 647 1869 718 deje-

216 724 471 782 ctionem
505 725 877 798 imperatoris
926 731 1426 802 conspiraverant.
1463 735 1744 791 Defuncto
1771 751 1868 793 au-

204 815 323 869 tem
356 815 668 871 Herilando
715 816 1001 887 antistite,
1037 818 1179 875 abiit
1235 836 1371 891 pars
1404 822 1547 878 cleri
1581 827 1641 878 et
1676 823 1865 895 plebis

209 900 543 960 Virdunicaa
574 902 647 959 ad
674 903 1059 962 Hludovicum
1091 907 1506 979 imperatorem
1531 924 1680 967 anno
1703 914 1859 967 Dom.

210 986 322 1044 inc.
358 991 483 1059 827,
517 993 574 1044 et
611 991 911 1061 petierunt
945 992 1055 1050 sibi
1106 993 1231 1049 dari
1262 995 1860 1054 domnum’Hildinum

207 1072 281 1129 de
339 1076 695 1147 Alemannia,
749 1078 937 1135 virum
987 1079 1197 1137 bonum
1248 1086 1307 1136 et
1338 1087 1628 1152 sanctum,
1658 1084 1754 1153 qui
1805 1084 1861 1139 in

206 1162 553 1235 episcopatu
569 1179 674 1221 suo
689 1165 904 1224 multas
916 1168 1216 1225 aecclesias
1231 1172 1584 1241 construxit,
1601 1176 1658 1227 et
1683 1175 1860 1228 multa

207 1249 356 1307 bona
387 1258 665 1323 Operatus
691 1258 779 1310 est
816 1255 1062 1319 (Ultron.
1107 1258 1272 1329 Div.)
1306 1259 1630 1317 Ludovicus
1685 1260 1864 1329 igitur

207 1354 450 1409 regnum
482 1355 651 1399 suum
684 1342 840 1400 inter
888 1344 1037 1402 filios
1087 1360 1225 1403 suos
1256 1347 1540 1417 dividens,
1592 1349 1862 1405 Lothario

206 1428 305 1498 qui
337 1432 462 1484 erat
494 1429 676 1499 major
725 1435 864 1487 natu
894 1433 1142 1489 tradidit
1193 1434 1498 1505 imperium
1535 1440 1591 1491 et
1621 1451 1859 1507 regnum

203 1513 408 1585 Italiae,
435 1521 491 1572 et
516 1522 743 1587 partem
766 1521 1024 1578 Franciaa
1047 1536 1218 1592 quam
1240 1523 1392 1578 Mosa
1418 1528 1477 1577 et
1494 1523 1688 1579 Renus
1711 1524 1862 1579 inter

202 1616 267 1659 se
302 1602 588 1675 dividunt,
641 1610 698 1661 et
735 1611 960 1678 partem
1014 1609 1391 1679 Burgundiaa;
1427 1610 1717 1667 Ludovico
1746 1615 1863 1667 tra-

213 1690 364 1746 didit
396 1694 738 1751 Bawariami
773 1697 1098 1768 Saxoniam,
1134 1702 1190 1753 et
1226 1713 1398 1767 regna
1435 1715 1561 1769 qua)
1616 1699 1861 1756 Karolus

200 1779 559 1851 subegerat;
613 1784 860 1855 Pippino
921 1786 1312 1857 Aqxitaniam,
1375 1788 1737 1845 Wasconiam
1800 1793 1858 1843 et

1978 656 2353 711 vastaverunt
2378 656 2778 729 Rotomagum,
2804 676 2952 719 anno
2976 666 2999 719 1
3026 663 3279 721 Lotharii
3311 674 3371 723 et
3405 670 3619 726 Karoli.

2050 776 2273 841 (Gesta.
2296 794 2353 849 p.
2381 781 2480 846 Β.)
2506 784 2667 838 Anno
2690 787 2794 840 844
2818 793 3048 842 mortuo
3074 789 3356 858 Gregorio
3382 792 3623 862 Sergius

1979 876 2120 934 papa
2155 867 2441 936 succedit,
2474 874 2533 924 et
2565 875 2595 925 3
2624 885 2803 928 annos
2853 873 3259 933 administrato
3293 881 3649 937 sacerdotio-

1974 949 2147 1006 ιθυηὶ
2182 954 2249 1007 IV
2299 955 2632 1027 dereliquit,
2695 964 2750 1014 et
2787 965 2917 1031 post
2973 977 3171 1020 annos.
3201 1007 3213 1020 .
3243 1008 3254 1020 .
3287 1009 3298 1021 .
3334 970 3619 1027 successit

1975 1039 2324 1098 Benedictus
2347 1045 2609 1102 IIIaunis
2641 1052 2693 1117 2,
2728 1049 3082 1107 etNicolaus
3110 1053 3148 1107 I.
3186 1054 3291 1120 Qui
3314 1056 3618 1113 exactisin

1973 1128 2305 1186 sacerdotio
2338 1132 2404 1189 10
2434 1134 2600 1189 annis
2627 1136 2881 1193 Adriano
2906 1139 3243 1196 cathedram
3268 1142 3621 1214 reliquitan-

1974 1230 2045 1270 n0
2077 1217 2149 1271 ab
2181 1218 2293 1275 inc.
2320 1220 2479 1277 Dom.
2505 1225 2627 1279 868.

2044 1341 2287 1406 (C'lmm.
2323 1345 2486 1412 Dic.)
2522 1347 2828 1404 Lotharius
2878 1350 3059 1419 igitur
3090 1354 3273 1422 major
3303 1359 3445 1412 natu
3474 1358 3625 1429 Opti~

1972 1442 2116 1484 nens
2148 1429 2472 1503 imperium,
2501 1435 2822 1491 Contentus
2849 1437 2959 1492 fuit
2981 1453 3047 1494 ea
3074 1446 3240 1510 parte
3265 1443 3424 1513 regni
3451 1459 3620 1514 quam

1971 1530 2143 1588 supra
2180 1518 2447 1591 diximus,
2497 1538 2626 1579 cum
2660 1525 2804 1580 urbe
2853 1526 3032 1582 Roma
3063 1532 3123 1584 et
3154 1529 3338 1586 Italia.
3374 1532 3622 1589 lndictio

1971 1609 2037 1660 15
2070 1606 2176 1661 fuit
2208 1621 2392 1663 annus
2424 1609 2676 1665 Lotharii
2712 1611 3085 1683 imperatoris
3135 1615 3190 1672 in
3244 1618 3409 1673 Italia
3442 1623 3528 1689 33,
3563 1620 3621 1676 in

1972 1693 2210 1749 Francia
2243 1698 2327 1764 13,
2366 1695 2555 1767 [Ano.]
2590 1699 2798 1755 Habuit
2830 1700 3009 1757 filium
3046 1703 3404 1762 Ludovicum
3436 1707 3532 1777 qui
3565 1708 3621 1763 in

1970 1781 2088 1856 vita
2125 1782 2308 1852 patris
2340 1784 2533 1841 Roma
2565 1800 2595 1840 a
2627 1788 2826 1856 Sergio
2880 1803 3023 1860 papa
3081 1797 3399 1849 coronatus
3429 1799 3487 1849 et
3522 1795 3624 1851 im-

202 1872 420 1925 terram
443 1870 549 1927 sibi
575 1871 900 1943 subjectam
933 1888 1122 1945 usque
1140 1874 1196 1930 in
1222 1874 1584 1947 Hispaniam;
1610 1876 1860 1934 Karolus
1889 1921 1940 1949 ο
1973 1875 2211 1940 ρενειιοι·
2229 1873 2561 1943 appellatus
2584 1880 2691 1930 est.
2727 1876 2943 1949 [BERL]
2971 1881 3232 1949 Regebat
3254 1884 3396 1938 tunc
3418 1882 3625 1940 Virdu-

199 1956 469 2015 minimus
502 1964 663 2030 natu,
709 1961 805 2030 qui
858 1960 1070 2019 Calvus
1101 1966 1187 2020 est
1221 1962 1435 2034 dictus,
1488 1963 1738 2036 adeptus
1766 1969 1855 2021 est

199 2045 521 2118 Franciam,
547 2048 959 2121 Burgundiam,
987 2051 1336 2109 Neustriam.
1372 2051 1534 2109 Unde
1574 2052 1856 2124 indignati

197 2138 335 2191 sunt
371 2136 605 2207 fratres,
635 2138 766 2208 quia
802 2139 1079 2196 nolebant
1127 2155 1259 2197 eum
1292 2140 1402 2197 sibi
1460 2141 1702 2212 aquari,
1766 2141 1856 2198 vel

199 2223 338 2293 quio
365 2224 570 2282 melior
596 2240 734 2299 pars
762 2228 927 2298 regni
956 2229 1006 2284 ei
1050 2229 1265 2286 collata
1297 2230 1524 2287 fuisset.
1562 2230 1703 2302 (Fol.
1741 2232 1856 2301 62.)

199 2311 360 2367 Unde
393 2316 527 2384 post
560 2315 746 2386 patris
774 2315 998 2373 obitum
1028 2331 1207 2387 grave
1234 2317 1390 2375 inter
1411 2332 1515 2375 eos
1543 2324 1735 2376 ortum
1761 2323 1852 2375 est

198 2398 436 2470 bellum,
470 2407 528 2457 et
560 2406 756 2459 tamen
803 2409 1026 2462 statuta
1056 2406 1241 2477 patris
1269 2407 1564 2464 immutari
1620 2421 1730 2463 non
1763 2421 1859 2463 va-

196 2487 459 2545 luerunt.
498 2489 583 2546 Ad
615 2495 941 2549 extremum
973 2493 1149 2549 etiam
1208 2494 1577 2565 Aquitaniam
1610 2493 1857 2551 Karolus

196 2575 474 2647 optinuit.
510 2577 756 2649 Pippino
787 2579 939 2636 enim
963 2584 1099 2637 ante
1125 2586 1350 2654 patrem
1375 2583 1673 2653 defuncto,
1700 2582 1856 2639 filius

189 2662 473 2734 Pippinus
502 2666 800 2737 remansit,
835 2667 932 2738 qui
966 2669 1099 2739 quia
1131 2670 1203 2727 ad
1253 2684 1495 2741 regnum
1525 2672 1858 2741 gubernan-

194 2751 333 2807 dum
392 2752 583 2810 minus
641 2754 745 2811 fuit
781 2755 961 2827 utilis,
1024 2757 1097 2814 ad
1127 2757 1403 2815 Karolum
1438 2773 1501 2815 se
1560 2759 1856 2831 principes

189 2840 594 2912 contulerunt,
629 2847 686 2898 et
745 2844 1006 2913 regnavit
1038 2844 1285 2904 Karolus
1317 2845 1527 2906 Calvus
1574 2847 1853 2904 annis.....

193 2929 359 2984 Anno
399 2930 625 2985 Domini
658 2934 762 2988 839
792 2947 1011 3004 corpus
1044 2934 1233 2992 sancti
1261 2935 1655 2992 Bartholomei
1682 2936 1857 2994 Bene-

189 3019 428 3073 ventum
458 3016 717 3074 delatum
749 3024 859 3074 est.
888 3020 1043 3076 Obiit
1072 3023 1427 3093 Apollinaris
1452 3024 1634 3081 abbas
1662 3023 1849 3081 Flavi-

190 3105 482 3164 niacensis
512 3107 699 3180 pridie
749 3109 985 3166 Kalend.
1020 3111 1260 3183 Aprilis,
1314 3112 1664 3171 duodecimo
1696 3128 1847 3170 anno

193 3192 490 3265 Ludovici,
523 3198 580 3252 et
616 3200 743 3268 post
774 3196 921 3256 duos
951 3213 1134 3256 annos
1165 3200 1410 3271 Vigilius
1442 3200 1726 3259 successit
1759 3188 1857 3258 an-

1888 1921 1942 1982 B

1973 1971 2211 2014 nensem
2244 1960 2569 2018 mcclesiam
2597 1968 2883 2034 praefatus
2923 1967 3172 2025 domnus
3205 1968 3474 2028 Hildinus
3504 1972 3624 2042 epi-
3654 2040 3659 2051 θ

1972 2061 2208 2119 scopus,
2246 2049 2333 2104 vir
2366 2065 2469 2121 per
2500 2052 2688 2107 omnia
2716 2052 3049 2112 laudabilis.
3079 2058 3189 2114 Sed
3222 2059 3314 2114 hic
3345 2064 3480 2129 post
3503 2060 3622 2116 bel-

1971 2133 2087 2191 lum
2121 2136 2177 2192 in
2204 2138 2519 2194 Fontanido
2553 2145 2747 2196 actum
2780 2156 2985 2211 magno
3016 2143 3150 2200 odio
3180 2144 3418 2203 habitus
3458 2161 3488 2203 a
3520 2146 3622 2204 Lo-

1969 2225 2160 2280 thario
2191 2225 2567 2298 imperatore,
2598 2244 2748 2285 anno
2775 2231 2846 2285 ab
2897 2230 3007 2287 inc.
3053 2234 3212 2288 Dom.
3248 2239 3344 2291 851
3384 2235 3530 2291 obiit
3562 2236 3620 2292 in

1969 2313 2082 2368 ista
2113 2313 2356 2369 civitate
2388 2330 2518 2371 cum
2560 2331 2765 2385 magno
2794 2317 2998 2375 dolore
3021 2323 3079 2374 et
3112 2320 3356 2377 tristitia
3381 2322 3518 2379 Idus
3533 2324 3624 2380 Ja-

1967 2400 2174 2469 nuarii,
2206 2403 2431 2458 exactis
2472 2402 2528 2458 in
2560 2405 2906 2476 episcopatu
2937 2410 3007 2463 24
3037 2409 3226 2478 annis,
3260 2413 3321 2465 et
3353 2409 3623 2481 sepultus

1965 2487 2023 2543 in
2063 2489 2250 2560 cripta
2282 2491 2471 2546 sancti
2506 2492 2717 2547 Vitoni.
2756 2495 2895 2549 Post
2926 2494 3095 2564 cujus
3126 2511 3435 2554 excessum
3464 2498 3617 2554 ordi-

1966 2580 2137 2632 natus
2155 2581 2242 2632 est
2268 2577 2323 2632 in
2348 2578 2468 2649 ipsa
2493 2580 2757 2636 aacclesia
2781 2580 3011 2639 donnus
3036 2584 3229 2654 Hatto,
3255 2588 3314 2640 et
3338 2599 3444 2657 pro
3470 2600 3618 2658 prae-

1967 2665 2124 2722 dicto
2138 2666 2509 2737 imperatoris
2523 2668 2656 2723 odio
2672 2669 2889 2725 invenit
2909 2672 3164 2728 tunicam
3188 2679 3405 2731 sanctae
3423 2674 3618 2733 Maria

1967 2767 2072 2825 per
2104 2754 2284 2811 multa
2307 2756 2550 2812 scissam
2583 2763 2642 2812 et
2664 2756 3013 2829 disruptam,
3040 2760 3095 2815 id
3121 2765 3208 2816 est
3234 2776 3331 2817 res
3360 2764 3618 2834 praefata

1966 2842 2248 2899 zecclesite
2280 2844 2516 2900 nimium
2550 2847 2884 2901 subtractas
2911 2851 2968 2902 et
3003 2847 3305 2906 alienatas.
3333 2852 3447 2907 Pro
3481 2865 3621 2923 qua-

1968 2944 2093 2987 rum
2112 2930 2464 2987 alienatione
2480 2937 2536 2987 et
2555 2946 2792 2989 suorum
2808 2933 3119 2991 afflictione
3134 2940 3260 2992 toto
3279 2938 3411 2995 nisu
3428 2939 3618 2995 erexit

1966 3033 2026 3074 se
2056 3023 2259 3075 contra
2296 3020 2563 3077 inimicos
2595 3021 2897 3093 :ecclesiae,
2932 3024 3118 3080 donec
3150 3026 3467 3082 miserante
3498 3027 3615 3085 Deo

1966 3107 2037 3164 ad
2070 3108 2381 3179 pristinum
2412 3113 2629 3166 statum
2690 3110 2879 3166 omnia
2932 3111 3241 3169 reduceret
3270 3118 3327 3169 et
3367 3114 3619 3171 redinte-

1964 3201 2184 3266 graret.
2217 3199 2460 3268 Insuper
2489 3198 2663 3253 etiam
2694 3198 2944 3269 optinuit
2979 3200 3133 3271 apud
3157 3202 3491 3258 Lotharium
3526 3202 3618 3273 ju-

192 3281 287 3337 nis
320 3285 403 3353 14,
436 3286 495 3338 et
528 3288 660 3356 post
689 3300 821 3341 eum
872 3286 1215 3346 Arewaldus
1264 3289 1617 3362 subrogatus
1643 3293 1732 3347 est
1766 3304 1857 3345 an-
1886 3274 1934 3337 C
1965 3286 2186 3341 niorem
2221 3300 2415 3354 regem
2449 3286 2620 3342 villas
2679 3291 2738 3343 et
2771 3287 2988 3357 praedia
3048 3288 3493 3361 quamplurima,
3552 3297 3618 3349 ut

193 3385 270 3426 no
300 3374 368 3427 25
400 3370 582 3443 ipsius
613 3372 906 3431 Ludovici.

269 3459 427 3517 Obiit
458 3466 650 3519 autem
680 3462 1008 3522 Ludovicus
1041 3468 1108 3522 12
1139 3464 1377 3524 Kalend.
1424 3465 1565 3524 Julii
1601 3481 1749 3524 anno
1786 3466 1857 3524 ab

191 3550 307 3606 inc.
342 3551 499 3607 Dom.
533 3552 659 3620 840,
692 3550 882 3625 [Aoo.]
917 3552 1142 3625 imperii
1191 3554 1281 3611 sui
1328 3570 1478 3629 anno
1510 3559 1598 3613 25.
1634 3557 1858 3628 Corpus

191 3638 325 3708 ejus
363 3652 393 3694 a
418 3639 682 3710 Drogone
707 3640 888 3698 fratre
910 3641 1129 3698 Mettim
1151 3642 1404 3700 delatum
1430 3648 1487 3699 et
1511 3643 1566 3700 in
1605 3643 1856 3701 ecclesia

194 3726 387 3784 sancti
420 3725 641 3784 Arnulfi
675 3728 932 3798 positum
984 3735 1094 3788 est.
1136 3731 1430 3790 Successit
1458 3732 1767 3789 Lotharius
1799 3732 1855 3788 in

197 3828 398 3886 regno.

275 3902 562 3977 [alterum]
596 3905 761 3962 Anno
795 3905 867 3962 ab
900 3905 1012 3963 inc.
1061 3907 1222 3963 Dom.
1258 3910 1356 3963 841
1394 3908 1501 3965 fuit
1533 3910 1686 3980 apud
1716 3910 1859 3966 Fon-

199 3991 466 4050 tanidum
500 3991 719 4051 bellum
748 3993 1156 4063 gravissimum
1188 3995 1342 4051 inter
1362 3989 1575 4053 fratres
1589 3997 1740 4055 filios
1756 3999 1861 4055 Lu-

201 4080 419 4151 dovici,
434 4084 625 4139 etnon
650 4080 775 4138 sine
800 4095 1006 4152 magno
1022 4097 1261 4140 suorum
1281 4084 1588 4154 dispendio
1612 4085 1858 4142 Karolus

200 4173 259 4225 ct
293 4168 623 4226 Ludovicus
660 4168 945 4227 vicerunt.
984 4173 1160 4237 (Ann.
1215 4172 1432 4243 Lugd.)
1465 4171 1678 4229 Eodem
1708 4180 1858 4230 anno

203 4256 551 4328 Agobardus
596 4256 1004 4328 Lugdunensns
1059 4258 1377 4331 episcopus
1410 4259 1588 4327 obiit;
1620 4264 1679 4318 et
1713 4260 1857 4317 illud

199 4344 573 4402 memorabile
631 4358 798 4417 opus,
832 4346 985 4417 quod
1034 4346 1200 4402 stetit
1240 4361 1270 4402 a
1317 4352 1578 4419 tempore
1630 4349 1857 4419 Trajani

202 4432 577 4505 imperatoris
607 4438 665 4489 et
697 4434 905 4491 Forum
928 4440 1100 4491 vetus
1120 4433 1549 4506 appellabatur,
1593 4436 1854 4507 Lugduni

200 4522 445 4579 corruit.
480 4521 725 4589 (Clu-ou.
759 4523 925 4590 Dio.)
959 4524 1101 4579 Dum
1124 4536 1265 4594 ergo
1290 4523 1538 4596 quisque
1571 4525 1682 4581 sibi
1722 4539 1859 4582 con-

1966 3374 2326 3430 demonstrat
2358 3378 2653 3430 cartarum
2713 3375 2941 3431 notitia.
2997 3377 3129 3432 Erat
3187 3377 3337 3433 enim
3368 3378 3616 3436 intentio

1966 3460 2095 3531 ejus
2126 3466 2181 3517 et
2218 3461 2384 3517 labor
2426 3461 2657 3531 nimius,
2719 3467 2779 3518 ut
2814 3463 3083 3520 aecclesia
3134 3464 3245 3520 sibi
3301 3466 3615 3524 commissa

1966 3549 2333 3607 exaltaretur
2360 3554 2418 3606 et
2453 3565 2594 3621 pace
2629 3552 2941 3608 frueretur.
2970 3550 3130 3618 Quod
3156 3556 3213 3608 et
3249 3553 3382 3609 fecit
3409 3552 3615 3612 diebus

1965 3637 2103 3694 vita;
2136 3638 2392 3694 Lotharii
2419 3638 2687 3709 junioris.
2711 3639 2814 3696 Hic
2843 3639 3069 3711 accepit
3092 3643 3317 3711 partem
3337 3639 3609 3713 reliquia-

1968 3741 2095 3783 rum
2119 3731 2455 3783 sanctorum
2474 3729 2872 3784 confessorum
2910 3728 3247 3800 pariterque
3270 3729 3612 3801 pontificum

1967 3816 2171 3886 Mauri,
2207 3816 2441 3887 Salvini,
2506 3816 2787 3887 Aratoris,
2825 3831 3071 3888 quorum
3129 3831 3379 3889 corpora
3410 3823 3614 3876 sancto

1969 3905 2215 3974 Agerico
2239 3904 2518 3975 revelata,
2544 3909 2603 3960 et
2626 3906 2698 3960 ab
2721 3906 3169 3962 eodemfuerant
3190 3905 3615 3964 honorabiliter

1968 3997 2025 4050 et
2045 3994 2417 4049 sanctissime
2433 3994 2699 4050 ordinata
2725 3995 2780 4049 in
2801 3994 3003 4051 eadem
3018 3994 3281 4051 mcclesia
3305 3994 3402 4052 ubi
3428 3996 3616 4067 primo

1970 4081 2201 4139 fuerant
2220 4081 2529 4152 tumulata,
2554 4082 2743 4138 sancti
2766 4083 2925 4138 Petri
2949 4082 3203 4154 apostoli
3228 4084 3459 4140 nomine
3479 4098 3617 4141 con-

1971 4173 2221 4238 secrata,
2248 4170 2349 4225 sed
2378 4169 2632 4225 adomno
2655 4169 2886 4225 Ilildino
2910 4169 2964 4224 iu
2981 4185 3127 4226 nova
3149 4171 3335 4228 sancti
3354 4171 3612 4229 Medardi

1969 4256 2233 4313 aacclesia
2264 4260 2430 4312 erant
2455 4255 2761 4326 translata,
2785 4262 2847 4313 et
2880 4257 3147 4328 reposuit
3178 4258 3236 4314 in
3256 4259 3615 4318 monasterio

1969 4343 2123 4416 quod
2150 4342 2523 4412 Theolegium
2553 4343 2786 4413 dicitur,
2814 4344 3096 4402 aecclesiae
3115 4360 3237 4402 sum
3259 4347 3610 4418 subjectum.

1967 4432 2274 4490 Brachium
2306 4446 2445 4489 vero
2477 4431 2665 4487 sancti
2697 4432 2877 4488 Mauri
2911 4432 2966 4487 in
2997 4431 3262 4490 zecclesia
3295 4448 3466 4505 quam
3488 4435 3612 4508 ipse

1968 4522 2024 4578 in
2056 4520 2302 4579 castello
2333 4535 2501 4590 novo,
2535 4519 2688 4591 quod
2738 4535 2888 4577 nunc
2920 4521 3191 4577 Hattonis
3247 4526 3507 4580 castrum
3540 4524 3614 4582 ab

199 4610 362 4681 sulit,
387 4616 534 4667 etne
551 4610 703 4668 alter
720 4610 833 4669 sibi
853 4611 1201 4683 praferatur
1221 4617 1408 4684 cavet,
1435 4613 1661 4672 unitum
1684 4615 1858 4670 Fran-
1885 4623 1939 4684 ι]
1968 4610 2228 4667 auctoris
2261 4608 2488 4665 nomine
2520 4611 2766 4665 vocatur
2789 4607 2922 4680 (64),
2941 4613 3373 4681 construxerat,
3400 4611 3511 4667 sub
3533 4610 3614 4667 al-

202 4712 405 4756 corum
437 4713 680 4771 regnum
713 4700 863 4757 foeda
893 4700 1151 4757 sectione
1180 4699 1503 4773 sciderunt,
1544 4704 1601 4759 et
1632 4702 1856 4759 exteris

204 4786 541 4845 nationibus
570 4788 938 4845 occasionem
986 4788 1311 4845 rebellandi
1346 4790 1741 4847 contulerunt.
1771 4791 1859 4846 In-

195 4875 549 4947 gruentibus
576 4876 729 4934 enim
772 4877 1138 4949 Normannis,
1192 4878 1367 4935 Danis
1396 4884 1453 4935 et
1500 4878 1854 4949 Britonibus,

198 4964 345 5021 fiunt
373 4963 826 5022 Christianorum
859 4969 1108 5036 strages,
1145 4965 1633 5038 deprzedationes,
1672 4971 1861 5025 vasta-

198 5052 416 5123 tiones,
444 5052 833 5111 incensiones.
860 5055 978 5111 Hac
1000 5053 1071 5110 de
1090 5069 1266 5112 causa
1289 5054 1674 5127 pacificantur
1707 5056 1859 5115 inter

199 5155 265 5199 se
298 5155 484 5213 reges,
519 5145 576 5197 et
610 5142 746 5213 quia
769 5143 945 5199 armis
986 5158 1096 5200 non
1116 5151 1379 5215 possunt,
1399 5145 1664 5216 pecuniis
1688 5160 1749 5202 se
1775 5161 1863 5209 re.

199 5230 429 5288 dimunt
461 5232 636 5298 (Ann.
670 5230 887 5298 Prud.)
920 5231 1134 5289 Eodem
1157 5246 1327 5304 anno,
1363 5232 1460 5304 qui
1488 5238 1615 5291 erat
1642 5233 1713 5291 ab
1746 5234 1858 5292 inc.

1969 4701 2079 4755 tari
2096 4696 2425 4755 recondidit
2440 4697 2509 4754 ad
2526 4696 2774 4753 salutem
2792 4700 2848 4753 et
2867 4696 3201 4768 praesidium
3217 4704 3608 4769 posterorum.

1969 4787 2110 4860 (F01.
2144 4786 2276 4857 62’.)
2310 4785 2582 4841 Lothario
2612 4783 3002 4855 crgojuniore
3026 4799 3161 4854 rege
3212 4786 3330 4861 tilio
3358 4786 3613 4845 Lotharii

1970 4877 2121 4932 diem
2152 4875 2403 4931 obeunte
2436 4888 2584 4929 anno
2609 4874 2680 4929 ab
2703 4873 2815 4929 inc.
2852 4875 3013 4929 Dom.
3046 4876 3152 4930 874
3200 4874 3256 4929 in
3277 4888 3474 4932 mense
3503 4877 3615 4932 Au-

1969 4969 2165 5035 gusto,
2190 4962 2365 5018 etiam
2398 4961 2512 5017 iste
2544 4961 2691 5016 obiit
2740 4960 2977 5016 Kalend.
3010 4961 3287 5033 Januarii,
3320 4967 3379 5019 et
3407 4966 3497 5018 est
3527 4976 3615 5020 se-

1973 5051 2171 5126 pultus
2200 5051 2257 5106 in
2290 5048 2530 5107 basilica
2555 5048 2744 5106 sancti
2764 5048 2979 5121 Vitoni,
3003 5049 3060 5106 in
3084 5050 3271 5123 cripta
3300 5049 3464 5120 juxta
3488 5065 3617 5108 eor-

1976 5158 2082 5216 pus
2115 5140 2310 5197 domni
2342 5139 2555 5196 Ilildini
2596 5138 2880 5211 episcopi,
2930 5139 3155 5198 exactis
3181 5139 3238 5196 in
3269 5139 3614 5213 episcopatu

1975 5236 2044 5292 23
2077 5230 2259 5287 annis.
2323 5228 2511 5301 [8mm
2547 5228 2658 5300 18.]
2690 5228 2819 5300 Ipse
2851 5227 3027 5285 etiam
3082 5227 3378 5286 inchoavit
3408 5242 3615 5287 novam

1564 5392 1800 5449 VARIAS
1838 5391 2133 5451 LECTION
2140 5390 2238 5447 ES.

268 5503 339 5540 ³⁸⁸
369 5504 601 5578 corrigo
620 5504 937 5563 DCCCXLI.

1793 5593 2022 5653 ΝΟΤΔΕ.

275 5708 395 5779 (64)
424 5707 831 5769 Hattonchatel
862 5722 893 5768 a
927 5707 1141 5767 dextra
1169 5708 1340 5769 Mosa
1371 5707 1526 5770 haud
1559 5708 1733 5783 proul
1762 5711 1836 5770 ab
1865 5710 2079 5785 oppido
2109 5708 2163 5767 S.
2199 5707 2388 5767 Mihel.
