3922 6460
280 398 391 465 16Ἲ

1232 392 1601 459 HUGONIS
1645 396 1995 462 ABB.\TIS
2036 394 2739 460 FLAVINIACENSIS’

3562 397 3707 460 168

279 538 587 597 ecclesiam
619 542 834 598 sanctae
891 533 1100 610 Marias,
1134 543 1194 594 et
1225 551 1427 607 magna
1457 549 1532 595 ex
1576 539 1755 617 parte
1783 552 1903 595 con
1948 537 2003 597 A
2030 531 2673 607 nerimusunanimiter
2692 528 3357 603 inidipsmnpportebit
3375 530 3707 588 decentius

282 628 517 687 struxit.

352 719 430 774 Eo
480 722 742 788 tempore
766 717 1121 788 praesidebat
1146 717 1381 773 Metensi
1403 716 1690 773 accclesiae
1707 716 1925 772 Adven-

286 808 400 863 tius
431 805 709 877 pontifex.
766 805 1117 881 Yirdunensi
1170 807 1363 875 Hatto,
1419 804 1783 874 Lugilunensi
1818 805 1924 859 Re-

286 895 508 963 migius.
557 894 659 948 Hic
719 893 900 949 Adoni
956 892 1265 948 Viennensi
1311 893 1609 964 episcopo,
1653 894 1924 947 Romana:

283 981 552 1039 ecclesiae
582 981 817 1051 vicario,
852 986 911 1036 et
937 980 1209 1036 Nicholao
1235 995 1395 1051 papm
1423 995 1524 1051 pro
1556 981 1774 1035 eisdem
1808 979 1927 1049 epi—

285 1070 482 1141 scopis
502 1069 840 1125 Treverensi
889 1075 949 1124 ct
995 1070 1323 1124 Coloniensi
1359 1072 1470 1141 (65)
1521 1068 1807 1139 depositis
1836 1067 1928 1120 lit-

283 1164 445 1214 teras
462 1158 634 1213 misit.
662 1156 866 1213 Clerus
891 1172 1121 1227 quoque
1140 1157 1503 1213 Coloniensis
1520 1156 1704 1212 eidem
1727 1155 1928 1210 itidem

288 1247 447 1303 misit
473 1246 741 1310 litteras;
763 1261 889 1316 quae
926 1247 1213 1300 habentur
1245 1245 1300 1299 in
1331 1244 1617 1314 catalogo.
1657 1243 1764 1299 Sed
1797 1258 1928 1299 cum

288 1352 315 1393 a
341 1333 541 1392 multis
579 1334 1059 1404 perlaboraretur
1094 1334 1323 1390 diverso
1360 1335 1530 1389 modo
1564 1339 1684 1389 tum
1720 1333 1929 1387 timore

288 1425 444 1494 regis
496 1427 614 1479 tum
657 1437 851 1478 amore
900 1422 1153 1491 illorum,
1205 1421 1540 1478 nullatenus
1584 1420 1929 1492 persuaderi

288 1524 432 1582 papa
450 1511 659 1582 potuit,
686 1516 745 1565 ut
764 1514 1259 1566 restaurarentur.
1292 1510 1575 1565 Defuncto
1591 1514 1783 1564 autem
1802 1510 1932 1563 bea-

291 1604 350 1655 to
383 1598 659 1655 Nichoalo
693 1613 823 1654 cum
871 1599 1191 1669 imperante
1223 1599 1515 1654 Ludovico
1548 1598 1929 1653 successisset

292 1688 601 1752 Adrianus,
639 1691 698 1742 et
731 1687 960 1743 litteras
992 1687 1243 1744 misisset
1279 1687 1589 1742 Galliarum
1614 1686 1928 1757 episcopis,-

292 1780 491 1832 utnon
539 1775 687 1831 alios
711 1776 1048 1831 ordinarent
1079 1777 1383 1846 epiSCOpos
1411 1775 1518 1830 nisi
1545 1776 1757 1845 quibus
1791 1788 1921 1845 prta

2030 622 2332 680 emendari
2354 623 2411 679 et
2449 623 2753 693 tamquam
2773 621 3123 678 venenatum
3145 620 3464 677 elleborum
3483 634 3706 692 ampu-

2033 713 2175 776 tari,
2202 713 2270 766 Et
2296 715 2427 782 post
2453 726 2633 782 pauca
2662 712 2767 766 hoc
2789 710 3170 765 addiderunt:
3203 709 3699 781 Quidputamus,

2029 802 2085 857 si
2104 799 2482 856 beatissimus
2513 812 2679 869 papa
2704 799 2989 856 Nicotaus
3009 799 3075 854 in
3098 797 3303 855 diebus
3323 799 3453 855 suis
3475 796 3707 854 audis—

2029 888 2135 956 set,
2154 887 2287 943 etin
2318 888 2540 944 litteris
2553 889 2733 957 qua-‘1;
2763 887 2837 943 ab
2871 887 3197 958 apostolica
3224 886 3360 943 sede
3390 887 3697 957 conﬁctis,

2033 975 2192 1047 quod
2207 975 2368 1046 tayci
2399 976 2637 1037 comites
2668 990 2782 1031 non
2806 975 3221 1047 permitterent
3237 975 3303 1030 in
3332 973 3702 1031 civitatibus

2032 1064 2325 1135 episcopos
2352 1065 2646 1134 ordinari,
2664 1067 2943 1137 nisiguos
2954 1064 3247 1121 secuturis
3270 1063 3530 1135 potestas
3557 1077 3587 1120 e
3604 1064 3704 1119 ta-

2037 1155 2268 1210 teresuo
2280 1153 2561 1210 misisset.
2575 1153 2733 1218 Quid
2744 1155 2806 1209 in
2816 1154 2881 1208 de
2895 1153 3207 1210 scriberet?
3225 1152 3346 1218 Quo
3359 1154 3558 1208 dolore
3570 1167 3703 1208 mo-

2033 1244 2305 1298 veretur?
2322 1243 2545 1307 Quosve
2560 1243 2820 1312 gemitus
2843 1242 3031 1309 daret,
3057 1255 3188 1299 cum
3202 1241 3575 1313 perspiceret
3589 1253 3704 1297 sa—

2036 1331 2444 1388 cratissimum
2456 1333 2719 1387 ordinem
2735 1332 2856 1387 tam
2876 1331 3095 1388 illicite
3117 1331 3375 1387 tractari
3395 1329 3544 1387 etad
3557 1330 3703 1386 tan-

2040 1420 2162 1475 tum
2184 1420 2359 1492 nefas
2388 1420 2677 1490 prosilire
2707 1434 3065 1491 quemquam
3089 1434 3321 1491 ausum,
3354 1421 3426 1477 ut
3453 1420 3522 1476 de
3551 1420 3705 1477 sede

2039 1509 2366 1579 apostolica
2390 1510 2509 1564 tam
2541 1510 3015 1565 inconvenientia
3042 1511 3103 1566 et
3118 1503 3292 1566 extra
3311 1523 3485 1566 usum
3514 1508 3705 1565 eccle-

2038 1597 2355 1653 siasticum
2367 1599 2599 1654 omnino
2610 1597 2909 1655 scriberet.
2920 1598 3084 1654 Tales
3098 1602 3239 1654 tunc
3253 1598 3309 1653 in
3325 1596 3504 1653 Gallia
3518 1601 3705 1654 erant

2040 1685 2319 1756 episcopi.

2117 1773 2402 1846 [Renum]
2451 1776 2614 1831 Anno
2644 1775 2716 1830 ab
2746 1775 2838 1833 inc
2884 1777 3042 1830 Dom.
3075 1778 3178 1832 855
3211 1775 3515 1832 Lotharius
3546 1774 3703 1831 divi-

293 1863 779 1934 fatusimperator
797 1864 1193 1935 episcopatum
1216 1864 1928 1933 eoneederet,etordinari
1965 1887 2015 1945 Β
2047 1861 2124 1917 sit
2155 1861 2457 1932 imperium
2494 1862 2628 1920 ﬁliis
2656 1863 2794 1933 suis,
2831 1864 3118 1920 Ludovico
3151 1865 3393 1934 italiam,
3431 1878 3602 1935 quem
3635 1868 3703 1918 et

291 1953 610 2022 mandaret,
636 1968 748 2009 non
792 1958 1213 2009 consenserunt
1251 1952 1618 2008 venerabiles
1650 1951 1929 2023 episcopi,

291 2042 393 2097 sed
430 2041 649 2111 pariter
697 2041 1035 2111 congregati
1082 2040 1299 2097 litteris
1333 2041 1503 2096 factis
1546 2039 1933 2095 communiter

292 2130 716 2199 suggesserunt
748 2143 929 2200 papae,
965 2144 1023 2184 se
1056 2129 1289 2184 decreta
1324 2131 1659 2184 sanctorum
1702 2132 1931 2198 patrum

294 2218 547 2274 fideliter
570 2218 885 2274 observare
904 2217 1053 2272 velle
1077 2224 1136 2273 et
1150 2220 1468 2274 secundum
1490 2218 1634 2273 scita
1651 2230 1932 2273 canonum

293 2308 601 2379 episcopos
642 2312 1389 2377 consecraturos;quarum
1433 2312 1633 2363 textus
1664 2308 1717 2363 in
1742 2308 1938 2363 catha-

296 2394 427 2465 logo
469 2409 766 2451 sacrarum
818 2395 1246 2465 scripturarum
1299 2397 1564 2451 habetur.
1622 2395 1758 2468 (Fol.
1794 2396 1935 2466 62b.)

295 2483 539 2554 Scripsit
570 2488 629 2538 et
653 2482 821 2538 aliam
845 2482 1151 2553 epistolam
1176 2484 1432 2539 Gerardo
1458 2484 1590 2540 duci
1620 2491 1679 2539 et
1702 2483 1939 2539 Bofrido

294 2572 492 2628 comiti
523 2576 581 2627 et
611 2572 877 2627 omnibus
909 2570 1218 2628 Galliarum
1248 2574 1581 2643 comitibus,
1616 2577 1674 2628 ut
1721 2572 1938 2628 nullius

293 2659 543 2717 hominis
585 2662 781 2715 favore
819 2660 904 2715 vel
941 2661 1133 2729 gratia
1174 2662 1582 2731 permitterent
1610 2661 1754 2717 alios
1780 2661 1939 2717 viros

295 2747 683 2805 ecclesiastici
730 2748 951 2803 ordinis
982 2749 1036 2803 in
1076 2748 1388 2819 episcopiis
1438 2751 1620 2805 totius
1654 2748 1849 2805 Gallia;
1879 2755 1940 2805 et

297 2836 643 2906 Burgundize
671 2837 1366 2907 consecrarcepiscopos,
1396 2838 1506 2893 nisi
1526 2853 1671 2908 quos
1696 2839 1941 2895 Ludovi-

296 2940 401 2982 cus
417 2925 632 2995 impera
645 2925 1097 2994 torjuberet,eui
1114 2926 1258 2980 satis
1279 2924 1679 2982 lueulcnteret
1695 2929 1940 2984 honeste

297 3013 681 3069 obviaverunt
698 3012 921 3083 praefati
937 3013 1299 3068 venerabiles
1321 3014 1632 3070 Galliarum
1653 3016 1936 3087 epiSCOpi,

297 3098 529 3172 litteras
550 3098 682 3154 illas
702 3114 805 3170 per
826 3101 999 3155 verba
1027 3100 1250 3169 singula
1272 3100 1682 3171 discutientes,
1705 3110 1763 3158 et
1787 3104 1938 3173 quod

299 3194 631 3244 sanctorum
667 3193 895 3258 patrum
929 3188 1186 3244 decretis
1212 3204 1460 3249 consona
1489 3205 1596 3246 non
1619 3198 1819 3247 essent
1840 3193 1944 3248 hu-

297 3276 514 3332 militer
562 3282 963 3347 suggerentes,
1000 3278 1172 3347 inque
1203 3278 1372 3347 hujus
1413 3281 1815 3350 responsionis
1847 3296 1942 3337 ex-

293 3362 593 3422 tremitate
634 3365 943 3437 epistolam
981 3382 1140 3438 papae
1190 3367 1451 3422 Nicholai
1486 3370 1941 3439 prmdecessoris

295 3454 383 3510 sui
410 3454 850 3510 interserentes.
880 3455 1786 3527 quamadquendamepiscopum
1818 3456 1943 3513 Gal-

297 3541 390 3598 liti)
424 3543 599 3611 misit,
619 3544 770 3597 inter
792 3547 1007 3597 caetera
1042 3548 1111 3597 de
1129 3543 1433 3598 ordinibus
1456 3545 1642 3599 sacris
1669 3546 1757 3614 pie
1780 3549 1837 3599 ct
1863 3544 1942 3600 lu-

294 3630 590 3686 cidissime
626 3631 961 3700 exprimens
994 3630 1047 3684 in
1092 3632 1214 3685 hinc
1264 3632 1440 3685 verba
1476 3651 1488 3685 :
1522 3632 1693 3687 Illud
1722 3634 1938 3701 autem,

278 3717 492 3790 frater
505 3718 844 3785 karissime,
868 3718 1100 3773 ridicul
1114 3732 1261 3774 1.9me
1282 3719 1500 3787 sonuit,
1527 3720 1686 3789 quod
1704 3722 1943 3790 apicum

299 3805 533 3862 tuorum
558 3805 843 3875 gerulum
876 3804 1044 3860 nobis
1067 3804 1499 3873 commendans,
1539 3806 1696 3862 hunc
1713 3807 1944 3878 presbg/

298 3893 488 3948 terum
500 3906 622 3948 esse
646 3892 899 3947 Cerardi
922 3892 1186 3947 illustris
1207 3893 1826 3962 comitisperhibuisti.
1855 3896 1943 3950 Ve-

293 3995 431 4038 rum
448 3982 553 4052 qui
560 3979 599 4035 d
608 3980 715 4035 hoc
724 3981 846 4036 scri
853 3978 992 4035 bens
992 3980 1323 4049 prudentia
1338 3982 1441 4036 tua
1454 3982 1648 4037 dicere
1665 3984 1940 4049 voluerit,

294 4069 393 4125 vel
409 4067 562 4138 quid
577 4081 755 4138 super
780 4066 1187 4137 hujuscemodi
1219 4066 1391 4122 verbo
1430 4069 1822 4139 intellexeris,
1833 4071 1943 4141 fa-

297 4156 549 4223 teor,nos
559 4156 921 4226 ignoramus.
934 4156 1244 4225 Numquid
1256 4154 1558 4213 Gerardus
1571 4172 1756 4214 comes
1768 4159 1943 4215 illum

292 4243 681 4316 presbiterum
696 4245 1063 4300 consecravit
1076 4251 1102 4300 ?
1113 4245 1266 4301 Num
1274 4246 1424 4315 quid
1436 4246 1504 4301 de
1516 4246 1709 4316 ipsius
1723 4247 1943 4303 estdic-

295 4335 451 4392 cesi?
485 4332 594 4389 Ubi
606 4331 713 4389 Itoc
741 4332 982 4402 legisti?
1012 4331 1120 4388 Ubi
1152 4332 1257 4389 lioc
1286 4333 1593 4391 didicisti?
1613 4335 1754 4392 Nisi
1793 4337 1943 4406 quia

290 4419 610 4494 presbiteri
622 4435 735 4477 non
745 4420 1087 4492 specialiter
1100 4422 1357 4478 ecclesiae
1368 4423 1639 4479 civitatis
1652 4423 1762 4479 aut
1775 4424 1944 4480 eccle-

294 4511 402 4569 sia
408 4510 825 4583 possessionis,
849 4510 1718 4568 autmartiriiautmonasterii
1742 4526 1946 4569 secun‘

2046 1950 2457 2021 imperatorem
2528 1951 2879 2022 appellavit;
2930 1953 3200 2009 Lothario
3251 1968 3487 2022 regnum
3537 1950 3698 2023 quod

2046 2053 2153 2095 suo
2178 2038 2406 2094 nomine
2430 2042 2766 2110 vocabatur,
2791 2044 2848 2096 et
2874 2040 3078 2096 Carolo
3103 2056 3339 2112 regnum
3370 2040 3701 2097 Provinciae

2046 2133 2221 2197 atque
2254 2127 2563 2197 diSpositis
2589 2129 2745 2197 regni
2780 2130 3049 2199 negotiis,
3076 2130 3132 2184 in
3165 2129 3514 2187 monasterio
3534 2129 3698 2199 quod

2047 2216 2275 2271 Prumia
2310 2215 2525 2271 dicitur
2547 2216 2864 2273 monachus
2899 2218 3103 2288 factus,
3139 2217 3289 2274 diem
3311 2216 3526 2274 clausit
3558 2216 3703 2273 ulti-

2048 2319 2199 2359 mum
2233 2304 2360 2375 ipso
2395 2318 2541 2360 anno
2575 2311 2605 2358 3
2638 2304 2759 2359 Kal.
2798 2305 3092 2361 Octobris.

2121 2394 2284 2448 Anno
2316 2396 2418 2447 856
2467 2392 2667 2449 indiet.
2705 2395 2738 2448 4
2766 2393 3074 2451 Lotharius
3111 2396 3491 2465 Teutbergam
3526 2395 3697 2451 duxit

2050 2495 2308 2537 uxorem.

2123 2571 2284 2624 Anno
2315 2572 2418 2624 8:58
2459 2569 2703 2627 Karolus
2730 2586 2831 2626 rex
2880 2571 3206 2628 Provincim
3235 2573 3500 2642 moritur,
3533 2576 3591 2628 et
3626 2572 3702 2628 de

2052 2670 2226 2725 regno
2266 2659 2393 2727 ejus
2428 2660 2581 2714 inter
2610 2660 2942 2716 Lotharium
2976 2666 3033 2715 et
3068 2664 3337 2732 patruum
3363 2661 3491 2717 elus
3520 2662 3703 2718 Karo-

2051 2743 2166 2800 lum
2201 2744 2375 2801 ﬁlium
2413 2747 2685 2803 Ludovici
2734 2750 2882 2804 facta
2914 2754 3004 2804 est
3049 2750 3371 2819 contentio,
3405 2753 3464 2806 et
3492 2749 3701 2806 Lotha-

2053 2834 2172 2889 rius
2204 2836 2498 2890 Ilucberto
2526 2835 2801 2892 ducatum
2842 2837 3000 2892 dedit
3036 2837 3189 2893 inter
3215 2838 3415 2893 Jurum
3445 2842 3504 2893 et
3542 2851 3703 2893 mon-

2050 2926 2166 2977 tem
2198 2924 2376 2987 Jovis,
2411 2924 2543 2994 quia
2577 2939 2836 2980 sororem
2861 2924 2989 2994 ejus
3023 2925 3290 2982 habebat.

2124 3010 2267 3079 (Fol.
2300 3014 2414 3083 62.)
2450 3016 2610 3068 Anno
2638 3014 2710 3068 ab
2742 3014 2851 3069 ine.
2901 3015 3059 3069 Dom.
3096 3017 3200 3070 860
3234 3015 3496 3072 Britones
3526 3016 3700 3070 Fran-

2051 3098 2197 3154 ciam
2234 3100 2530 3167 invadunt,
2581 3107 2784 3157 contra
2832 3117 2978 3172 quos
3028 3101 3268 3159 Carolus
3303 3104 3600 3174 pugnavit,
3635 3107 3695 3158 et

2054 3186 2433 3244 Brittanniam
2468 3188 2713 3257 intrans,
2748 3190 3002 3260 turpiter
3033 3192 3224 3247 victus
3255 3191 3499 3262 aufugit.

2126 3279 2287 3330 Anno
2306 3277 2377 3331 ab
2396 3277 2508 3331 inc.
2525 3278 2682 3333 Dom.
2701 3278 2805 3333 862
2830 3293 2930 3333 rex
2944 3278 3270 3333 Brittonum
3287 3284 3430 3334 nutu
3456 3278 3552 3334 Dei
3569 3292 3699 3349 per-

2051 3378 2260 3419 cussus
2284 3370 2394 3433 est,
2427 3370 2482 3420 et
2503 3381 2650 3421 anno
2667 3366 2936 3436 sequenti
2956 3366 3248 3421 Brittones
3264 3367 3314 3421 ei
3341 3366 3691 3424 subduntur.

2125 3455 2289 3509 Anno
2321 3455 2393 3509 ab
2427 3454 2537 3509 inc.
2572 3456 2728 3509 Dom.
2763 3457 2867 3509 866
2892 3452 3056 3508 Rollo
3082 3454 3486 3510 Normanniam
3522 3456 3698 3510 intra-

2054 3542 2157 3609 vit,
2191 3548 2242 3595 et
2285 3543 2645 3612 postmodim
2706 3542 3040 3612 baptizatus
3085 3542 3379 3598 Bobertus
3423 3543 3478 3598 in
3512 3543 3696 3615 bapti-

2054 3635 2238 3684 smate
2263 3630 2459 3685 dictus
2480 3634 2587 3684 est.

2126 3716 2246 3783 (Fol
2275 3716 2406 3788 62‘.)
2444 3719 2605 3772 Anno
2635 3719 2756 3785 868,
2798 3716 2913 3771 ind.
2951 3724 3001 3786 1,
3038 3716 3291 3773 Lotharii
3348 3718 3505 3787 regis
3556 3723 3693 3774 tem-

2054 3819 2195 3875 pore
2229 3806 2378 3860 facta
2411 3805 2576 3859 estin
2605 3808 2759 3859 terra
2788 3806 3134 3862 Francorum
3168 3812 3224 3861 et
3251 3805 3449 3863 Galliae
3470 3810 3529 3862 et
3557 3807 3693 3863 Bur-

2051 3894 2283 3962 gundize
2317 3894 2494 3949 fames
2545 3892 2755 3959 valida,
2806 3899 2865 3949 et
2916 3894 3243 3951 mortalitas
3290 3895 3601 3967 hominum,
3631 3900 3687 3951 et

2054 3983 2243 4054 pestis
2292 3980 2623 4036 animalium
2671 3982 2753 4051 (cf
2776 3983 2883 4039 An.
2915 3984 2983 4040 S.
3037 3983 3373 4052 Columba).
3427 3983 3561 4049 Qua)
3608 3982 3690 4040 sic

2047 4072 2207 4143 justo
2239 4071 2335 4126 Dei
2361 4069 2583 4139 judicio
2615 4070 2668 4125 in
2706 4072 2979 4143 populum
3023 4071 3267 4140 desevit,
3303 4078 3367 4129 ut
3400 4071 3565 4128 multi
3598 4087 3690 4144 pa-

2048 4159 2220 4214 triam
2261 4161 2532 4215 deserere
2562 4162 2619 4214 et
2650 4159 2722 4214 ad
2754 4164 2945 4216 terras
2978 4159 3121 4217 alias
3145 4165 3497 4231 cogerentur
3527 4159 3691 4216 demi-

2050 4262 2245 4318 grare,
2273 4247 2418 4304 adeo
2442 4251 2501 4303 ut
2526 4246 2725 4305 multat
2743 4249 2919 4305 urbes
2941 4250 3196 4307 Francia:
3219 4263 3353 4305 raro
3376 4247 3688 4305 incoleren-

2055 4341 2152 4393 tur
2184 4337 2532 4394 habitatore.

2126 4424 2267 4497 (Fol.
2307 4427 2449 4499 62b.)
2483 4430 2645 4482 Anno
2666 4425 2738 4481 ab
2768 4427 2882 4483 inc.
2915 4429 3075 4484 Dom.
3107 4430 3212 4484 864
3234 4426 3579 4485 translatum
3600 4432 3684 4484 est

2054 4529 2272 4584 corpus
2286 4522 2503 4571 sanctae
2519 4515 2751 4586 Regina:
2775 4517 3017 4587 virginis
3036 4524 3095 4574 et
3110 4518 3367 4575 martiris
3391 4516 3461 4573 de
3506 4516 3685 4573 Alesia

295 4600 438 4657 dum
452 4612 660 4657 sacras
686 4600 1043 4670 Scripturas
1074 4598 1455 4669 rrdinantur,
1485 4601 1663 4657 sedin
1677 4601 1945 4659 domibus
1972 4589 2025 4648 D
2056 4603 2299 4659 civitate
2333 4603 2485 4675 apud
2520 4604 2909 4661 Flaviniacum
2942 4610 3204 4663 castrum
3237 4621 3341 4663 seu
3371 4606 3682 4676 cenobium,

300 4689 587 4746 laicorum
603 4688 1063 4756 constituuntur,
1073 4688 1270 4745 etcum
1281 4689 1652 4747 secutoribus
1666 4692 1811 4747 adeo
1824 4706 1947 4748 con-

296 4776 842 4845 versantur,utjam
854 4790 970 4831 non
983 4776 1212 4834 Deinec
1222 4777 1480 4834 ecclesia
1492 4779 1693 4849 cujusl
1719 4778 1827 4849 bet,
1846 4780 1950 4837 sed

299 4864 725 4923 illiusccmitis
746 4864 985 4921 etillius
1008 4864 1177 4922 ducis
1188 4879 1311 4923 esse
1338 4866 1755 4938 dicantur;ita
1766 4870 1948 4925 utim-

299 4953 524 5025 pletum
537 4954 622 5010 sit
633 4952 902 5023 quodper
912 4953 1255 5023 prophetam
1271 4954 1391 5011 dici
1399 4955 1517 5011 tur:
1533 4974 1561 5007 «
1575 4957 1651 5012 Et
1666 4957 1953 5014 eritsicut

291 5041 573 5113 papulas,
610 5040 701 5098 sic
736 5040 1013 5097 sacerdos
1047 5041 1199 5111 (Ose,
1238 5055 1311 5109 iv,
1338 5044 1448 5113 9).»
1497 5044 1663 5108 Quod
1677 5047 1951 5116 fortasse

303 5141 490 5188 unum
505 5130 597 5187 est
618 5142 832 5187 eorum.
853 5130 992 5196 Qua
1009 5142 1142 5185 cum
1156 5130 1224 5185 in
1241 5132 1474 5188 nomine
1487 5133 1732 5189 Domini
1749 5147 1949 5191 conve-

2038 4692 2410 4764 .prazsidente
2446 4692 2571 4749 loco
2594 4693 2803 4765 eidem,
2826 4696 2993 4767 cujus
3008 4696 3303 4767 eratjuris
3326 4695 3534 4752 civitas
3556 4709 3686 4768 prte-

2058 4782 2195 4851 fata,
2225 4781 2411 4851 Aigilo
2442 4783 2675 4852 abbate,
2712 4786 3074 4855 postmodum
3099 4786 3385 4842 Senonum
3417 4783 3687 4856 archiepi-

2058 4885 2255 4942 scopo,
2293 4874 2574 4941 regnante
2607 4872 2811 4929 Carolo
2843 4873 3036 4931 Calvo.
3071 4875 3176 4931 Hic
3211 4879 3301 4932 est
3342 4873 3490 4944 Aigil
3521 4874 3684 4930 abbas

2057 4959 2534 5016 Flaviniacensis.
2581 4960 2676 5030 qui
2724 4961 2928 5018 cellam
2961 4963 3287 5020 Corbiniaci
3336 4961 3605 5032 instituit,
3631 4964 3685 5018 et

2059 5046 2362 5103 duodecim
2416 5046 2631 5102 ibidem
2667 5049 2979 5107 monachos
3023 5051 3216 5123 posuit
3269 5051 3402 5122 (66),
3436 5050 3596 5108 annis
3619 5064 3685 5107 ex

2059 5151 2173 5207 quo
2232 5134 2688 5193 Flaviniacensis
2739 5140 3007 5196 azcclesia
3053 5140 3242 5212 ipsum
3299 5139 3681 5196 Corbiniacum

1894 5251 2121 5308 NOTAE.

384 5329 496 5403 (66)
530 5330 611 5386 Cf.
644 5331 895 5389 Annales
922 5332 1236 5405 Hincmari,
1271 5333 1590 5393 Fuldenses
1617 5335 1670 5393 ei
1706 5337 1951 5408 Regino-

308 5414 498 5549 flﬁgtliti)
521 5470 812 5549 Probatur
834 5474 957 5549 ipsa
979 5475 1422 5549 constitutionis
1442 5476 1639 5533 tabula
1671 5478 1824 5549 apud
1849 5479 1955 5536 Ma-

307 5539 813 5628 bil'lonhArcthS...
834 5539 1007 5628 λειω..
1046 5546 1142 5628 iv,
1175 5552 1318 5628 ‘2,”p.
1371 5550 1495 5619 240,
1542 5539 1956 5628 script'a_an_no

305 5613 413 5690 864
444 5612 726 5690 sequenti
758 5613 853 5670 die
877 5623 1016 5690 post
1046 5612 1437 5690 humationem
1467 5612 1749 5690 corporis
1765 5620 1817 5676 S.
1852 5622 1959 5679 Rc-

303 5681 456 5756 ginw
486 5681 761 5759 martyris
790 5698 849 5745 ιι
874 5681 995 5744 Kal.
1030 5687 1213 5762 April.
1239 5689 1302 5745 In
1331 5689 1534 5747 eodem
1555 5681 1706 5748 enim
1737 5688 1863 5750 loco
1883 5692 1963 5751 in-

2060 5337 2332 5396 Avalinse
2364 5352 2467 5395 seu
2490 5340 2844 5398 Nivernense
2866 5343 3149 5400 comitatu
3171 5341 3325 5400 anud
3357 5342 3681 5400 Ammondas

2063 5359 2332 5396 Avauuse
2364 5359 2467 5395 seu
2491 5359 2844 5398 mvernense
2866 5359 3149 5400 comitatu
3171 5359 3201 5400 a
3252 5359 3325 5400 ua
3357 5359 3681 5400 ammonuas

2063 5410 2176 5465 sito
2192 5410 2469 5466 Manassis
2491 5412 2763 5482 abbas,ut
2788 5418 3041 5470 testatur
3060 5359 3681 5482 tabuﬂimouastcrium

2062 5485 2403 5537 construere
2418 5480 2734 5539 volebat.'R
2771 5480 3681 5558 ginaetranslationemdescripsit

2067 5499 2403 5537 COBSH‘UCI‘C
2418 5499 2669 5539 venenat.
2688 5499 2734 5539 ιι
2769 5499 2919 5611 ginta
2933 5499 3371 5543 transnationem
3388 5499 3681 5558 uesci-ipsa.

2067 5557 2274 5634 auctor
2295 5567 2760 5634 anonymusapu
2844 5555 3109 5634 Mabillon
3141 5557 3180 5634 l.
3216 5557 3254 5613 Ι.
3294 5555 3683 5634 Eide_m_Eigil_o

2067 5623 2228 5701 lsaac
2250 5623 2561 5701 episcopus
2581 5623 3191 5701 Lingonensisaltaria
3204 5626 3480 5701 nonnulla
3502 5627 3557 5701 in
3578 5623 3684 5701 (iul.

2071 5694 2313 5755 busdam
2333 5694 2468 5771 pagi
2489 5694 2842 5758 Attoriénsis
2865 5696 3137 5759 ecclesiis
3157 5697 3251 5759 die
3281 5698 3519 5759 Sabbati
3548 5694 3685 5765 men.
