3922 6406
346 370 457 432 171

1303 361 1663 426 HOGONIS
1705 361 2062 439 ABBATIS
2102 362 2783 427 FLAVINIACENSIS

3638 365 3765 426 I72

349 506 561 565 minem
595 509 836 577 possent
882 504 1122 573 habere,
1177 502 1290 575 ipsi
1328 502 1420 560 tisi
1472 516 1577 560 sua
1636 501 1990 560 auctoritate
2020 500 2076 560 A
2106 502 2308 573 cessit,
2341 501 2509 572 cujus
2534 502 2693 559 fuere
2726 502 2941 558 fratres
2974 500 3302 559 Ludovicus
3356 506 3416 559 et
3451 502 3707 559 Karolus
3746 520 3765 569 ;

349 595 688 666 episcopum
721 595 1163 650 consecrarent.
1192 590 1484 663 Stephano
1533 591 1824 648 successit
1860 592 1992 646 For-

351 699 548 741 mosus
582 683 679 753 qui
715 681 1000 739 Silvester
1025 682 1092 737 ll.
1123 680 1225 738 Hic
1259 680 1596 750 Augrimum
1631 679 1701 714 ³⁸⁸
1755 680 1993 750 Linguo-

350 788 582 830 nensem
623 772 1001 841 restauravit,
1066 769 1164 841 qui
1219 771 1496 827 defuncto
1555 768 1870 826 Aureliano
1924 768 1993 801 ²⁵⁹

349 862 721 932 Lugdunensi
736 861 792 916 in
809 860 935 917 loco
952 860 1081 931 ejus
1097 860 1479 916 substitutus.
1508 860 1819 915 Formosus
1835 858 1993 915 vices

350 965 485 1008 suas
518 950 807 1006 Barnoino
842 948 1155 1004 Viennensi
1188 948 1478 1004 commisit
1505 946 1709 1019 '°°,qui
1745 947 1850 1004 fuit
1885 948 1995 1003 fra-

349 1045 441 1095 ter
476 1038 723 1094 Bosonis
759 1037 933 1106 regis.
964 1038 1118 1108 (Ser.
1151 1036 1280 1093 ahb.
1329 1036 1445 1107 Fl.)
1476 1038 1790 1093 Formosus
1846 1050 1993 1108 papa

348 1128 643 1184 Walonem
664 1128 987 1183 Eduensem
1010 1126 1417 1197 episcopatum
1451 1123 1563 1181 sibi
1586 1126 1992 1182 vendicantem

347 1214 1173 1284 excommunicavit,quoniam
1188 1214 1493 1271 ordinator
1513 1214 1992 1286 archiepiscopus

348 1303 755 1374 Lugdunensis
774 1317 802 1358 a
836 1294 1130 1374 Stephano
1155 1317 1300 1374 papa
1328 1302 1652 1374 depositus,
1688 1306 1830 1358 seta
1860 1304 1994 1358 For-

350 1406 510 1450 moso
545 1395 935 1460 restauratus,
963 1405 1133 1447 suum
1175 1405 1289 1447 non
1319 1390 1565 1447 haberet
1616 1390 1854 1463 pallium
1887 1404 1996 1447 nec

351 1483 684 1541 restitutam
717 1480 827 1538 sibi
861 1480 1203 1550 dignitatem
1232 1498 1246 1546 ;
1272 1481 1370 1551 qui
1422 1484 1626 1551 posset
1655 1480 1992 1552 episcopum

351 1584 701 1628 consecrare
728 1570 752 1625 ?
779 1572 835 1625 et
862 1584 993 1624 cum
1025 1569 1463 1625 contradiceret
1493 1568 1994 1625 consecrationem

350 1658 714 1716 Teutholdus
754 1657 1069 1729 episcopus
1098 1671 1170 1713 ex
1204 1661 1369 1729 parte
1394 1670 1576 1729 papae.
1598 1655 1997 1713 Excommuni-

353 1753 523 1805 catus
554 1751 641 1803 est
676 1751 869 1803 autem
905 1744 1467 1816 propterecclesiam
1492 1743 1851 1801 sanctiPetri
1874 1743 1998 1801 Fla-

2106 590 2373 660 regnavit
2395 591 2561 646 annis
2595 595 2627 646 5
2660 608 2675 657 ;
2707 591 2852 647 obiit
2898 592 3040 646 Non.
3073 588 3408 647 Decembris
3440 604 3592 646 anno
3624 593 3761 660 884,

2107 678 3115 749 quoannoNormanniBurgundiam
3156 666 3517 735 invaserunt.
3563 677 3767 750 [REGI-

2104 767 2222 839 NO.]
2256 766 2524 835 Karolus,
2551 772 2941 837 cognomento
2975 767 3203 835 Calvus,
3251 767 3417 824 obitu
3435 767 3635 824 fratris
3659 783 3767 824 au-

2105 857 2251 926 dito,
2298 855 2805 926 Italiamintravit,
2843 856 2942 914 sed
2997 872 3027 913 a
3070 855 3515 912 Karlommanno
3539 861 3763 928 nepote

2106 944 2537 1015 tcrritusfugit,
2560 951 2617 1000 et
2665 944 2869 1001 eodem
2891 960 3060 1014 anno,
3096 948 3157 1001 ut
3191 944 3588 1016 praediximus,
3630 945 3763 1001 vita

2106 1033 2656 1104 deccssit.(fol.63.)
2684 1032 3106 1089 Karlomannus
3148 1033 3488 1090 obiitNonis
3527 1035 3764 1089 Decem-

2107 1122 2528 1193 brisann0884,
2572 1122 3183 1193 etsequentiKarolus
3223 1122 3540 1194 imperator
3576 1123 3763 1178 elfici-

2105 1212 2221 1281 tur,
2239 1214 2297 1267 et
2315 1210 2419 1267 hoc
2433 1216 2795 1282 postannum
2814 1226 2989 1268 unum
3006 1211 3303 1281 defuncto,
3341 1209 3492 1267 alius
3506 1209 3762 1267 Karolus

2107 1298 2358 1370 Simplex
2377 1298 2682 1370 imperium
2705 1300 3042 1370 assumpsit,
3072 1298 3445 1369 quiregnavit
3480 1299 3754 1367 29annis.

2106 1387 2433 1445 Ludovicus
2475 1392 2669 1445 autem
2704 1387 3075 1444 Karlomanni
3108 1388 3289 1444 frater
3331 1402 3435 1445 rex
3464 1390 3759 1445 Saxonum

2106 1475 2483 1545 constitutus,
2501 1475 2689 1532 adhuc
2703 1476 2904 1532 eodem
2920 1477 3102 1532 fratre
3115 1476 3347 1533 vivente
3363 1475 3660 1533 Bavariam
3679 1477 3762 1533 in-

2109 1564 2304 1620 travit.
2324 1564 2569 1631 (Chron.
2602 1566 2772 1632 Dio.)
2792 1567 2955 1620 Anno
2997 1565 3068 1621 ab
3088 1564 3200 1621 inc.
3246 1566 3543 1635 Dom.881,
3604 1566 3755 1621 Non.

2110 1654 2254 1722 Aug.
2274 1652 2549 1723 pugnavit
2566 1653 2895 1710 Ludovicus
2911 1653 3066 1710 illius
3081 1652 3355 1710 Ludovici
3370 1654 3527 1723 regis
3544 1660 3759 1710 contra

2112 1756 2366 1812 paganos
2388 1746 2447 1797 et
2472 1742 2749 1798 contrivit
2773 1741 2841 1774 ’⁸³
2861 1756 2996 1809 eos;
3030 1742 3299 1812 regnavit
3325 1747 3519 1798 autem
3538 1756 3671 1798 ann.
3701 1746 3757 1799 3.

354 1835 706 1892 viniacensis
736 1827 906 1904 quani
939 1834 1254 1889 invaserat.
1310 1833 1857 1889 Excommunieatus
1907 1836 1995 1889 est
2028 1855 2080 1914 B
2114 1828 2397 1902 [Haemo]
2430 1831 2529 1885 llis
2550 1830 2776 1887 duobus
2802 1832 3103 1901 fratribus,
3129 1830 3420 1888 Ludovico
3444 1830 3671 1888 scilicet
3695 1836 3760 1887 et

356 1928 417 1979 et
447 1922 774 1978 Rieliardus
807 1922 944 1993 dux,
970 1926 1029 1976 et
1061 1923 1353 1977 Manasses
1384 1926 1441 1977 et
1495 1922 1859 1990 lngelbcrtus
1889 1935 1996 1993 pro

359 2011 659 2067 invasione
685 2009 1077 2067 aecclesiarum
1107 2015 1167 2064 et
1185 2010 1429 2065 maxime
1452 2010 1799 2066 Eduensium
1815 2024 1997 2079 usque

360 2100 428 2155 ad
456 2099 933 2155 satisfactionem.
968 2098 1267 2154 Invenitur
1315 2098 1424 2153 hoc
1454 2098 1509 2153 in
1542 2097 1760 2154 litteris
1789 2097 1996 2167 Aquini

359 2192 494 2243 ante
525 2185 820 2243 Walonem
855 2186 1098 2257 petitiet
1122 2185 1295 2241 electi
1329 2185 1615 2241 Educnsis
1635 2185 1996 2256 episeopi.Et

358 2274 647 2331 Tedaldus
670 2280 735 2330 16
758 2273 879 2330 Kal.
911 2274 1269 2345 Septembris
1320 2274 1471 2329 dom.
1514 2273 1621 2329 inc.
1657 2275 1761 2328 856
1825 2287 1996 2339 anno,

358 2364 476 2420 ind.
514 2366 545 2419 4
588 2364 719 2429 ;001
778 2364 1060 2419 successit
1121 2364 1284 2418 Isaac
1332 2365 1436 2418 880
1485 2362 1601 2418 ind.
1665 2366 1770 2428 13;
1821 2366 1878 2417 et
1947 2361 1998 2417 ei

361 2453 535 2524 Geylo
571 2452 861 2508 successit
886 2451 956 2508 de
981 2451 1213 2507 abbatia
1259 2450 1673 2508 Flaviniaeensi
1698 2453 2000 2522 promotus

358 2541 410 2596 in
435 2540 772 2613 episcopum
800 2539 1260 2609 Linguonensem
1300 2554 1449 2595 anno
1503 2539 1656 2596 dom.
1718 2539 1827 2595 inc.
1898 2540 2002 2595 880

358 2630 454 2686 ind
488 2634 553 2685 13
583 2628 674 2700 ὀί,
706 2634 764 2684 et
796 2629 847 2684 ei
870 2628 1227 2685 Teutbaldus
1282 2628 1374 2699 ³⁸³,
1428 2635 1488 2684 et
1566 2628 1618 2683 ei
1665 2627 1996 2697 Augrimus.

360 2721 671 2775 Warnerus
703 2717 849 2773 obiit
876 2720 997 2773 908.
1018 2720 1181 2774 Anno
1212 2716 1335 2773 879:
1372 2717 1497 2773 ind.
1531 2720 1617 2786 12,
1641 2716 1896 2787 suscepit
1916 2730 2003 2771 re-

357 2823 529 2877 gnum
564 2806 883 2864 Provineiae
908 2806 977 2862 ad
1002 2805 1281 2861 Viennam
1306 2807 1455 2861 Boso
1489 2804 1685 2861 ldibus
1707 2804 1998 2875 Octobris,

361 2903 508 2967 post.
548 2938 562 2953 .
609 2938 621 2951 .
669 2939 681 2952 .
717 2896 833 2952 lum
861 2913 875 2961 ;
904 2895 997 2951 cui
1031 2893 1318 2951 successit
1346 2892 1669 2951 Ludovicus
1698 2892 1853 2949 ﬁlius
1874 2892 2000 2964 ejus

359 2989 482 3055 891,
511 2984 698 3041 adhuc
724 2983 978 3055 juvenis,
1004 2982 1359 3039 auctoritate
1392 2996 1460 3052 pa
1473 2996 1555 3053 pae
1588 2980 1863 3053 Stephani
1893 2980 2001 3038 sub

361 3073 659 3131 tutoribus
686 3071 977 3128 Richardo
996 3071 1143 3128 duce
1174 3075 1229 3126 et
1265 3070 1483 3139 regina.

431 3162 674 3234 (Chron.
706 3162 949 3234 Dio.)ln
966 3159 1233 3232 partibus
1251 3159 1430 3229 igitur
1455 3158 1713 3215 Bavariaa
1735 3162 1794 3213 et
1828 3158 2003 3215 Saxo-

361 3250 550 3308 11001ίο
585 3254 641 3306 et
673 3250 854 3306 Italiae
888 3248 1262 3321 imperatoris
1294 3246 1566 3304 Ludovici
1598 3247 1681 3302 Pii
1731 3245 2004 3304 ﬁliusLu-

361 3339 623 3410 dovieus,
658 3343 718 3396 et
741 3337 1050 3395 Lotharius
1090 3336 1364 3406 Lotharii,
1428 3335 1799 3408 imperatoris
1849 3333 2004 3391 filius

363 3429 658 3485 tenebant.
683 3428 819 3482 Post
837 3426 1060 3483 obitum
1076 3441 1277 3482 eorum
1299 3424 1399 3481 filii
1421 3423 1607 3496 ipsius
1630 3422 1901 3483 Ludovici
1918 3438 2005 3479 re-

361 3518 710 3585 gnaverunt.
726 3516 865 3570 Nam
893 3513 1406 3584 Lothariusjunior
1428 3528 1528 3569 rex
1545 3511 1825 3569 obiitsine
1848 3509 2000 3567 filiis.

365 3602 579 3674 [0οη]
604 3601 882 3659 Ludovici
912 3601 1091 3671 igitur
1126 3601 1638 3671 temporeannoab
1683 3599 1795 3656 inc.
1839 3600 2001 3656 Dom.

363 3692 487 3761 875,
515 3690 632 3746 ind.
661 3692 714 3759 8,
742 3694 871 3761 post
903 3703 1213 3746 excessum
1245 3687 1442 3744 domni
1468 3687 1738 3744 Hattonis
1759 3687 2006 3745 domnus

362 3786 420 3834 ct
456 3777 965 3836 sanctissimusvir
1006 3775 1339 3832 Berhardus
1397 3775 1815 3833 acclamatione
1858 3774 2004 3833 cleri

363 3872 421 3923 et
452 3867 651 3939 populi
676 3866 865 3922 factus
879 3870 969 3922 est
987 3864 1714 3937 episcopusVirdunensis,
1740 3864 2008 3935 cujusin-

367 3955 550 4011 tcntio
567 3959 626 4010 et
645 3953 903 4011 studium
921 3952 1352 4011 sanctissimum
1377 3953 1485 4010 fuit
1508 3953 1797 4025 inceptam
1811 3953 2008 4009 basili-

365 4057 488 4100 cam
508 4042 580 4099 ad
598 4043 921 4114 perfectum
947 4055 1131 4113 usque
1172 4040 1513 4114 perducere.
1559 4040 1719 4108 Quod
1752 4044 1810 4097 et
1868 4041 2004 4099 fecit

365 4132 481 4187 Deo
512 4130 847 4188 miserante.
883 4130 1053 4200 Signa
1082 4129 1325 4202 grandia
1353 4133 1410 4185 et
1444 4129 1805 4187 honorabilia
1818 4134 1878 4188 et
1905 4131 2006 4187 mi-

365 4219 507 4274 nora
538 4215 708 4275 valde
740 4216 887 4274 bona
928 4216 1006 4273 ibi
1062 4230 1193 4273 esse
1246 4216 1577 4288 constituit,
1649 4215 2005 4289 pontiﬁcalia

365 4306 740 4377 vestimenta,
773 4309 831 4363 et
864 4309 1203 4364 ornamenta
1243 4304 1666 4364 ecclesiastica
1707 4307 2008 4381 quamplu-

366 4395 530 4467 rima,
555 4397 909 4454 etferetrum
933 4395 1030 4473 ubi
1052 4401 1190 4454 sunt
1208 4395 1472 4469 reliquias
1524 4400 1860 4455 sanctorum
1900 4412 2009 4456 mc-

364 4483 564 4541 clesiae
585 4498 707 4543 suae
720 4483 992 4543 contulit.
1013 4484 1337 4544 Canonicos
1351 4498 1488 4543 suos
1509 4485 1789 4543 canonice
1810 4485 2009 4543 vivere

2033 3204 2084 3268 C

2110 1918 2516 1987 Karlomanno,
2552 1918 2708 1974 intra
2739 1920 3197 1990 quinquennium
3231 1920 3540 1989 defunctis,
3568 1919 3638 1975 ad
3665 1919 3763 1989 ju-

2112 2008 2333 2063 niorem
2360 2006 2632 2063 Karolum
2657 2022 2852 2064 rerum
2876 2023 3098 2065 summa
3120 2008 3406 2080 pervenit,
3429 2008 3525 2078 qui
3551 2023 3763 2065 conse-

2109 2100 2312 2153 cratus
2334 2099 2427 2152 est
2450 2112 2479 2152 a
2499 2096 2757 2153 Iohanne
2784 2112 2927 2168 papa
2952 2097 3287 2168 imperator.
3322 2096 3564 2167 (Chron.
3588 2098 3759 2168 Dio.)

2112 2187 2311 2241 Annus
2361 2188 2484 2254 885,
2534 2184 2853 2241 indictione
2895 2189 2947 2255 4,
2992 2201 3178 2242 annus
3227 2186 3335 2241 fuit
3384 2185 3763 2256 imperatoris

2110 2273 2303 2329 Karoli
2330 2273 2385 2328 in
2408 2272 2575 2329 Italia
2597 2278 2648 2343 5,
2676 2273 2732 2328 10
2760 2273 3032 2329 orientali
3065 2275 3302 2330 Francia
3327 2277 3377 2344 4,
3406 2275 3461 2330 10
3493 2272 3675 2329 Gallia
3702 2279 3757 2329 1.

2114 2360 2332 2432 [Βειιτ.]
2358 2361 2736 2432 Temporibus
2759 2361 2939 2431 igitur
2961 2361 3234 2418 Ludovici
3259 2361 3579 2418 Germanici
3603 2361 3763 2431 regis

2111 2449 2270 2505 Dado
2302 2449 2566 2521 suscepit
2595 2450 2991 2520 episcopatum
3022 2448 3351 2506 Virdunicae
3384 2449 3570 2516 urbis,
3606 2463 3761 2504 anno

2114 2538 2185 2593 ab
2218 2538 2329 2594 inc.
2365 2539 2525 2593 Dom.
2561 2540 2684 2608 885,
2718 2553 2849 2594 cum
2891 2552 3002 2608 qua
3044 2537 3299 2609 optinuit
3331 2538 3599 2608 plurima.
3633 2537 3763 2603 Quo

2113 2630 2344 2681 mortuo
2376 2625 2638 2696 Karolus,
2676 2630 2740 2681 ut
2770 2626 3044 2696 diximus,
3081 2625 3474 2680 monarchiam
3507 2624 3764 2696 adeptus

2112 2718 2223 2769 est.
2257 2713 2416 2770 Dado
2448 2714 2761 2786 episcopus
2788 2713 3173 2770 Virdunensis
3196 2718 3330 2769 ante
3353 2714 3761 2784 episcopatum

2116 2802 2349 2874 praefuit
2381 2803 2632 2859 abbatia:
2664 2802 2849 2860 sancti
2872 2803 3087 2873 Vitoni,
3114 2816 3283 2872 quam
3312 2803 3488 2858 etiam
3522 2805 3762 2873 sumpto

2114 2891 2460 2962 episcopatu
2489 2906 2601 2948 non
2634 2891 2864 2959 omisit;
2900 2891 2999 2962 qui
3028 2890 3344 2960 adquisivit
3375 2890 3639 2947 ecclesiae
3671 2888 3759 2944 illi

2114 2978 2385 3051 plurima,
2429 2980 2597 3049 cujus
2637 2979 2904 3036 ecclesiae
2954 2979 3271 3036 canonicus
3318 2978 3659 3035 Bertharius
3700 2977 3761 3034 in

2115 3068 2379 3139 ejusdem
2420 3068 2683 3125 ecclesize
2724 3068 3043 3139 requiescit
3094 3068 3400 3125 cimiterio.
3446 3069 3606 3122 Anno
3640 3067 3753 3122 inc.

2113 3156 2276 3213 verbi
2309 3156 2434 3224 887,
2464 3156 2776 3212 Normanni
2819 3157 3025 3227 pagani
3067 3155 3454 3213 Flaviniacum
3496 3158 3756 3212 castrum

2115 3260 2219 3302 seu
2250 3244 2581 3302 coenobium
2616 3245 2886 3316 ingressi,
2908 3245 3251 3302 occiderunt
3280 3243 3594 3301 monachos
3621 3258 3756 3299 cum

2114 3334 2347 3391 famulis
2378 3337 2411 3389 8
2440 3332 2508 3366 ²⁶⁴
2549 3347 2812 3403 numero,
2856 3337 2916 3389 et
2957 3337 3291 3390 manserunt
3336 3333 3462 3390 dies
3503 3335 3570 3388 14
3607 3330 3695 3401 ²⁶⁶,
3724 3345 3759 3386 a

2115 3427 2145 3479 3
2179 3422 2317 3479 ldus
2346 3422 2605 3479 Januarii
2643 3436 2827 3492 usque
2859 3425 2893 3477 8
2924 3421 3045 3477 Kal.
3082 3421 3402 3478 Februarii.

2189 3513 2378 3585 [Βεητ.
2406 3509 2607 3585 prgam
2633 3512 2694 3566 In
2718 3509 2926 3567 diebus
2955 3509 3136 3580 igitur
3164 3509 3544 3580 pontificatus
3565 3508 3758 3565 domni

2114 3600 2391 3671 Dadonis,
2420 3614 2552 3657 cum
2584 3600 2713 3670 ejus
2746 3600 2898 3655 bono
2929 3599 3124 3656 studio
3154 3602 3215 3654 et
3248 3596 3446 3653 inclita
3481 3598 3623 3653 fama
3657 3611 3763 3669 per

2118 3695 2183 3746 35
2208 3704 2389 3745 annos
2413 3688 2593 3745 multa
2607 3687 2894 3745 tecelesiae
2912 3686 3361 3743 sibicommissae
3384 3684 3762 3757 provenerint

2117 3792 2421 3849 prospera,
2442 3792 2572 3834 cum
2591 3780 2658 3833 36
2681 3791 2830 3832 anno
2850 3774 3191 3848 principalis
3211 3774 3475 3832 ecclesia
3501 3772 3765 3845 peccatis

2120 3865 2494 3936 exigentibus
2523 3865 2657 3935 igne
2685 3869 3051 3936 consumpta,
3079 3862 3213 3920 libri
3236 3866 3295 3918 ct
3319 3862 3609 3918 memoria
3636 3874 3767 3916 san-

2120 3960 2348 4012 ctorum
2379 3960 2613 4027 patrum
2648 3952 2892 4009 maxima
2916 3967 2989 4010 ex
3013 3956 3179 4023 parte
3202 3951 3387 4007 eidem
3420 3954 3615 4006 essent
3647 3952 3763 4004 tra-

2121 4042 2279 4112 ditae,
2316 4040 2659 4098 Bertharius
2701 4041 3030 4111 presbyter,
3065 4053 3135 4095 ne
3164 4043 3500 4094 sanctorum
3533 4041 3758 4107 patrum

2120 4130 2573 4189 Virdunensium
2616 4128 2952 4200 pontificum
2991 4132 3366 4184 sacrosancta
3398 4124 3669 4181 memoria
3699 4129 3755 4179 et

2120 4219 2457 4275 venerabile
2487 4217 2747 4275 studium
2772 4220 2830 4273 et
2854 4216 3119 4288 operatio
3144 4220 3345 4272 sancta
3363 4213 3597 4286 penitus
3619 4210 3759 4268 obli-

2121 4307 2277 4364 vioni
2308 4306 2665 4377 traderetur,
2702 4320 2829 4376 quae
2854 4305 2924 4362 de
2947 4304 3168 4361 sanctis
3200 4318 3402 4360 eorum
3433 4300 3659 4358 actibus
3682 4298 3758 4355 le-

2119 4400 2309 4467 gerat,
2327 4394 2592 4451 breviato
2606 4408 2872 4450 sermone
2890 4391 3351 4464 comprehendit,
3372 4389 3757 4463 praesentibus

2121 4490 2375 4554 gratum,
2411 4483 2669 4555 posteris
2701 4481 2862 4539 utile.
2900 4481 3143 4551 (Chron.
3166 4482 3327 4551 Div.)
3357 4478 3602 4535 Karolus
3623 4491 3759 4547 ergo

365 4572 1158 4646 fecit,villanispresbyteris
1194 4572 1604 4642 viamjustitiae
1624 4573 1880 4631 viriliter
1917 4589 2010 4633 os-
2038 4556 2092 4617 D
2122 4573 2306 4631 Italiae
2357 4576 2417 4637 et
2465 4571 2730 4628 Saxoniaa
2782 4570 3031 4642 adeptus
3080 4568 3407 4640 imperium,
3454 4570 3755 4638 postquam

363 4661 576 4732 tendit,
610 4660 968 4734 etpuerosin
988 4660 1276 4720 diviniset
1297 4661 1566 4719 humanis
1611 4660 1780 4719 libris
1804 4677 1907 4735 per
1949 4677 2009 4721 se

363 4754 422 4806 et
445 4764 548 4822 per
573 4749 721 4807 alios
741 4765 870 4807 cum
887 4764 1106 4807 summa
1129 4748 1379 4808 caritate
1394 4750 1692 4808 instruxit.
1739 4751 1897 4809 Obiit
1950 4752 2008 4809 in

362 4836 672 4911 Theolegio
688 4836 1061 4907 monasterio,
1089 4837 1258 4894 ubiet
1290 4852 1508 4910 corpus
1556 4837 1683 4909 ejus
1710 4837 2008 4897 conditum

364 4930 456 4982 est
481 4924 668 4997 pridie
691 4922 1535 4993 Kalend.Januarias.(Chron.
1571 4925 1735 4998 Dio.)
1777 4925 1905 4982 Fuit
1952 4925 2008 4981 in

365 5012 708 5086 episcopatu
723 5010 923 5067 decem
943 5012 1127 5067 annis.
1147 5012 1303 5067 Obiit
1326 5012 1505 5082 igitur
1546 5012 1874 5071 Ludovicus
1888 5014 2007 5085 jus-

366 5105 533 5160 tuset
547 5106 790 5159 sanctus
810 5100 1129 5172 imperator
1152 5100 1408 5155 Lotharii
1424 5100 1799 5172 imperatoris
1827 5101 2011 5159 senio-

368 5189 449 5248 ris
471 5189 626 5248 illius
648 5193 706 5247 et
723 5190 905 5246 frater
924 5186 1172 5258 junioris
1186 5186 1441 5244 Lotharii
1464 5191 1496 5244 4
1516 5188 1653 5245 Idus
1670 5189 1886 5261 Aprilis
1916 5205 2012 5247 an-

367 5293 442 5335 no
463 5277 534 5335 ab
566 5277 853 5336 inc.Dom.
901 5280 1024 5333 878.
1054 5274 1474 5333 Karlomannus
1498 5276 1653 5334 illius
1697 5276 1826 5348 ejus
1882 5293 2012 5335 suc-

2124 4661 2506 4729 Normannos,
2535 4657 2631 4729 qui
2656 4657 2958 4714 Parisius7
2973 4670 3252 4712 annorum
3277 4652 3580 4711 obsidione
3601 4648 3759 4709 attri-

2121 4754 2350 4819 verant,
2386 4747 2497 4804 sibi
2527 4746 2812 4817 subdidit,
2843 4745 2988 4802 obiit
3022 4758 3168 4801 anno
3201 4743 3272 4800 ab
3304 4744 3414 4801 inc.
3446 4742 3603 4797 Dom.
3636 4741 3753 4808 888,

2123 4836 2239 4893 ind.
2275 4839 2328 4907 6,
2364 4836 2552 4907 pridie
2585 4836 2773 4891 Nonas
2807 4833 3100 4903 Octobris,
3136 4846 3286 4888 anno
3326 4828 3555 4902 imperii
3589 4827 3676 4884 sui
3705 4831 3752 4882 4.

2123 4925 2414 4999 [Haemo]
2444 4926 2581 4980 Post
2617 4937 2787 4994 quem
2830 4921 3057 4993 accepit
3088 4919 3367 4977 Arnulfus
3399 4932 3580 4989 nepos
3609 4915 3757 4972 illius

2124 5027 2367 5083 regnum
2402 5027 2551 5069 anno
2588 5011 2657 5067 ab
2690 5011 2801 5067 inc.
2834 5012 2990 5067 Dom.
3019 5011 3142 5079 888,
3170 5009 3288 5064 ind.
3315 5012 3368 5078 6,
3392 5004 3590 5062 eodem
3615 5000 3759 5059 scili-

2124 5106 2221 5158 cet
2253 5116 2423 5171 anno,
2450 5100 2608 5156 illius
2631 5097 3002 5156 Karlomanni
3026 5096 3129 5153 ﬁlii
3151 5094 3427 5153 Ludovici
3458 5094 3758 5164 imperato-

2125 5191 2207 5246 ris
2235 5189 2379 5260 justi
2411 5192 2471 5244 et
2504 5189 2711 5244 sancti.

2198 5278 2441 5347 (Chron.
2474 5277 2639 5350 Div.)
2681 5278 2897 5333 lterum
2928 5274 2985 5331 in
3024 5278 3375 5331 Francorum
3416 5281 3593 5341 regno
3632 5267 3758 5322 Nor-

1724 5400 1961 5457 VARJ/E
2004 5401 2405 5459 LECTIONES.

437 5512 711 5588 ’8³111180ἵ
734 5516 1003 5588 suppleri
1031 5529 1108 5574 ex
1130 5513 1613 5588 Serienhhatum.
1646 5513 1724 5588 ²⁵⁹ί
1746 5515 1836 5588 ita
1866 5528 1942 5588 qq;
1966 5516 2142 5588 Seria
2167 5515 2424 5588 restitui
2437 5532 2471 5588 ,-_
2483 5512 2783 5588 reparavit
2811 5512 2936 5588 in}:1
2974 5510 3092 5588 legi
3122 5508 3374 5588 videtnr.
3410 5507 3481 5588 ηεξ
3514 5506 3756 5588 ommisit

369 5557 717 5659 ἀσίειτῖδῖιυειιί
734 5557 1839 5659 manners".versuumn:
1966 5557 2393 5659 “iiéiidiiiéb’f‘

2193 5557 2685 5659 55iéb’f"-‘"if‘2'2

366 5657 609 5717 nonnisi
634 5658 680 5716 V
705 5664 997 5732 apparare
1031 5657 1287 5717 rideam

2731 5595 2826 5640 ιο.
2872 5580 2939 5614 ³⁸⁵
2997 5579 3086 5637 ita
3133 5580 3373 5651 suppleo
3409 5579 3520 5646 ειη
3575 5579 3760 5636 codice
