3922 6404
253 372 362 433 1'73

1508 362 2006 427 CHRONICON.
2041 398 2119 409 —
2146 364 2301 425 LIB.
2333 364 2380 426 Ι.

3534 374 3645 434 174

245 503 436 560 manni
466 502 798 572 insurgunt,
832 505 888 558 ct
914 515 1063 557 anno
1087 501 1160 557 ab
1184 500 1295 556 inc.
1332 501 1492 557 Dom.
1524 505 1646 570 891,
1683 499 1884 556 indict.

2069 500 2304 556 ectitur.
2335 500 2491 570 (Cat.
2504 500 2980 573 pont.)Formoso
2994 507 3406 561 successerunt
3423 507 3647 564 Bonifa-
3724 556 3735 562 -

245 596 296 661 9,
332 590 569 661 Gallias,
620 590 946 661 Hispanias,
1000 587 1221 645 Italiam
1274 589 1572 645 Franciam
1615 592 1675 644 et
1705 592 1891 646 totum

246 679 700 736 christianorum
732 683 962 734 vastant
998 694 1256 748 regnum.
1293 678 1572 734 Civitates
1611 678 1890 748 Parisius,

248 767 552 838 Belvacus,
589 768 854 823 Carnotis
888 772 944 823 et
979 767 1179 824 Meldis
1211 772 1269 823 et
1299 767 1538 838 reliquae
1571 782 1682 823 non
1717 782 1890 823 secus

250 857 506 928 undique
524 856 795 913 civitates
813 856 1192 928 diripiuntur,
1212 859 1519 913 vastantur
1541 860 1599 910 et
1623 860 1895 911 evertun-

245 950 365 1016 tur,
390 959 637 1017 corpora
662 948 997 1001 sanctorum
1033 945 1179 1000 infra
1211 960 1404 1001 muros
1430 943 1795 1015 recipiuntur
1827 941 1896 997 ti-

249 1049 408 1091 more
438 1034 713 1090 hostium.
750 1035 973 1106 Corpus
1015 1033 1201 1090 sancti
1234 1033 1492 1103 Benigni,
1528 1031 1894 1088 Divionensis

249 1122 516 1179 ecclesiae
543 1123 791 1195 patroni,
817 1123 1131 1193 Linguonis
1156 1123 1362 1179 fertur.
1395 1124 1643 1178 Sanetus
1673 1118 1894 1175 Sancti-

249 1226 359 1267 nus
382 1209 583 1268 Meldis
605 1212 659 1267 in
683 1212 933 1268 ecclesia
966 1212 1183 1283 majore
1207 1211 1439 1283 positus
1463 1226 1492 1266 a
1515 1208 1896 1265 Virdunensi-

251 1300 360 1355 bus
391 1300 639 1356 maximo
674 1301 864 1372 pretio
896 1300 1139 1357 Virduni
1174 1300 1396 1357 relatus
1419 1299 1535 1370 jam
1569 1302 1694 1354 erat
1725 1311 1895 1366 supe-

252 1386 427 1445 rioris
475 1389 623 1459 fugae
653 1387 723 1422 ’°°
753 1393 1035 1460 tempore,
1080 1403 1129 1445 a.
1166 1392 1289 1446 866.
1323 1385 1633 1444 Normanni
1681 1384 1896 1440 Gallias

252 1481 666 1547 pervagantur,
707 1478 1032 1548 Hispanias,
1067 1477 1302 1547 adeunt,
1337 1476 1640 1532 Rodanum
1673 1473 1895 1528 intrant

250 1563 509 1636 ﬂuvium,
555 1565 778 1622 Italiam
818 1565 1194 1637 populantur,
1228 1571 1287 1621 et
1321 1569 1506 1621 totum
1546 1560 1894 1620 christiano-

250 1666 377 1707 rum
400 1654 795 1725 pessundatur
817 1669 1078 1724 regnum.
1106 1656 1333 1710 Interea
1356 1650 1692 1722 congregati
1721 1649 1893 1703 Fran-

247 1742 353 1798 ciae
379 1742 672 1815 principes
692 1742 1000 1799 concilium
1026 1743 1096 1798 de
1122 1742 1342 1813 magnis
1366 1743 1539 1798 rebus
1563 1741 1785 1806 ineunt,
1810 1739 1888 1805 et,

2004 588 2148 659 eius,
2185 589 2531 662 Stephanus,
2557 588 2916 655 Theodorus,
2949 591 3238 648 Iohannes
3270 593 3358 650 IX.

2077 679 2239 733 Anno
2274 682 2395 747 910,
2431 679 2797 736 constructio
2845 680 3184 736 monasterii
3228 681 3643 755 Cluniacensis,

2005 771 2064 822 et
2094 770 2197 822 918
2228 766 2376 822 obiit
2406 767 2728 825 Willelmus
2770 768 2888 826 dux
2916 775 3292 828 constructor
3324 771 3499 831 illius.

2078 854 2229 923 (Ser.
2257 854 2386 912 abb.
2412 857 2536 929 Fl.)
2571 860 2730 914 Anno
2754 862 2876 929 913,
2910 859 3073 915 Walo
3105 860 3392 917 Eduensis
3423 864 3649 935 episco-

2007 957 2114 1013 pus
2139 943 2304 1013 obiit,
2324 944 2421 1015 qui
2446 945 2676 1015 praefuit
2702 947 2866 1002 annis
2886 950 2955 1003 20
2978 948 3088 1004 sub
3112 948 3316 1005 Carolo
3341 949 3645 1023 Simplice;

2004 1034 2061 1085 et
2094 1032 2355 1089 Herveus
2392 1034 2703 1090 successit.

2079 1119 2296 1192 [Πολ]
2332 1125 2492 1177 Anno
2525 1125 2646 1193 919,
2682 1122 2892 1179 cecidit
2932 1124 3129 1181 Remis
3158 1126 3383 1196 grando
3416 1126 3649 1185 mirabi-

1998 1204 2080 1263 lis
2109 1221 2280 1263 ovum
2312 1208 2543 1277 gallinas
2577 1224 2860 1281 superans
2893 1212 3645 1286 magnitudineglatitudine

2007 1294 2259 1351 medium
2293 1296 2516 1368 palma).
2549 1299 2712 1354 Anno
2735 1287 3000 1370 sequénti
3025 1302 3136 1358 mel
3161 1302 3216 1358 in
3240 1302 3420 1374 spicis
3452 1304 3647 1361 iuven-

2004 1384 2127 1524 Lum
2159 1388 2250 1439 est
2279 1387 2336 1439 et
2371 1383 2543 1442 ﬂores
2576 1386 2631 1441 in
2675 1385 2988 1445 arboribus
3029 1390 3275 1447 maturis
3308 1390 3427 1461 jam
3472 1393 3647 1463 frugi-

2048 1486 2132 1524 US.

2048 1486 2132 1527 US.

2077 1562 2239 1616 Anno
2271 1561 2343 1616 ab
2376 1561 2484 1617 inc.
2518 1564 2677 1619 Dom.
2714 1568 2837 1636 917,
2880 1566 3169 1624 Rodulfus
3219 1583 3324 1623 rex
3363 1570 3648 1627 constitu—

2003 1649 2102 1703 tus
2134 1652 2246 1719 est,
2273 1654 2332 1704 et
2364 1654 2425 1707 21
2462 1652 2621 1720 regni
2657 1653 2746 1708 sui
2780 1668 2929 1710 anno
2962 1655 3034 1709 ab
3066 1656 3277 1726 Ungris
3310 1655 3367 1712 id
3398 1662 3489 1714 est
3521 1659 3649 1713 Sar-

2007 1737 2235 1792 racenis
2270 1737 2616 1795 interfectus
2645 1745 2756 1812 est,
2793 1745 2852 1797 et
2881 1743 3040 1798 Ebbo
3081 1743 3201 1800 dux
3230 1745 3411 1801 castri
3442 1746 3650 1802 Dolcn-
3732 1760 3741 1763 ·

249 1835 309 1887 ut
325 1830 723 1902 praediximus,
742 1831 1148 1887 Odonemlieet
1166 1831 1547 1887 reluctantem
1565 1827 1673 1885 sub
1688 1822 1892 1881 Carolo
1921 1838 1977 1902 Β
2006 1823 2117 1891 sis;
2151 1828 2207 1879 et
2240 1825 2457 1882 invasit
2480 1842 2719 1896 regnum
2749 1831 2911 1899 Hugo
2934 1830 3069 1901 dux,
3095 1832 3332 1903 capiens
3365 1833 3421 1889 in
3452 1834 3650 1890 vincu-

249 1919 618 1975 constituunt
652 1935 865 1990 regem.
900 1920 1074 1990 (Ann.
1127 1919 1387 1991 Vedast.)
1420 1916 1623 1974 Indict.
1662 1920 1747 1986 10,
1785 1913 1894 1970 fuit

251 2021 437 2063 annus
463 2006 683 2079 primus
714 2008 940 2081 imperii
971 2009 1231 2065 Widonis
1261 2007 1515 2077 augusti,
1542 2005 1638 2076 qui
1665 2019 1766 2076 per
1791 2004 1896 2058 Ga-

251 2093 445 2151 lonem
490 2096 946 2166 Linguonensem
987 2097 1326 2168 episcopum
1367 2095 1727 2152 constitutus
1768 2106 1891 2160 rex,

249 2200 381 2241 cum
424 2185 686 2242 audisset
729 2186 986 2242 Odonem
1026 2201 1220 2256 regem
1260 2186 1495 2254 factum,
1529 2198 1659 2239 cum
1692 2183 1898 2236 Beren-

250 2273 416 2344 gario
448 2289 585 2344 rege
610 2274 791 2331 Italiae
824 2273 1003 2331 multa
1029 2273 1179 2345 bella
1208 2274 1412 2343 gessit,
1434 2276 1491 2327 et
1515 2270 1703 2327 victor
1734 2281 1896 2324 reve-

251 2361 417 2417 nieus
451 2362 771 2434 imperator
810 2366 1047 2419 creatus
1074 2366 1183 2418 est.
1218 2361 1431 2417 Eodem
1464 2373 1613 2414 anno
1644 2355 1796 2430 apud
1825 2352 1895 2387 "7

249 2448 475 2506 Tullum
499 2455 558 2506 et
579 2450 733 2507 circa
766 2451 941 2522 Alpes
964 2449 1116 2506 ultra
1137 2452 1339 2506 Jurum
1368 2446 1654 2504 Rodulfus
1685 2460 1787 2501 rex
1820 2443 1897 2498 fa-

252 2542 386 2594 ctus
415 2543 505 2595 est
529 2541 598 2595 92
617 2554 787 2595 anno.
823 2539 1065 2609 (Chron.
1091 2540 1255 2611 Div.)
1285 2541 1447 2593 Anno
1482 2536 1662 2605 igitur
1685 2534 1756 2589 ab
1780 2532 1891 2587 inc.

250 2625 414 2681 Dom.
451 2630 574 2697 893,
612 2627 728 2683 ind.
758 2632 843 2696 11,
872 2626 1067 2682 Odone
1100 2631 1379 2696 regnante
1411 2626 1468 2680 in
1501 2621 1759 2690 Francia,
1797 2622 1900 2677 Ar-

251 2713 415 2769 nulfo
441 2716 496 2769 in
524 2715 687 2771 Italia
706 2720 766 2770 et
789 2715 1053 2785 Saxonia,
1082 2714 1456 2784 Karolusjam
1475 2710 1706 2785 juvenis
1727 2710 1899 2763 Fran-

253 2815 457 2857 corum
491 2803 705 2873 repetit
732 2808 986 2874 sceptra,
1020 2806 1076 2858 et
1112 2806 1467 2858 memoratus
1494 2797 1773 2856 Aruulfus
1798 2796 1900 2850 im-

256 2888 402 2961 perii
452 2889 664 2946 invasit
714 2890 1125 2961 monarehiam,
1177 2892 1413 2947 Romam
1469 2903 1599 2945 cum
1653 2899 1897 2943 assensu

257 2978 514 3035 Formosi
545 2994 709 3050 papae
739 2966 996 3050 capiens,
1032 2994 1061 3035 a
1093 2994 1206 3050 quo
1237 2979 1292 3034 in
1326 2979 1735 3050 imperatorem
1768 2988 1901 3045 pro-

257 3072 449 3123 motus
497 3070 608 3122 est.
663 3066 947 3139 [Haemo]
998 3070 1154 3124 Tunc
1203 3067 1450 3139 primum
1483 3081 1513 3122 a
1549 3067 1897 3121 Francorum

2008 1911 2080 1968 lis
2110 1913 2380 1970 Karolum
2431 1916 2661 1972 Rodulﬁ
2712 1916 2924 1985 ﬁlium;
2957 1922 3014 1975 et
3048 1921 3312 1991 regnavit
3362 1935 3544 1993 usque
3576 1923 3646 1979 ad

2007 2015 2216 2057 annum
2251 2003 2403 2059 dom.
2448 2003 2562 2060 inc.
2598 2008 2718 2061 981.

2077 2091 2291 2147 Eodem
2340 2093 2514 2148 etiam
2565 2108 2714 2150 anno
2764 2095 2861 2166 qui
2911 2101 3037 2153 erat
3077 2097 3148 2152 ab
3181 2097 3293 2154 inc.
3328 2099 3487 2155 Dom.
3522 2101 3645 2155 920.

2005 2177 2152 2235 obiit
2181 2179 2347 2236 Rollo
2390 2182 2846 2240 Normannorum
2888 2184 3184 2258 princeps,
3218 2192 3277 2242 et
3322 2186 3648 2244 Willelmus

2008 2265 2159 2324 ﬁlius
2190 2268 2318 2338 ejus
2351 2271 2660 2341 successit,
2687 2272 2783 2342 qui
2809 2272 2942 2329 dolo
2965 2274 3199 2331 occisus
3229 2278 3315 2331 est
3341 2290 3490 2333 anno
3522 2279 3646 2348 943,

2005 2359 2065 2411 et
2096 2355 2423 2414 Riehardus
2456 2358 2611 2414 illius
2642 2360 2770 2430 ejus
2803 2362 3110 2418 successit.

2080 2443 2322 2514 (C’Izron.
2356 2445 2519 2521 Div.)
2549 2449 2764 2505 Exorta
2798 2464 2938 2520 ergo
2969 2450 3262 2508 discordia
3295 2451 3450 2509 inter
3482 2454 3651 2510 Caro-

2007 2531 2192 2589 rolum
2217 2536 2276 2589 et
2299 2535 2459 2615 regni
2486 2536 2801 2609 principes,
2824 2538 2970 2594 ﬁunt
2993 2537 3130 2594 lites
3151 2543 3209 2595 et
3233 2539 3405 2604 bella.
3432 2541 3649 2613 rapina)

2006 2625 2066 2676 et
2119 2621 2401 2693 incendia,
2445 2627 2505 2679 et
2545 2624 2843 2682 innumera
2895 2626 3151 2698 undique
3196 2627 3427 2685 seviunt
3473 2627 3644 2686 mala.

2005 2710 2254 2767 Tandem
2278 2726 2380 2767 rex
2406 2712 2541 2768 facti
2564 2713 2837 2785 penitens
2860 2714 3157 2787 principes
3181 2715 3252 2772 ad
3274 2717 3649 2774 concordiam

2006 2805 2350 2871 commovet,
2404 2816 2722 2872 pacemque
2771 2808 3107 2874 exoptatam
3157 2819 3287 2860 cum
3318 2804 3405 2862 eis
3435 2804 3646 2862 ﬁrmat.

2007 2887 2334 2945 Richardus
2350 2889 2547 2961 igitur,
2566 2890 2660 2961 qui
2676 2890 2748 2947 ab
2762 2890 3157 2962 exequutione
3171 2892 3418 2963 justitiaa
3441 2908 3653 2963 cogno-

2009 2991 2137 3031 men
2172 2981 2498 3048 acceperat,
2526 2978 2802 3048 quamdiu
2834 2978 2998 3050 vixit,
3026 2979 3234 3037 Carolo
3264 2981 3387 3050 regi
3420 2996 3651 3053 semper

2010 3063 2201 3122 ﬁdelis
2220 3066 2448 3133 extitit;
2485 3082 2600 3137 quo
2624 3070 2852 3124 mortuo
2876 3082 3027 3126 anno
3049 3072 3174 3140 922,
3201 3069 3396 3126 Odone
3421 3084 3650 3142 quoque

257 3155 496 3224 regibus
509 3154 581 3210 ad
597 3160 911 3212 extraneos
937 3156 1286 3213 translatum
1300 3153 1727 3226 estimperium,
1747 3149 1900 3250 prin-
1930 3184 1982 3250 α
2013 3169 2146 3226 rege
2178 3155 2470 3226 defuncto,
2498 3154 2715 3212 Kalend
2734 3156 2989 3213 Januarii
3015 3157 3335 3228 pradictus
3358 3158 3650 3214 Robertus

256 3242 487 3314 cipibus
513 3243 675 3313 regni
700 3244 1260 3317 parvipendentibus
1282 3243 1552 3301 Karolum
1571 3242 1644 3298 ob
1671 3240 1898 3295 tardum
1936 3240 1982 3250 “
2010 3244 2192 3299 frater
2230 3246 2358 3315 ejus
2397 3259 2640 3316 sperans
2671 3247 2728 3302 et
2760 3245 3001 3317 cupiens
3039 3260 3165 3302 eam
3207 3251 3430 3319 partem
3463 3246 3647 3317 regni,

257 3331 469 3387 mentis
494 3331 806 3403 ingenium.
828 3332 1068 3404 (Chron.
1084 3334 1250 3405 Die.)
1273 3331 1670 3389 Zendebolcus
1685 3330 1739 3384 in
1756 3342 1902 3399 prm-

256 3420 442 3475 sentia
467 3420 652 3492 patris
675 3420 767 3477 sui
791 3420 1009 3477 Odonis
1032 3422 1189 3492 regis
1208 3436 1312 3477 rex
1329 3421 1400 3476 ab
1420 3419 1660 3476 Arnulfo
1680 3414 1900 3473 consti-

255 3510 440 3577 tutus,
467 3507 560 3564 cui
586 3508 862 3566 Arnulfus
877 3524 1119 3580 regnum
1145 3508 1401 3565 Lotharii
1425 3507 1899 3577 dedit,etpostea

256 3594 412 3651 ﬁlius
452 3595 575 3667 ejus
615 3596 926 3668 occiditur,
956 3601 1011 3653 et
1047 3597 1173 3669 ipse
1203 3597 1351 3654 obiit
1377 3610 1528 3652 anno
1560 3600 1683 3652 901.
1720 3594 1895 3665 (Ann.

267 3682 525 3756 Vedast.)
579 3683 778 3740 Odone
824 3698 964 3755 ergo
1011 3699 1160 3741 anno
1208 3684 1373 3755 regni
1421 3684 1510 3741 sui
1560 3689 1647 3755 12,
1681 3684 1753 3740 ab
1783 3683 1894 3740 inc.

258 3772 418 3825 Dom.
466 3776 571 3828 899
619 3772 916 3843 defuncto,
968 3773 1332 3845 reciprocate
1383 3773 1799 3829 Normanorum
1840 3775 1898 3827 et

257 3859 547 3916 Danorum
589 3866 895 3931 emergunt
931 3861 1186 3928 ﬂuctus;
1233 3861 1448 3932 Ungari
1491 3861 1562 3916 ab
1604 3860 1895 3931 aquilone.

260 3948 532 4004 Saraceni
558 3963 587 4005 a
614 3949 856 4006 meridie
878 3953 935 4006 et
964 3950 1179 4007 finibus
1207 3949 1494 4022 Hispaniae
1522 3964 1902 4021 prorumpen-

260 4041 350 4092 tes
366 4036 420 4092 in
438 4036 739 4094 interitum
763 4038 1084 4108 conﬂigunt
1102 4037 1299 4095 Galliae
1325 4037 1567 4105 (Ultron.
1586 4037 1766 4109 Din).
1793 4038 1904 4093 Per

257 4124 449 4180 omnia
483 4125 636 4181 sevit
665 4125 915 4195 gladius,
960 4129 1173 4183 cuncta
1207 4125 1423 4183 dantur
1452 4125 1740 4195 incendio,
1775 4139 1904 4181 san-

256 4217 487 4268 ctorum
532 4211 656 4268 loca
710 4212 1025 4270 traduntur
1070 4212 1437 4270 exterminio.
1494 4212 1615 4284 (fol.
1649 4210 1780 4284 63’.)
1826 4213 1905 4267 Eo

258 4313 411 4356 anno
442 4300 776 4370 Burgundia
826 4304 1056 4358 vastata
1084 4305 1176 4357 est
1210 4315 1241 4356 a
1274 4300 1619 4357 Normannis
1644 4317 1667 4373 ;¹
1694 4300 1907 4371 quibus

259 4389 577 4445 occurrens
591 4388 914 4446 Richardus
936 4389 1054 4446 dux
1061 4387 1422 4459 justitiarius
1437 4388 1590 4445 bello
1609 4403 1709 4445 eos
1734 4387 1903 4459 fudit,

260 4480 321 4533 et
344 4482 503 4533 retro
526 4477 720 4534 redire
743 4477 953 4547 coegit.
990 4478 1205 4533 Iterum
1228 4476 1380 4548 apud
1406 4478 1716 4534 Carnotum
1744 4475 1907 4533 socio

2010 3346 2180 3402 quam
2212 3332 2660 3404 ipseftenuerat,
2696 3332 2829 3403 quia
2853 3333 2906 3389 ei
2929 3348 2959 3389 a
2985 3332 3189 3390 Carolo
3222 3332 3514 3405 Simplice,
3552 3334 3648 3405 qui

2007 3421 2191 3478 totius
2222 3421 2383 3491 regni
2414 3426 2542 3478 erat
2581 3420 2872 3491 dominus,
2904 3435 3016 3478 non
3050 3421 3426 3490 reddebatur,
3460 3421 3649 3491 palam

2010 3509 2219 3566 invasit
2237 3509 2621 3579 tyrannidem,
2643 3513 2745 3567 eta
2764 3508 3109 3579 quibusdam
3129 3508 3422 3581 episcopis
3455 3508 3654 3565 diade-

2008 3601 2162 3653 mate
2184 3598 2346 3666 reg'o
2360 3596 2629 3653 coronari
2644 3601 2703 3652 et
2717 3601 2954 3667 sceptro
2971 3597 3131 3666 regni
3150 3595 3413 3667 insigniri
3439 3596 3651 3666 partim

2010 3684 2338 3755 blandiciis,
2393 3683 2603 3756 partim
2643 3683 2813 3740 minis
2854 3683 3122 3755 extorsit,
3155 3684 3255 3740 sed
3290 3698 3653 3756 nequaquam

2007 3773 2180 3844 hujus
2208 3772 2710 3846 praarsumptioms
2741 3772 2889 3829 lotos
2919 3772 3114 3829 exitus
3144 3772 3365 3830 habuit.

2083 3862 2361 3935 [Recmo]
2397 3864 2558 3918 Anno
2592 3864 2663 3918 ab
2698 3861 2809 3918 inc.
2840 3862 2999 3918 Dom.
3034 3865 3138 3919 900
3176 3861 3452 3918 Arnulfus
3480 3860 3656 3932 impe-

2011 3956 2175 4007 rator
2202 3950 2368 4021 obiit,
2399 3954 2455 4005 et
2489 3949 2817 4007 Ludovicus
2866 3948 3022 4006 ﬁlius
3053 3950 3180 4020 ejus
3208 3949 3515 4007 successit.
3553 3949 3657 4005 Hic

2013 4038 2315 4096 duodecim
2343 4037 2509 4094 annis
2533 4037 2945 4094 administrate
2968 4037 3212 4109 imperio
3244 4037 3409 4109 obiit,
3435 4042 3494 4094 et
3517 4038 3659 4096 Con-

2014 4127 2155 4183 rado
2185 4126 2302 4182 ﬁlio
2334 4125 2582 4182 Conradi
2602 4126 2767 4182 ducis
2790 4125 2952 4195 regni
2975 4130 3211 4199 sceptra
3236 4125 3473 4196 reliquit
3507 4139 3659 4183 anno

2015 4217 2086 4272 ab
2118 4215 2230 4271 inc.
2256 4217 2417 4270 Dom.
2444 4217 2568 4271 911.
2598 4214 2696 4270 llic
2729 4213 2903 4269 etiam
2936 4213 3203 4284 regnavit
3232 4213 3399 4271 annis
3430 4227 3656 4286 novem,

2016 4307 2072 4360 et
2103 4301 2410 4359 Hcinricus
2455 4301 2680 4372 primus
2726 4302 3013 4359 successit
3064 4317 3307 4371 magnus
3342 4302 3660 4374 imperator

2018 4406 2167 4448 anno
2197 4395 2318 4448 920.
2357 4387 2572 4462 [FLoo.]
2604 4391 2685 4446 Eo
2713 4403 2861 4445 anno
2890 4388 3041 4445 inter
3068 4387 3402 4447 Hilduinum
3435 4390 3663 4462 episco-

2019 4494 2151 4551 pum
2201 4482 2261 4535 et
2307 4478 2639 4534 Richarium
2692 4476 2964 4533 abbatem
3012 4476 3083 4533 de
3131 4476 3476 4548 episcopatu
3523 4478 3663 4533 Tun-

258 4565 520 4622 Roberto
544 4566 712 4636 duce,
740 4533 956 4622 Odovnis
979 4565 1136 4635 regis
1166 4533 1368 4636 fratre,
1394 4564 1547 4620 idem
1578 4533 1906 4621 Richardus
1935 4533 1990 4595 D
2016 4533 2224 4639 grensi'
2243 4533 2440 4623 habita
2464 4533 2559 4623 est
2576 4563 2896 4635 contentio,
2923 4533 3206 4635 siquidem
3232 4533 3519 4620 rex'illum
3542 4564 3663 4635 epi-

261 4668 393 4711 cum
416 4653 760 4711 Normannis
784 4653 1101 4724 dimicavit,
1128 4656 1185 4708 et
1209 4651 1513 4709 immanem
1538 4668 1739 4709 eorum
1765 4649 1909 4709 mul-

265 4739 574 4797 titudinem
598 4741 834 4798 occidit.
863 4740 1075 4798 Habuit
1104 4745 1226 4797 tres
1251 4739 1422 4812 ﬁlios,
1448 4740 1780 4810 Rodulfum,
1809 4739 1907 4811 qui

263 4829 372 4888 fuit
395 4845 498 4886 rex
521 4832 893 4901 Francorum,
916 4831 1219 4900 Bosonem,
1246 4829 1343 4900 qui
1363 4828 1562 4886 Gallizr
1586 4828 1910 4901 superioris

264 4933 394 4990 quas
426 4919 662 4975 Comata
694 4919 930 4991 dicitur,
958 4918 1013 4974 id
1038 4923 1131 4975 est
1164 4918 1531 4989 Burgundiae,
1564 4917 1789 4989 accepit
1824 4931 1912 4973 re-

263 5018 461 5077 gnum,
496 5006 736 5064 tertium
766 5008 1063 5076 Hugonem
1094 5006 1317 5078 Capito,
1351 5006 1449 5078 qui
1479 5004 1586 5062 fuit
1619 5005 1738 5062 dux
1770 5005 1912 5060 infe-

266 5094 441 5150 rioris
474 5094 840 5165 Burgundize.

341 5181 629 5254 [Remum]
663 5185 824 5240 Anno
846 5182 919 5238 ab
944 5181 1057 5240 inc.
1090 5183 1249 5238 Dom.
1285 5185 1408 5254 904,
1445 5182 1554 5239 fuit
1584 5180 1800 5239 bellum
1834 5181 1917 5238 in-

270 5273 361 5325 ter
392 5270 714 5328 Conradum
759 5270 965 5329 ducem
996 5276 1058 5326 et
1090 5269 1492 5342 Adalbertum,
1536 5270 1594 5327 in
1627 5284 1740 5342 quo
1774 5272 1915 5328 Con-

268 5355 448 5415 radus
477 5357 710 5430 cecidit,
745 5362 806 5414 et
836 5371 988 5416 anno
1033 5357 1299 5429 sequenti
1341 5358 1694 5416 Adalbertus
1719 5358 1915 5430 capite

2021 4661 2326 4728 scopatum
2353 4654 2625 4711 Richario
2656 4651 2838 4724 dedit,
2871 4650 3005 4724 quia
3037 4650 3365 4722 Hilduinus,
3391 4652 3484 4708 cui
3517 4650 3660 4708 ἱΙιιιᾱ

2022 4744 2186 4816 prius
2208 4743 2472 4813 dederat,
2495 4758 2523 4799 a
2545 4757 2607 4799 se
2630 4741 2898 4798 descivit.
2926 4740 3315 4801 Herimannus
3336 4754 3476 4796 vero
3501 4738 3665 4796 Colo-

2021 4832 2239 4890 niensis
2262 4831 2759 4903 archiepiscopus,
2779 4829 3031 4899 eligente
3053 4828 3212 4885 clero
3229 4832 3289 4885 et
3313 4827 3541 4884 favente
3565 4841 3654 4898 po-

2024 4920 2179 4992 pulo,
2232 4934 2457 4976 necnon
2488 4925 2544 4975 et
2580 4916 2927 4987 Gisleberto,
2976 4931 3146 4989 quem
3194 4914 3426 4989 plurimi
3457 4912 3666 4972 Lotha-

2024 5008 2246 5065 rienscs
2276 5008 2483 5064 relicto
2507 5006 2713 5062 Carolo
2741 5005 3064 5079 principem
3088 5004 3521 5075 ordinaverant,
3548 5001 3668 5059 Hil-

2026 5096 2262 5153 duinum
2322 5096 2400 5152 ibi
2453 5093 2748 5151 ordinavit
2814 5093 3174 5166 episcopum,
3235 5106 3367 5149 cum
3421 5090 3668 5150 Carol's

2026 5184 2214 5257 ipsum
2233 5184 2659 5255 episcopatum,
2679 5182 2854 5239 etiam
2878 5176 3486 5250 Lothariensibusjam
3511 5178 3579 5235 ad
3605 5195 3669 5237 se

2026 5270 2283 5329 reversis
2304 5286 2432 5328 cum
2456 5268 2786 5327 Gisleberto
2817 5268 2987 5339 duce,
3013 5266 3282 5323 Richario
3305 5266 3502 5324 abbati
3534 5281 3673 5324 con-

2028 5359 2299 5427 sentiret,
2323 5357 2697 5429 quamobrem
2723 5354 2960 5428 utrique
2979 5355 3213 5412 Romam
3242 5354 3490 5426 profecti
3512 5359 3669 5413 sunt.

1630 5524 1867 5582 nam
1907 5522 2307 5611 LECTlONES.

341 5648 410 5686 ⁸⁸⁸
439 5649 476 5706 ι’.
515 5666 527 5704 :
562 5665 576 5705 :
612 5666 626 5704 :
656 5661 707 5709 ο.
770 5616 860 5684 ⁴¹⁸⁷
886 5645 1041 5721 apud
1072 5645 1343 5707 delatum.
