  <div class='ocr_page' id='page_1' title='image "/cluster/home/n/w/nwhite01/storage/ocr_20150623/153-154/uc1.31175019678096/679.png"; bbox 0 0 3922 6414; ppageno 0'>
   <div class='ocr_carea' id='block_1_1' title="bbox 260 352 383 457">
    <p class='ocr_par' dir='ltr' id='par_1_1' title="bbox 260 352 383 457">
     <span class='ocr_line' id='line_1_1' title="bbox 260 352 383 457; baseline 0 0"><span class='ocrx_word' id='word_1_1' title='bbox 260 352 383 457; x_wconf 59' lang='lat'><strong>175</strong></span> 
     </span>
    </p>
   </div>
   <div class='ocr_carea' id='block_1_2' title="bbox 1243 336 2734 458">
    <p class='ocr_par' dir='ltr' id='par_1_2' title="bbox 1243 336 2734 458">
     <span class='ocr_line' id='line_1_2' title="bbox 1243 336 2734 458; baseline 0 -3"><span class='ocrx_word' id='word_1_2' title='bbox 1243 336 1616 458; x_wconf 71' lang='lat' dir='ltr'><strong>HUGOle</strong></span> <span class='ocrx_word' id='word_1_3' title='bbox 1657 366 2012 456; x_wconf 81' lang='lat' dir='ltr'><strong>ABBATIS</strong></span> <span class='ocrx_word' id='word_1_4' title='bbox 2053 380 2734 455; x_wconf 76' lang='lat' dir='ltr'><strong>FLAVINIACENSIS</strong></span> 
     </span>
    </p>
   </div>
   <div class='ocr_carea' id='block_1_3' title="bbox 3554 370 3676 455">
    <p class='ocr_par' dir='ltr' id='par_1_3' title="bbox 3554 370 3676 455">
     <span class='ocr_line' id='line_1_3' title="bbox 3554 370 3676 455; baseline 0.008 -1"><span class='ocrx_word' id='word_1_5' title='bbox 3554 370 3676 455; x_wconf 80' lang='lat'><strong>176</strong></span> 
     </span>
    </p>
   </div>
   <div class='ocr_carea' id='block_1_4' title="bbox 268 522 3677 601">
    <p class='ocr_par' dir='ltr' id='par_1_4' title="bbox 268 522 3677 601">
     <span class='ocr_line' id='line_1_4' title="bbox 268 522 3677 601; baseline -0.001 -17"><span class='ocrx_word' id='word_1_6' title='bbox 268 532 431 585; x_wconf 82' lang='lat' dir='ltr'><strong>Anno</strong></span> <span class='ocrx_word' id='word_1_7' title='bbox 460 530 581 599; x_wconf 77' lang='lat'><strong>921,</strong></span> <span class='ocrx_word' id='word_1_8' title='bbox 614 526 811 585; x_wconf 88' lang='lat' dir='ltr'><strong>habita</strong></span> <span class='ocrx_word' id='word_1_9' title='bbox 843 531 933 586; x_wconf 89' lang='lat' dir='ltr'><strong>est</strong></span> <span class='ocrx_word' id='word_1_10' title='bbox 966 528 1224 601; x_wconf 81' lang='lat' dir='ltr'><strong>synodus</strong></span> <span class='ocrx_word' id='word_1_11' title='bbox 1256 527 1408 600; x_wconf 86' lang='lat' dir='ltr'><strong>apud</strong></span> <span class='ocrx_word' id='word_1_12' title='bbox 1441 525 1781 599; x_wconf 83' lang='lat' dir='ltr'><strong>Trosleium,</strong></span> <span class='ocrx_word' id='word_1_13' title='bbox 1818 524 1910 584; x_wconf 92' lang='lat' dir='ltr'><strong>cui</strong></span> <span class='ocrx_word' id='word_1_14' title='bbox 1940 527 1994 588; x_wconf 91' lang='lat' dir='ltr'><strong>A</strong></span> <span class='ocrx_word' id='word_1_15' title='bbox 2032 524 2270 598; x_wconf 73' lang='lat' dir='ltr'><strong>(Chron.</strong></span> <span class='ocrx_word' id='word_1_16' title='bbox 2298 524 2460 598; x_wconf 71' lang='lat' dir='ltr'><strong>Die.)</strong></span> <span class='ocrx_word' id='word_1_17' title='bbox 2494 522 2657 591; x_wconf 90' lang='lat' dir='ltr'><strong>Quod</strong></span> <span class='ocrx_word' id='word_1_18' title='bbox 2690 522 2772 580; x_wconf 89' lang='lat' dir='ltr'>illi</span> <span class='ocrx_word' id='word_1_19' title='bbox 2804 529 3140 598; x_wconf 82' lang='lat' dir='ltr'><strong>renuentes,</strong></span> <span class='ocrx_word' id='word_1_20' title='bbox 3164 539 3270 598; x_wconf 89' lang='lat' dir='ltr'><strong>pro</strong></span> <span class='ocrx_word' id='word_1_21' title='bbox 3298 524 3546 585; x_wconf 85' lang='lat' dir='ltr'><strong>Rodulfo</strong></span> <span class='ocrx_word' id='word_1_22' title='bbox 3574 525 3677 582; x_wconf 85' lang='lat' dir='ltr'><strong>Ri-</strong></span> 
     </span>
    </p>
   </div>
   <div class='ocr_carea' id='block_1_5' title="bbox 271 617 1909 690">
    <p class='ocr_par' dir='ltr' id='par_1_5' title="bbox 271 617 1909 690">
     <span class='ocr_line' id='line_1_5' title="bbox 271 617 1909 690; baseline 0 -19"><span class='ocrx_word' id='word_1_23' title='bbox 271 618 540 690; x_wconf 69' lang='lat' dir='ltr'><strong>praesedlt</strong></span> <span class='ocrx_word' id='word_1_24' title='bbox 568 618 851 674; x_wconf 86' lang='lat' dir='ltr'><strong>Heriveus</strong></span> <span class='ocrx_word' id='word_1_25' title='bbox 876 620 1182 675; x_wconf 85' lang='lat' dir='ltr'><strong>Remorum</strong></span> <span class='ocrx_word' id='word_1_26' title='bbox 1209 618 1709 690; x_wconf 82' lang='lat' dir='ltr'><strong>archiepiscopus,</strong></span> <span class='ocrx_word' id='word_1_27' title='bbox 1736 617 1830 673; x_wconf 91' lang='lat' dir='ltr'><strong>ubi</strong></span> <span class='ocrx_word' id='word_1_28' title='bbox 1852 622 1909 672; x_wconf 92' lang='lat' dir='ltr'><strong>et</strong></span> 
     </span>
    </p>
   </div>
   <div class='ocr_carea' id='block_1_6' title="bbox 268 705 1913 777">
    <p class='ocr_par' dir='ltr' id='par_1_6' title="bbox 268 705 1913 777">
     <span class='ocr_line' id='line_1_6' title="bbox 268 705 1913 777; baseline 0.001 -15"><span class='ocrx_word' id='word_1_29' title='bbox 268 705 508 763; x_wconf 83' lang='lat' dir='ltr'><strong>Carolus</strong></span> <span class='ocrx_word' id='word_1_30' title='bbox 532 706 830 771; x_wconf 78' lang='lat' dir='ltr'><strong>interfuit;</strong></span> <span class='ocrx_word' id='word_1_31' title='bbox 860 707 954 777; x_wconf 90' lang='lat' dir='ltr'>qui</span> <span class='ocrx_word' id='word_1_32' title='bbox 981 707 1114 762; x_wconf 86' lang='lat' dir='ltr'><strong>inde</strong></span> <span class='ocrx_word' id='word_1_33' title='bbox 1140 706 1443 777; x_wconf 90' lang='lat' dir='ltr'><strong>digressus</strong></span> <span class='ocrx_word' id='word_1_34' title='bbox 1468 708 1523 762; x_wconf 90' lang='lat' dir='ltr'><strong>in</strong></span> <span class='ocrx_word' id='word_1_35' title='bbox 1548 722 1785 776; x_wconf 80' lang='lat' dir='ltr'><strong>regnum</strong></span> <span class='ocrx_word' id='word_1_36' title='bbox 1811 707 1913 763; x_wconf 92' lang='lat' dir='ltr'><strong>Lo-</strong></span> 
     </span>
    </p>
   </div>
   <div class='ocr_carea' id='block_1_7' title="bbox 266 795 1909 866">
    <p class='ocr_par' dir='ltr' id='par_1_7' title="bbox 266 795 1909 866">
     <span class='ocr_line' id='line_1_7' title="bbox 266 795 1909 866; baseline 0.001 -17"><span class='ocrx_word' id='word_1_37' title='bbox 266 795 440 851; x_wconf 90' lang='lat' dir='ltr'><strong>tharii</strong></span> <span class='ocrx_word' id='word_1_38' title='bbox 465 795 627 863; x_wconf 90' lang='lat' dir='ltr'><strong>abiit,</strong></span> <span class='ocrx_word' id='word_1_39' title='bbox 650 800 707 850; x_wconf 91' lang='lat' dir='ltr'><strong>et</strong></span> <span class='ocrx_word' id='word_1_40' title='bbox 736 796 886 851; x_wconf 88' lang='lat' dir='ltr'><strong>facta</strong></span> <span class='ocrx_word' id='word_1_41' title='bbox 914 796 1181 866; x_wconf 81' lang='lat' dir='ltr'><strong>pactione</strong></span> <span class='ocrx_word' id='word_1_42' title='bbox 1203 812 1332 852; x_wconf 93' lang='lat' dir='ltr'><strong>cum</strong></span> <span class='ocrx_word' id='word_1_43' title='bbox 1355 797 1625 851; x_wconf 83' lang='lat' dir='ltr'><strong>Heinrieo</strong></span> <span class='ocrx_word' id='word_1_44' title='bbox 1649 796 1909 866; x_wconf 87' lang='lat' dir='ltr'><strong>principe</strong></span> 
     </span>
    </p>
   </div>
   <div class='ocr_carea' id='block_1_8' title="bbox 264 883 1911 955">
    <p class='ocr_par' dir='ltr' id='par_1_8' title="bbox 264 883 1911 955">
     <span class='ocr_line' id='line_1_8' title="bbox 264 883 1911 955; baseline 0.001 -18"><span class='ocrx_word' id='word_1_45' title='bbox 264 883 674 938; x_wconf 89' lang='lat' dir='ltr'><strong>Transrenensi</strong></span> <span class='ocrx_word' id='word_1_46' title='bbox 700 884 1034 939; x_wconf 87' lang='lat' dir='ltr'><strong>Laudunum</strong></span> <span class='ocrx_word' id='word_1_47' title='bbox 1052 886 1247 954; x_wconf 91' lang='lat' dir='ltr'><strong>rediit,</strong></span> <span class='ocrx_word' id='word_1_48' title='bbox 1268 886 1636 955; x_wconf 76' lang='lat' dir='ltr'><strong>postmodum</strong></span> <span class='ocrx_word' id='word_1_49' title='bbox 1652 899 1789 939; x_wconf 92' lang='lat' dir='ltr'><strong>vero</strong></span> <span class='ocrx_word' id='word_1_50' title='bbox 1816 898 1911 955; x_wconf 90' lang='lat' dir='ltr'><strong>pa-</strong></span> 
     </span>
    </p>
   </div>
   <div class='ocr_carea' id='block_1_9' title="bbox 264 971 1909 1029">
    <p class='ocr_par' dir='ltr' id='par_1_9' title="bbox 264 971 1909 1029">
     <span class='ocr_line' id='line_1_9' title="bbox 264 971 1909 1029; baseline 0.001 -3"><span class='ocrx_word' id='word_1_51' title='bbox 264 986 387 1027; x_wconf 91' lang='lat' dir='ltr'><strong>cem</strong></span> <span class='ocrx_word' id='word_1_52' title='bbox 413 986 539 1027; x_wconf 92' lang='lat' dir='ltr'><strong>cum</strong></span> <span class='ocrx_word' id='word_1_53' title='bbox 563 986 631 1027; x_wconf 92' lang='lat' dir='ltr'><strong>eo</strong></span> <span class='ocrx_word' id='word_1_54' title='bbox 657 971 927 1028; x_wconf 84' lang='lat' dir='ltr'><strong>ﬁrmavit.</strong></span> <span class='ocrx_word' id='word_1_55' title='bbox 952 974 1260 1029; x_wconf 86' lang='lat' dir='ltr'><strong>Normanni</strong></span> <span class='ocrx_word' id='word_1_56' title='bbox 1287 974 1455 1029; x_wconf 87' lang='lat' dir='ltr'><strong>fidem</strong></span> <span class='ocrx_word' id='word_1_57' title='bbox 1482 973 1693 1029; x_wconf 89' lang='lat' dir='ltr'><strong>Christi</strong></span> <span class='ocrx_word' id='word_1_58' title='bbox 1718 986 1909 1028; x_wconf 87' lang='lat' dir='ltr'><strong>susce-</strong></span> 
     </span>
    </p>
   </div>
   <div class='ocr_carea' id='block_1_10' title="bbox 266 1062 1906 1132">
    <p class='ocr_par' dir='ltr' id='par_1_10' title="bbox 266 1062 1906 1132">
     <span class='ocr_line' id='line_1_10' title="bbox 266 1062 1906 1132; baseline -0.001 -16"><span class='ocrx_word' id='word_1_59' title='bbox 266 1066 477 1132; x_wconf 92' lang='lat' dir='ltr'><strong>perunt</strong></span> <span class='ocrx_word' id='word_1_60' title='bbox 524 1065 772 1130; x_wconf 82' lang='lat' dir='ltr'><strong>cogente</strong></span> <span class='ocrx_word' id='word_1_61' title='bbox 819 1062 1077 1117; x_wconf 85' lang='lat' dir='ltr'><strong>Roherto</strong></span> <span class='ocrx_word' id='word_1_62' title='bbox 1124 1063 1367 1127; x_wconf 85' lang='lat' dir='ltr'><strong>comite;</strong></span> <span class='ocrx_word' id='word_1_63' title='bbox 1404 1062 1511 1117; x_wconf 92' lang='lat' dir='ltr'><strong>hoc</strong></span> <span class='ocrx_word' id='word_1_64' title='bbox 1548 1062 1723 1117; x_wconf 89' lang='lat' dir='ltr'><strong>etiam</strong></span> <span class='ocrx_word' id='word_1_65' title='bbox 1757 1074 1906 1116; x_wconf 91' lang='lat' dir='ltr'><strong>anno</strong></span> 
     </span>
    </p>
   </div>
   <div class='ocr_carea' id='block_1_11' title="bbox 264 1148 1164 1218">
    <p class='ocr_par' dir='ltr' id='par_1_11' title="bbox 264 1148 1164 1218">
     <span class='ocr_line' id='line_1_11' title="bbox 264 1148 1164 1218; baseline 0.002 -14"><span class='ocrx_word' id='word_1_66' title='bbox 264 1148 586 1205; x_wconf 89' lang='lat' dir='ltr'><strong>Richardus</strong></span> <span class='ocrx_word' id='word_1_67' title='bbox 608 1148 967 1218; x_wconf 89' lang='lat' dir='ltr'><strong>justitiarius</strong></span> <span class='ocrx_word' id='word_1_68' title='bbox 997 1151 1164 1207; x_wconf 91' lang='lat' dir='ltr'><strong>obiit.</strong></span> 
     </span>
    </p>
   </div>
   <div class='ocr_carea' id='block_1_12' title="bbox 336 1236 1905 1309">
    <p class='ocr_par' dir='ltr' id='par_1_12' title="bbox 336 1236 1905 1309">
     <span class='ocr_line' id='line_1_12' title="bbox 336 1236 1905 1309; baseline -0.001 -16"><span class='ocrx_word' id='word_1_69' title='bbox 336 1236 552 1309; x_wconf 82' lang='lat' dir='ltr'><strong>[FLon.]</strong></span> <span class='ocrx_word' id='word_1_70' title='bbox 602 1240 764 1293; x_wconf 88' lang='lat' dir='ltr'><strong>Anno</strong></span> <span class='ocrx_word' id='word_1_71' title='bbox 814 1239 1078 1308; x_wconf 84' lang='lat' dir='ltr'><strong>sequenti</strong></span> <span class='ocrx_word' id='word_1_72' title='bbox 1132 1253 1370 1307; x_wconf 84' lang='lat' dir='ltr'><strong>regnum</strong></span> <span class='ocrx_word' id='word_1_73' title='bbox 1412 1238 1786 1293; x_wconf 90' lang='lat' dir='ltr'><strong>Lothariense</strong></span> <span class='ocrx_word' id='word_1_74' title='bbox 1832 1236 1905 1291; x_wconf 91' lang='lat' dir='ltr'><strong>ob</strong></span> 
     </span>
    </p>
   </div>
   <div class='ocr_carea' id='block_1_13' title="bbox 260 1325 1907 1397">
    <p class='ocr_par' dir='ltr' id='par_1_13' title="bbox 260 1325 1907 1397">
     <span class='ocr_line' id='line_1_13' title="bbox 260 1325 1907 1397; baseline -0.001 -16"><span class='ocrx_word' id='word_1_75' title='bbox 260 1326 774 1397; x_wconf 90' lang='lat' dir='ltr'><strong>persequutionem</strong></span> <span class='ocrx_word' id='word_1_76' title='bbox 796 1326 1103 1382; x_wconf 88' lang='lat' dir='ltr'><strong>Gisleberti</strong></span> <span class='ocrx_word' id='word_1_77' title='bbox 1125 1331 1181 1382; x_wconf 89' lang='lat' dir='ltr'><strong>et</strong></span> <span class='ocrx_word' id='word_1_78' title='bbox 1208 1327 1442 1382; x_wconf 92' lang='lat' dir='ltr'><strong>Ottonis</strong></span> <span class='ocrx_word' id='word_1_79' title='bbox 1464 1326 1703 1397; x_wconf 80' lang='lat' dir='ltr'><strong>rapinis,</strong></span> <span class='ocrx_word' id='word_1_80' title='bbox 1729 1325 1907 1380; x_wconf 88' lang='lat' dir='ltr'><strong>sacri-</strong></span> 
     </span>
    </p>
   </div>
   <div class='ocr_carea' id='block_1_14' title="bbox 261 1414 1906 1485">
    <p class='ocr_par' dir='ltr' id='par_1_14' title="bbox 261 1414 1906 1485">
     <span class='ocr_line' id='line_1_14' title="bbox 261 1414 1906 1485; baseline 0 -16"><span class='ocrx_word' id='word_1_81' title='bbox 261 1414 452 1485; x_wconf 85' lang='lat' dir='ltr'><strong>legiis,</strong></span> <span class='ocrx_word' id='word_1_82' title='bbox 480 1415 785 1483; x_wconf 89' lang='lat' dir='ltr'><strong>incendiis,</strong></span> <span class='ocrx_word' id='word_1_83' title='bbox 812 1416 988 1470; x_wconf 92' lang='lat' dir='ltr'><strong>etiam</strong></span> <span class='ocrx_word' id='word_1_84' title='bbox 1016 1420 1276 1485; x_wconf 91' lang='lat' dir='ltr'><strong>tempore</strong></span> <span class='ocrx_word' id='word_1_85' title='bbox 1302 1415 1784 1485; x_wconf 64' lang='lat' dir='ltr'><strong>quadragesimae,</strong></span> <span class='ocrx_word' id='word_1_86' title='bbox 1810 1429 1906 1470; x_wconf 89' lang='lat' dir='ltr'><strong>va-</strong></span> 
     </span>
    </p>
   </div>
   <div class='ocr_carea' id='block_1_15' title="bbox 261 1504 1904 1575">
    <p class='ocr_par' dir='ltr' id='par_1_15' title="bbox 261 1504 1904 1575">
     <span class='ocr_line' id='line_1_15' title="bbox 261 1504 1904 1575; baseline -0.001 -16"><span class='ocrx_word' id='word_1_87' title='bbox 261 1508 469 1559; x_wconf 88' lang='lat' dir='ltr'><strong>statur.</strong></span> <span class='ocrx_word' id='word_1_88' title='bbox 533 1504 859 1573; x_wconf 88' lang='lat' dir='ltr'><strong>Richarius,</strong></span> <span class='ocrx_word' id='word_1_89' title='bbox 915 1504 1010 1573; x_wconf 87' lang='lat' dir='ltr'><strong>qui</strong></span> <span class='ocrx_word' id='word_1_90' title='bbox 1062 1505 1296 1559; x_wconf 85' lang='lat' dir='ltr'><strong>Romam</strong></span> <span class='ocrx_word' id='word_1_91' title='bbox 1356 1505 1657 1575; x_wconf 87' lang='lat' dir='ltr'><strong>profectus</strong></span> <span class='ocrx_word' id='word_1_92' title='bbox 1714 1505 1904 1558; x_wconf 84' lang='lat' dir='ltr'><strong>fuerat</strong></span> 
     </span>
    </p>
   </div>
   <div class='ocr_carea' id='block_1_16' title="bbox 264 1591 1904 1663">
    <p class='ocr_par' dir='ltr' id='par_1_16' title="bbox 264 1591 1904 1663">
     <span class='ocr_line' id='line_1_16' title="bbox 264 1591 1904 1663; baseline -0.001 -17"><span class='ocrx_word' id='word_1_93' title='bbox 264 1597 506 1663; x_wconf 87' lang='lat' dir='ltr'><strong>propter</strong></span> <span class='ocrx_word' id='word_1_94' title='bbox 537 1592 896 1663; x_wconf 87' lang='lat' dir='ltr'><strong>episcopium</strong></span> <span class='ocrx_word' id='word_1_95' title='bbox 938 1594 1290 1661; x_wconf 88' lang='lat' dir='ltr'><strong>Tungrense,</strong></span> <span class='ocrx_word' id='word_1_96' title='bbox 1326 1607 1601 1648; x_wconf 85' lang='lat' dir='ltr'><strong>reversus</strong></span> <span class='ocrx_word' id='word_1_97' title='bbox 1632 1595 1717 1647; x_wconf 89' lang='lat' dir='ltr'><strong>est</strong></span> <span class='ocrx_word' id='word_1_98' title='bbox 1750 1591 1904 1647; x_wconf 87' lang='lat' dir='ltr'><strong>ordi-</strong></span> 
     </span>
    </p>
   </div>
   <div class='ocr_carea' id='block_1_17' title="bbox 262 1679 1902 1751">
    <p class='ocr_par' dir='ltr' id='par_1_17' title="bbox 262 1679 1902 1751">
     <span class='ocr_line' id='line_1_17' title="bbox 262 1679 1902 1751; baseline 0 -18"><span class='ocrx_word' id='word_1_99' title='bbox 262 1683 434 1735; x_wconf 89' lang='lat' dir='ltr'><strong>natus</strong></span> <span class='ocrx_word' id='word_1_100' title='bbox 466 1693 495 1733; x_wconf 92' lang='lat' dir='ltr'><strong>a</strong></span> <span class='ocrx_word' id='word_1_101' title='bbox 522 1679 781 1735; x_wconf 89' lang='lat' dir='ltr'><strong>Johanne</strong></span> <span class='ocrx_word' id='word_1_102' title='bbox 831 1694 978 1751; x_wconf 92' lang='lat' dir='ltr'><strong>papa</strong></span> <span class='ocrx_word' id='word_1_103' title='bbox 1020 1681 1088 1734; x_wconf 79' lang='lat' dir='ltr'><strong>IX</strong></span> <span class='ocrx_word' id='word_1_104' title='bbox 1122 1680 1454 1751; x_wconf 90' lang='lat' dir='ltr'><strong>episcopus,</strong></span> <span class='ocrx_word' id='word_1_105' title='bbox 1510 1679 1782 1735; x_wconf 89' lang='lat' dir='ltr'><strong>IIilduino</strong></span> <span class='ocrx_word' id='word_1_106' title='bbox 1831 1679 1902 1733; x_wconf 93' lang='lat' dir='ltr'><strong>ab</strong></span> 
     </span>
    </p>
   </div>
   <div class='ocr_carea' id='block_1_18' title="bbox 261 1767 1903 1839">
    <p class='ocr_par' dir='ltr' id='par_1_18' title="bbox 261 1767 1903 1839">
     <span class='ocr_line' id='line_1_18' title="bbox 261 1767 1903 1839; baseline 0 -18"><span class='ocrx_word' id='word_1_107' title='bbox 261 1767 389 1837; x_wconf 93' lang='lat' dir='ltr'><strong>ipso</strong></span> <span class='ocrx_word' id='word_1_108' title='bbox 423 1781 568 1839; x_wconf 89' lang='lat' dir='ltr'><strong>papa</strong></span> <span class='ocrx_word' id='word_1_109' title='bbox 600 1768 1120 1823; x_wconf 87' lang='lat' dir='ltr'><strong>excommunicato.</strong></span> <span class='ocrx_word' id='word_1_110' title='bbox 1148 1770 1338 1837; x_wconf 87' lang='lat' dir='ltr'><strong>Drogo</strong></span> <span class='ocrx_word' id='word_1_111' title='bbox 1359 1767 1648 1824; x_wconf 88' lang='lat' dir='ltr'><strong>Tullensis</strong></span> <span class='ocrx_word' id='word_1_112' title='bbox 1680 1768 1903 1838; x_wconf 92' lang='lat' dir='ltr'><strong>episco-</strong></span> 
     </span>
    </p>
   </div>
   <div class='ocr_carea' id='block_1_19' title="bbox 2025 614 3669 686">
    <p class='ocr_par' dir='ltr' id='par_1_19' title="bbox 2025 614 3669 686">
     <span class='ocr_line' id='line_1_19' title="bbox 2025 614 3669 686; baseline 0 -15"><span class='ocrx_word' id='word_1_113' title='bbox 2025 616 2229 671; x_wconf 90' lang='lat' dir='ltr'><strong>chardi</strong></span> <span class='ocrx_word' id='word_1_114' title='bbox 2248 614 2555 685; x_wconf 87' lang='lat' dir='ltr'><strong>justitiarii</strong></span> <span class='ocrx_word' id='word_1_115' title='bbox 2574 615 2691 670; x_wconf 85' lang='lat' dir='ltr'><strong>filio</strong></span> <span class='ocrx_word' id='word_1_116' title='bbox 2706 614 2761 671; x_wconf 91' lang='lat' dir='ltr'><strong>in</strong></span> <span class='ocrx_word' id='word_1_117' title='bbox 2777 616 3167 686; x_wconf 89' lang='lat' dir='ltr'><strong>Burgundiam</strong></span> <span class='ocrx_word' id='word_1_118' title='bbox 3189 616 3669 680; x_wconf 88' lang='lat' dir='ltr'><strong>transmiserunt,</strong></span> 
     </span>
    </p>
   </div>
   <div class='ocr_carea' id='block_1_20' title="bbox 2026 703 3668 775">
    <p class='ocr_par' dir='ltr' id='par_1_20' title="bbox 2026 703 3668 775">
     <span class='ocr_line' id='line_1_20' title="bbox 2026 703 3668 775; baseline -0.001 -15"><span class='ocrx_word' id='word_1_119' title='bbox 2026 704 2120 774; x_wconf 89' lang='lat' dir='ltr'><strong>qui</strong></span> <span class='ocrx_word' id='word_1_120' title='bbox 2155 718 2333 775; x_wconf 86' lang='lat' dir='ltr'><strong>ocyus</strong></span> <span class='ocrx_word' id='word_1_121' title='bbox 2362 718 2491 759; x_wconf 92' lang='lat' dir='ltr'><strong>cum</strong></span> <span class='ocrx_word' id='word_1_122' title='bbox 2535 703 2714 760; x_wconf 89' lang='lat' dir='ltr'><strong>multa</strong></span> <span class='ocrx_word' id='word_1_123' title='bbox 2755 719 2995 761; x_wconf 88' lang='lat' dir='ltr'><strong>suorum</strong></span> <span class='ocrx_word' id='word_1_124' title='bbox 3039 720 3209 759; x_wconf 90' lang='lat' dir='ltr'><strong>manu</strong></span> <span class='ocrx_word' id='word_1_125' title='bbox 3239 703 3356 761; x_wconf 89' lang='lat' dir='ltr'><strong>illis</strong></span> <span class='ocrx_word' id='word_1_126' title='bbox 3385 704 3668 774; x_wconf 91' lang='lat' dir='ltr'><strong>occurrit,</strong></span> 
     </span>
    </p>
   </div>
   <div class='ocr_carea' id='block_1_21' title="bbox 2021 792 3674 863">
    <p class='ocr_par' dir='ltr' id='par_1_21' title="bbox 2021 792 3674 863">
     <span class='ocr_line' id='line_1_21' title="bbox 2021 792 3674 863; baseline 0.001 -16"><span class='ocrx_word' id='word_1_127' title='bbox 2021 797 2077 847; x_wconf 91' lang='lat' dir='ltr'><strong>et</strong></span> <span class='ocrx_word' id='word_1_128' title='bbox 2107 792 2316 847; x_wconf 90' lang='lat' dir='ltr'><strong>Carolo</strong></span> <span class='ocrx_word' id='word_1_129' title='bbox 2336 797 2501 847; x_wconf 89' lang='lat' dir='ltr'><strong>trans</strong></span> <span class='ocrx_word' id='word_1_130' title='bbox 2525 793 2734 848; x_wconf 89' lang='lat' dir='ltr'><strong>Mosam</strong></span> <span class='ocrx_word' id='word_1_131' title='bbox 2760 792 3105 861; x_wconf 89' lang='lat' dir='ltr'><strong>refugiente,</strong></span> <span class='ocrx_word' id='word_1_132' title='bbox 3134 793 3257 863; x_wconf 91' lang='lat' dir='ltr'><strong>ipse</strong></span> <span class='ocrx_word' id='word_1_133' title='bbox 3281 806 3383 847; x_wconf 91' lang='lat' dir='ltr'><strong>rex</strong></span> <span class='ocrx_word' id='word_1_134' title='bbox 3402 792 3555 863; x_wconf 91' lang='lat' dir='ltr'><strong>apud</strong></span> <span class='ocrx_word' id='word_1_135' title='bbox 3575 807 3674 848; x_wconf 88' lang='lat' dir='ltr'><strong>ur-</strong></span> 
     </span>
    </p>
   </div>
   <div class='ocr_carea' id='block_1_22' title="bbox 2023 879 3671 951">
    <p class='ocr_par' dir='ltr' id='par_1_22' title="bbox 2023 879 3671 951">
     <span class='ocr_line' id='line_1_22' title="bbox 2023 879 3671 951; baseline 0 -16"><span class='ocrx_word' id='word_1_136' title='bbox 2023 881 2149 935; x_wconf 88' lang='lat' dir='ltr'><strong>bem</strong></span> <span class='ocrx_word' id='word_1_137' title='bbox 2194 879 2623 936; x_wconf 90' lang='lat' dir='ltr'><strong>Suessionicam</strong></span> <span class='ocrx_word' id='word_1_138' title='bbox 2667 881 3031 936; x_wconf 90' lang='lat' dir='ltr'><strong>constitutus</strong></span> <span class='ocrx_word' id='word_1_139' title='bbox 3069 885 3179 951; x_wconf 91' lang='lat' dir='ltr'><strong>est,</strong></span> <span class='ocrx_word' id='word_1_140' title='bbox 3215 886 3272 936; x_wconf 92' lang='lat' dir='ltr'><strong>et</strong></span> <span class='ocrx_word' id='word_1_141' title='bbox 3306 882 3455 937; x_wconf 90' lang='lat' dir='ltr'><strong>Boso</strong></span> <span class='ocrx_word' id='word_1_142' title='bbox 3485 882 3671 937; x_wconf 81' lang='lat' dir='ltr'><strong>frater</strong></span> 
     </span>
    </p>
   </div>
   <div class='ocr_carea' id='block_1_23' title="bbox 2019 968 3671 1041">
    <p class='ocr_par' dir='ltr' id='par_1_23' title="bbox 2019 968 3671 1041">
     <span class='ocr_line' id='line_1_23' title="bbox 2019 968 3671 1041; baseline 0.001 -18"><span class='ocrx_word' id='word_1_143' title='bbox 2019 969 2145 1038; x_wconf 89' lang='lat' dir='ltr'><strong>ejus</strong></span> <span class='ocrx_word' id='word_1_144' title='bbox 2170 983 2271 1024; x_wconf 90' lang='lat' dir='ltr'><strong>rex</strong></span> <span class='ocrx_word' id='word_1_145' title='bbox 2295 968 2496 1024; x_wconf 65' lang='lat' dir='ltr'><strong>Galliae</strong></span> <span class='ocrx_word' id='word_1_146' title='bbox 2520 969 2846 1041; x_wconf 89' lang='lat' dir='ltr'><strong>superioris</strong></span> <span class='ocrx_word' id='word_1_147' title='bbox 2875 984 3003 1039; x_wconf 66' lang='lat' dir='ltr'><strong>quae</strong></span> <span class='ocrx_word' id='word_1_148' title='bbox 3038 971 3271 1024; x_wconf 90' lang='lat' dir='ltr'><strong>Comata</strong></span> <span class='ocrx_word' id='word_1_149' title='bbox 3295 970 3511 1026; x_wconf 89' lang='lat' dir='ltr'><strong>dicitur</strong></span> <span class='ocrx_word' id='word_1_150' title='bbox 3530 984 3671 1027; x_wconf 89' lang='lat' dir='ltr'><strong>con-</strong></span> 
     </span>
    </p>
   </div>
   <div class='ocr_carea' id='block_1_24' title="bbox 2019 1057 3668 1129">
    <p class='ocr_par' dir='ltr' id='par_1_24' title="bbox 2019 1057 3668 1129">
     <span class='ocr_line' id='line_1_24' title="bbox 2019 1057 3668 1129; baseline 0.002 -18"><span class='ocrx_word' id='word_1_151' title='bbox 2019 1057 2267 1113; x_wconf 90' lang='lat' dir='ltr'><strong>stitutus</strong></span> <span class='ocrx_word' id='word_1_152' title='bbox 2297 1063 2409 1127; x_wconf 90' lang='lat' dir='ltr'><strong>est,</strong></span> <span class='ocrx_word' id='word_1_153' title='bbox 2449 1057 2505 1112; x_wconf 91' lang='lat' dir='ltr'><strong>id</strong></span> <span class='ocrx_word' id='word_1_154' title='bbox 2535 1064 2627 1113; x_wconf 92' lang='lat' dir='ltr'><strong>est</strong></span> <span class='ocrx_word' id='word_1_155' title='bbox 2658 1058 3006 1127; x_wconf 67' lang='lat' dir='ltr'><strong>Burgundiae</strong></span> <span class='ocrx_word' id='word_1_156' title='bbox 3040 1058 3385 1128; x_wconf 88' lang='lat' dir='ltr'><strong>superioris,</strong></span> <span class='ocrx_word' id='word_1_157' title='bbox 3411 1064 3469 1115; x_wconf 92' lang='lat' dir='ltr'><strong>et</strong></span> <span class='ocrx_word' id='word_1_158' title='bbox 3499 1059 3668 1129; x_wconf 86' lang='lat' dir='ltr'><strong>Hugo</strong></span> 
     </span>
    </p>
   </div>
   <div class='ocr_carea' id='block_1_25' title="bbox 2018 1140 3668 1215">
    <p class='ocr_par' dir='ltr' id='par_1_25' title="bbox 2018 1140 3668 1215">
     <span class='ocr_line' id='line_1_25' title="bbox 2018 1140 3668 1215; baseline 0.003 -17"><span class='ocrx_word' id='word_1_159' title='bbox 2018 1140 2222 1215; x_wconf 89' lang='lat' dir='ltr'><strong>Capito</strong></span> <span class='ocrx_word' id='word_1_160' title='bbox 2256 1144 2373 1201; x_wconf 85' lang='lat' dir='ltr'><strong>dux</strong></span> <span class='ocrx_word' id='word_1_161' title='bbox 2415 1146 2762 1215; x_wconf 76' lang='lat' dir='ltr'><strong>Burgundiae</strong></span> <span class='ocrx_word' id='word_1_162' title='bbox 2796 1146 3113 1201; x_wconf 90' lang='lat' dir='ltr'><strong>inferioris.</strong></span> <span class='ocrx_word' id='word_1_163' title='bbox 3150 1146 3299 1201; x_wconf 91' lang='lat' dir='ltr'><strong>Socii</strong></span> <span class='ocrx_word' id='word_1_164' title='bbox 3332 1161 3470 1202; x_wconf 92' lang='lat' dir='ltr'><strong>vero</strong></span> <span class='ocrx_word' id='word_1_165' title='bbox 3504 1147 3668 1204; x_wconf 87' lang='lat' dir='ltr'><strong>defe-</strong></span> 
     </span>
    </p>
   </div>
   <div class='ocr_carea' id='block_1_26' title="bbox 2016 1232 3666 1306">
    <p class='ocr_par' dir='ltr' id='par_1_26' title="bbox 2016 1232 3666 1306">
     <span class='ocr_line' id='line_1_26' title="bbox 2016 1232 3666 1306; baseline 0.002 -19"><span class='ocrx_word' id='word_1_166' title='bbox 2016 1232 2226 1288; x_wconf 89' lang='lat' dir='ltr'><strong>ctionis</strong></span> <span class='ocrx_word' id='word_1_167' title='bbox 2252 1233 2494 1289; x_wconf 91' lang='lat' dir='ltr'><strong>interitu</strong></span> <span class='ocrx_word' id='word_1_168' title='bbox 2518 1234 2759 1289; x_wconf 88' lang='lat' dir='ltr'><strong>Roberti</strong></span> <span class='ocrx_word' id='word_1_169' title='bbox 2783 1248 3147 1305; x_wconf 88' lang='lat' dir='ltr'><strong>nequaquam</strong></span> <span class='ocrx_word' id='word_1_170' title='bbox 3174 1234 3390 1305; x_wconf 89' lang='lat' dir='ltr'><strong>territi,</strong></span> <span class='ocrx_word' id='word_1_171' title='bbox 3408 1234 3666 1306; x_wconf 69' lang='lat' dir='ltr'><strong>perﬁdiae</strong></span> 
     </span>
    </p>
   </div>
   <div class='ocr_carea' id='block_1_27' title="bbox 2016 1322 3671 1395">
    <p class='ocr_par' dir='ltr' id='par_1_27' title="bbox 2016 1322 3671 1395">
     <span class='ocr_line' id='line_1_27' title="bbox 2016 1322 3671 1395; baseline 0.002 -19"><span class='ocrx_word' id='word_1_172' title='bbox 2016 1335 2135 1377; x_wconf 61' lang='lat' dir='ltr'><strong>suae</strong></span> <span class='ocrx_word' id='word_1_173' title='bbox 2156 1337 2269 1377; x_wconf 91' lang='lat' dir='ltr'><strong>non</strong></span> <span class='ocrx_word' id='word_1_174' title='bbox 2298 1323 2612 1379; x_wconf 90' lang='lat' dir='ltr'><strong>deseruere</strong></span> <span class='ocrx_word' id='word_1_175' title='bbox 2633 1322 3081 1391; x_wconf 84' lang='lat' dir='ltr'><strong>contumaciam,</strong></span> <span class='ocrx_word' id='word_1_176' title='bbox 3109 1338 3280 1393; x_wconf 90' lang='lat' dir='ltr'><strong>quam</strong></span> <span class='ocrx_word' id='word_1_177' title='bbox 3304 1323 3502 1395; x_wconf 90' lang='lat' dir='ltr'><strong>potius</strong></span> <span class='ocrx_word' id='word_1_178' title='bbox 3524 1325 3671 1380; x_wconf 87' lang='lat' dir='ltr'><strong>Her-</strong></span> 
     </span>
    </p>
   </div>
   <div class='ocr_carea' id='block_1_28' title="bbox 2017 1411 3663 1469">
    <p class='ocr_par' dir='ltr' id='par_1_28' title="bbox 2017 1411 3663 1469">
     <span class='ocr_line' id='line_1_28' title="bbox 2017 1411 3663 1469; baseline 0.002 -3"><span class='ocrx_word' id='word_1_179' title='bbox 2017 1413 2219 1466; x_wconf 90' lang='lat' dir='ltr'><strong>bertus</strong></span> <span class='ocrx_word' id='word_1_180' title='bbox 2271 1411 2506 1467; x_wconf 89' lang='lat' dir='ltr'><strong>infando</strong></span> <span class='ocrx_word' id='word_1_181' title='bbox 2539 1412 2762 1468; x_wconf 90' lang='lat' dir='ltr'><strong>scelere</strong></span> <span class='ocrx_word' id='word_1_182' title='bbox 2797 1411 3133 1467; x_wconf 89' lang='lat' dir='ltr'><strong>traditionis</strong></span> <span class='ocrx_word' id='word_1_183' title='bbox 3163 1412 3457 1468; x_wconf 89' lang='lat' dir='ltr'><strong>dominum</strong></span> <span class='ocrx_word' id='word_1_184' title='bbox 3489 1427 3663 1469; x_wconf 88' lang='lat' dir='ltr'><strong>suum</strong></span> 
     </span>
    </p>
   </div>
   <div class='ocr_carea' id='block_1_29' title="bbox 2017 1500 3663 1573">
    <p class='ocr_par' dir='ltr' id='par_1_29' title="bbox 2017 1500 3663 1573">
     <span class='ocr_line' id='line_1_29' title="bbox 2017 1500 3663 1573; baseline 0.002 -20"><span class='ocrx_word' id='word_1_185' title='bbox 2017 1513 2329 1570; x_wconf 85' lang='lat' dir='ltr'><strong>regemque</strong></span> <span class='ocrx_word' id='word_1_186' title='bbox 2380 1500 2565 1555; x_wconf 90' lang='lat' dir='ltr'><strong>totius</strong></span> <span class='ocrx_word' id='word_1_187' title='bbox 2617 1500 2871 1555; x_wconf 68' lang='lat' dir='ltr'><strong>Francia:</strong></span> <span class='ocrx_word' id='word_1_188' title='bbox 2925 1500 3191 1555; x_wconf 90' lang='lat' dir='ltr'><strong>Carolum</strong></span> <span class='ocrx_word' id='word_1_189' title='bbox 3243 1500 3378 1556; x_wconf 90' lang='lat' dir='ltr'><strong>dolo</strong></span> <span class='ocrx_word' id='word_1_190' title='bbox 3425 1504 3663 1573; x_wconf 88' lang='lat' dir='ltr'><strong>captum</strong></span> 
     </span>
    </p>
   </div>
   <div class='ocr_carea' id='block_1_30' title="bbox 2014 1584 3664 1658">
    <p class='ocr_par' dir='ltr' id='par_1_30' title="bbox 2014 1584 3664 1658">
     <span class='ocr_line' id='line_1_30' title="bbox 2014 1584 3664 1658; baseline 0.002 -16"><span class='ocrx_word' id='word_1_191' title='bbox 2014 1584 2381 1657; x_wconf 79' lang='lat' dir='ltr'><strong>vinculisque</strong></span> <span class='ocrx_word' id='word_1_192' title='bbox 2427 1588 2739 1658; x_wconf 86' lang='lat' dir='ltr'><strong>irretitum,</strong></span> <span class='ocrx_word' id='word_1_193' title='bbox 2792 1590 3106 1644; x_wconf 88' lang='lat' dir='ltr'><strong>Parronam</strong></span> <span class='ocrx_word' id='word_1_194' title='bbox 3150 1588 3316 1644; x_wconf 90' lang='lat' dir='ltr'><strong>duxit</strong></span> <span class='ocrx_word' id='word_1_195' title='bbox 3346 1590 3664 1646; x_wconf 89' lang='lat' dir='ltr'><strong>tenebroso</strong></span> 
     </span>
    </p>
   </div>
   <div class='ocr_carea' id='block_1_31' title="bbox 2014 1676 3665 1748">
    <p class='ocr_par' dir='ltr' id='par_1_31' title="bbox 2014 1676 3665 1748">
     <span class='ocr_line' id='line_1_31' title="bbox 2014 1676 3665 1748; baseline 0.002 -17"><span class='ocrx_word' id='word_1_196' title='bbox 2014 1677 2268 1732; x_wconf 91' lang='lat' dir='ltr'><strong>carceris</strong></span> <span class='ocrx_word' id='word_1_197' title='bbox 2299 1676 2593 1732; x_wconf 92' lang='lat' dir='ltr'><strong>domicilio</strong></span> <span class='ocrx_word' id='word_1_198' title='bbox 2626 1676 3064 1732; x_wconf 89' lang='lat' dir='ltr'><strong>recludendum.</strong></span> <span class='ocrx_word' id='word_1_199' title='bbox 3097 1678 3166 1732; x_wconf 90' lang='lat' dir='ltr'><strong>Et</strong></span> <span class='ocrx_word' id='word_1_200' title='bbox 3196 1677 3328 1747; x_wconf 89' lang='lat' dir='ltr'><strong>quia</strong></span> <span class='ocrx_word' id='word_1_201' title='bbox 3352 1678 3512 1748; x_wconf 85' lang='lat' dir='ltr'><strong>regni</strong></span> <span class='ocrx_word' id='word_1_202' title='bbox 3545 1683 3665 1734; x_wconf 89' lang='lat' dir='ltr'><strong>sta-</strong></span> 
     </span>
    </p>
   </div>
   <div class='ocr_carea' id='block_1_32' title="bbox 2017 1764 3665 1836">
    <p class='ocr_par' dir='ltr' id='par_1_32' title="bbox 2017 1764 3665 1836">
     <span class='ocr_line' id='line_1_32' title="bbox 2017 1764 3665 1836; baseline 0.002 -18"><span class='ocrx_word' id='word_1_203' title='bbox 2017 1768 2116 1819; x_wconf 89' lang='lat' dir='ltr'><strong>tus</strong></span> <span class='ocrx_word' id='word_1_204' title='bbox 2168 1765 2293 1820; x_wconf 89' lang='lat' dir='ltr'><strong>sine</strong></span> <span class='ocrx_word' id='word_1_205' title='bbox 2343 1764 2605 1835; x_wconf 90' lang='lat' dir='ltr'><strong>principe</strong></span> <span class='ocrx_word' id='word_1_206' title='bbox 2654 1766 2937 1834; x_wconf 88' lang='lat' dir='ltr'><strong>agebatur</strong></span> <span class='ocrx_word' id='word_1_207' title='bbox 2970 1764 3025 1819; x_wconf 91' lang='lat' dir='ltr'><strong>in</strong></span> <span class='ocrx_word' id='word_1_208' title='bbox 3058 1764 3366 1836; x_wconf 89' lang='lat' dir='ltr'><strong>incertum,</strong></span> <span class='ocrx_word' id='word_1_209' title='bbox 3418 1767 3665 1823; x_wconf 82' lang='lat' dir='ltr'><strong>maxime</strong></span> 
     </span>
    </p>
   </div>
   <div class='ocr_carea' id='block_1_33' title="bbox 260 1852 3666 1936">
    <p class='ocr_par' dir='ltr' id='par_1_33' title="bbox 260 1852 3666 1936">
     <span class='ocr_line' id='line_1_33' title="bbox 260 1852 3666 1936; baseline 0 -25"><span class='ocrx_word' id='word_1_210' title='bbox 260 1870 372 1926; x_wconf 91' lang='lat' dir='ltr'><strong>pus</strong></span> <span class='ocrx_word' id='word_1_211' title='bbox 400 1855 575 1922; x_wconf 90' lang='lat' dir='ltr'><strong>obiit;</strong></span> <span class='ocrx_word' id='word_1_212' title='bbox 610 1855 921 1911; x_wconf 89' lang='lat' dir='ltr'><strong>Gauzlinus</strong></span> <span class='ocrx_word' id='word_1_213' title='bbox 946 1856 1257 1925; x_wconf 89' lang='lat' dir='ltr'><strong>successit,</strong></span> <span class='ocrx_word' id='word_1_214' title='bbox 1281 1856 1375 1925; x_wconf 93' lang='lat' dir='ltr'><strong>qui</strong></span> <span class='ocrx_word' id='word_1_215' title='bbox 1402 1856 1572 1911; x_wconf 89' lang='lat' dir='ltr'><strong>etiam</strong></span> <span class='ocrx_word' id='word_1_216' title='bbox 1598 1855 1903 1911; x_wconf 90' lang='lat' dir='ltr'><strong>ordinatus</strong></span> <span class='ocrx_word' id='word_1_217' title='bbox 1931 1875 1987 1936; x_wconf 83' lang='grc' dir='ltr'>Β</span> <span class='ocrx_word' id='word_1_218' title='bbox 2017 1867 2147 1908; x_wconf 90' lang='lat' dir='ltr'><strong>cum</strong></span> <span class='ocrx_word' id='word_1_219' title='bbox 2181 1854 2404 1923; x_wconf 84' lang='lat' dir='ltr'><strong>Hugoni</strong></span> <span class='ocrx_word' id='word_1_220' title='bbox 2447 1854 2686 1910; x_wconf 83' lang='lat' dir='ltr'><strong>Roberti</strong></span> <span class='ocrx_word' id='word_1_221' title='bbox 2732 1852 2867 1923; x_wconf 84' lang='lat' dir='ltr'><strong>filio,</strong></span> <span class='ocrx_word' id='word_1_222' title='bbox 2902 1854 2998 1924; x_wconf 89' lang='lat' dir='ltr'><strong>qui</strong></span> <span class='ocrx_word' id='word_1_223' title='bbox 3033 1858 3163 1925; x_wconf 89' lang='lat' dir='ltr'><strong>post</strong></span> <span class='ocrx_word' id='word_1_224' title='bbox 3200 1855 3400 1926; x_wconf 89' lang='lat' dir='ltr'><strong>probis</strong></span> <span class='ocrx_word' id='word_1_225' title='bbox 3431 1856 3666 1911; x_wconf 88' lang='lat' dir='ltr'><strong>actibus</strong></span> 
     </span>
    </p>
   </div>
   <div class='ocr_carea' id='block_1_34' title="bbox 259 1943 1905 2015">
    <p class='ocr_par' dir='ltr' id='par_1_34' title="bbox 259 1943 1905 2015">
     <span class='ocr_line' id='line_1_34' title="bbox 259 1943 1905 2015; baseline -0.001 -16"><span class='ocrx_word' id='word_1_226' title='bbox 259 1947 349 1999; x_wconf 90' lang='lat' dir='ltr'><strong>est</strong></span> <span class='ocrx_word' id='word_1_227' title='bbox 372 1947 437 1998; x_wconf 87' lang='lat'><strong>16</strong></span> <span class='ocrx_word' id='word_1_228' title='bbox 460 1943 581 2000; x_wconf 84' lang='lat' dir='ltr'><strong>Kal.</strong></span> <span class='ocrx_word' id='word_1_229' title='bbox 610 1944 845 2015; x_wconf 85' lang='lat' dir='ltr'><strong>Aprilis.</strong></span> <span class='ocrx_word' id='word_1_230' title='bbox 884 1943 1002 2011; x_wconf 92' lang='lat' dir='ltr'><strong>(fol.</strong></span> <span class='ocrx_word' id='word_1_231' title='bbox 1030 1944 1145 2014; x_wconf 81' lang='grc'><strong>64.)</strong></span> <span class='ocrx_word' id='word_1_232' title='bbox 1179 1944 1301 2009; x_wconf 86' lang='lat' dir='ltr'><strong>Quo</strong></span> <span class='ocrx_word' id='word_1_233' title='bbox 1325 1944 1499 1999; x_wconf 89' lang='lat' dir='ltr'><strong>etiam</strong></span> <span class='ocrx_word' id='word_1_234' title='bbox 1521 1949 1675 1998; x_wconf 83' lang='lat' dir='ltr'><strong>&#39;anno</strong></span> <span class='ocrx_word' id='word_1_235' title='bbox 1704 1958 1905 1998; x_wconf 88' lang='lat' dir='ltr'><strong>conse-</strong></span> 
     </span>
    </p>
   </div>
   <div class='ocr_carea' id='block_1_35' title="bbox 257 2031 1902 2102">
    <p class='ocr_par' dir='ltr' id='par_1_35' title="bbox 257 2031 1902 2102">
     <span class='ocr_line' id='line_1_35' title="bbox 257 2031 1902 2102; baseline -0.002 -14"><span class='ocrx_word' id='word_1_236' title='bbox 257 2037 459 2088; x_wconf 92' lang='lat' dir='ltr'><strong>cratus</strong></span> <span class='ocrx_word' id='word_1_237' title='bbox 495 2031 551 2086; x_wconf 91' lang='lat' dir='ltr'><strong>in</strong></span> <span class='ocrx_word' id='word_1_238' title='bbox 583 2045 777 2101; x_wconf 87' lang='lat' dir='ltr'><strong>regem</strong></span> <span class='ocrx_word' id='word_1_239' title='bbox 825 2032 1137 2090; x_wconf 89' lang='lat' dir='ltr'><strong>Robertus.</strong></span> <span class='ocrx_word' id='word_1_240' title='bbox 1183 2034 1243 2087; x_wconf 91' lang='lat' dir='ltr'><strong>ut</strong></span> <span class='ocrx_word' id='word_1_241' title='bbox 1278 2031 1676 2101; x_wconf 70' lang='lat' dir='ltr'><strong>praediximus,</strong></span> <span class='ocrx_word' id='word_1_242' title='bbox 1716 2031 1902 2102; x_wconf 87' lang='lat' dir='ltr'><strong>palam</strong></span> 
     </span>
    </p>
   </div>
   <div class='ocr_carea' id='block_1_36' title="bbox 258 2118 1905 2190">
    <p class='ocr_par' dir='ltr' id='par_1_36' title="bbox 258 2118 1905 2190">
     <span class='ocr_line' id='line_1_36' title="bbox 258 2118 1905 2190; baseline 0 -17"><span class='ocrx_word' id='word_1_243' title='bbox 258 2120 473 2176; x_wconf 81' lang='lat' dir='ltr'><strong>invasit</strong></span> <span class='ocrx_word' id='word_1_244' title='bbox 502 2119 889 2189; x_wconf 84' lang='lat' dir='ltr'><strong>tyrannidem.</strong></span> <span class='ocrx_word' id='word_1_245' title='bbox 928 2120 1211 2175; x_wconf 84' lang='lat' dir='ltr'><strong>Heriveus</strong></span> <span class='ocrx_word' id='word_1_246' title='bbox 1260 2120 1568 2175; x_wconf 79' lang='lat' dir='ltr'><strong>Remorum</strong></span> <span class='ocrx_word' id='word_1_247' title='bbox 1621 2118 1905 2190; x_wconf 89' lang='lat' dir='ltr'><strong>archiepi-</strong></span> 
     </span>
    </p>
   </div>
   <div class='ocr_carea' id='block_1_37' title="bbox 257 2207 1906 2279">
    <p class='ocr_par' dir='ltr' id='par_1_37' title="bbox 257 2207 1906 2279">
     <span class='ocr_line' id='line_1_37' title="bbox 257 2207 1906 2279; baseline 0 -16"><span class='ocrx_word' id='word_1_248' title='bbox 257 2223 471 2279; x_wconf 91' lang='lat' dir='ltr'><strong>scopus</strong></span> <span class='ocrx_word' id='word_1_249' title='bbox 495 2208 587 2263; x_wconf 92' lang='lat' dir='ltr'><strong>die</strong></span> <span class='ocrx_word' id='word_1_250' title='bbox 612 2208 785 2263; x_wconf 89' lang='lat' dir='ltr'><strong>tertia</strong></span> <span class='ocrx_word' id='word_1_251' title='bbox 813 2212 947 2279; x_wconf 91' lang='lat' dir='ltr'><strong>post</strong></span> <span class='ocrx_word' id='word_1_252' title='bbox 976 2208 1472 2263; x_wconf 88' lang='lat' dir='ltr'><strong>consecrationem</strong></span> <span class='ocrx_word' id='word_1_253' title='bbox 1497 2208 1733 2263; x_wconf 90' lang='lat' dir='ltr'><strong>Roberti</strong></span> <span class='ocrx_word' id='word_1_254' title='bbox 1760 2207 1906 2263; x_wconf 89' lang='lat' dir='ltr'><strong>obiit</strong></span> 
     </span>
    </p>
   </div>
   <div class='ocr_carea' id='block_1_38' title="bbox 256 2296 1904 2367">
    <p class='ocr_par' dir='ltr' id='par_1_38' title="bbox 256 2296 1904 2367">
     <span class='ocr_line' id='line_1_38' title="bbox 256 2296 1904 2367; baseline 0.001 -16"><span class='ocrx_word' id='word_1_255' title='bbox 256 2301 422 2352; x_wconf 86' lang='lat' dir='ltr'><strong>sexto</strong></span> <span class='ocrx_word' id='word_1_256' title='bbox 456 2297 646 2352; x_wconf 89' lang='lat' dir='ltr'><strong>Nonas</strong></span> <span class='ocrx_word' id='word_1_257' title='bbox 674 2296 830 2367; x_wconf 80' lang='lat' dir='ltr'><strong>Julii,</strong></span> <span class='ocrx_word' id='word_1_258' title='bbox 866 2301 1175 2366; x_wconf 89' lang='lat' dir='ltr'><strong>antequam</strong></span> <span class='ocrx_word' id='word_1_259' title='bbox 1196 2300 1264 2351; x_wconf 92' lang='grc'><strong>22</strong></span> <span class='ocrx_word' id='word_1_260' title='bbox 1286 2296 1370 2352; x_wconf 92' lang='lat' dir='ltr'><strong>sui</strong></span> <span class='ocrx_word' id='word_1_261' title='bbox 1404 2297 1778 2367; x_wconf 90' lang='lat' dir='ltr'><strong>episcopatus</strong></span> <span class='ocrx_word' id='word_1_262' title='bbox 1809 2311 1904 2352; x_wconf 89' lang='lat' dir='ltr'><strong>ex-</strong></span> 
     </span>
    </p>
   </div>
   <div class='ocr_carea' id='block_1_39' title="bbox 255 2385 1903 2455">
    <p class='ocr_par' dir='ltr' id='par_1_39' title="bbox 255 2385 1903 2455">
     <span class='ocr_line' id='line_1_39' title="bbox 255 2385 1903 2455; baseline 0.001 -17"><span class='ocrx_word' id='word_1_263' title='bbox 255 2385 444 2455; x_wconf 90' lang='lat' dir='ltr'><strong>pleret</strong></span> <span class='ocrx_word' id='word_1_264' title='bbox 471 2399 702 2450; x_wconf 88' lang='lat' dir='ltr'><strong>annum;</strong></span> <span class='ocrx_word' id='word_1_265' title='bbox 736 2385 828 2441; x_wconf 92' lang='lat' dir='ltr'><strong>cui</strong></span> <span class='ocrx_word' id='word_1_266' title='bbox 862 2385 1157 2442; x_wconf 88' lang='lat' dir='ltr'><strong>successit</strong></span> <span class='ocrx_word' id='word_1_267' title='bbox 1191 2386 1420 2441; x_wconf 90' lang='lat' dir='ltr'><strong>Seulfus</strong></span> <span class='ocrx_word' id='word_1_268' title='bbox 1451 2389 1589 2441; x_wconf 92' lang='lat' dir='ltr'><strong>tunc</strong></span> <span class='ocrx_word' id='word_1_269' title='bbox 1618 2385 1903 2441; x_wconf 89' lang='lat' dir='ltr'><strong>archidia-</strong></span> 
     </span>
    </p>
   </div>
   <div class='ocr_carea' id='block_1_40' title="bbox 254 2473 1899 2543">
    <p class='ocr_par' dir='ltr' id='par_1_40' title="bbox 254 2473 1899 2543">
     <span class='ocr_line' id='line_1_40' title="bbox 254 2473 1899 2543; baseline -0.001 -14"><span class='ocrx_word' id='word_1_270' title='bbox 254 2488 455 2529; x_wconf 89' lang='lat' dir='ltr'><strong>conus.</strong></span> <span class='ocrx_word' id='word_1_271' title='bbox 493 2474 787 2529; x_wconf 90' lang='lat' dir='ltr'><strong>Robertus</strong></span> <span class='ocrx_word' id='word_1_272' title='bbox 822 2473 1000 2530; x_wconf 86' lang='lat' dir='ltr'><strong>filium</strong></span> <span class='ocrx_word' id='word_1_273' title='bbox 1034 2489 1200 2530; x_wconf 91' lang='lat' dir='ltr'><strong>suum</strong></span> <span class='ocrx_word' id='word_1_274' title='bbox 1233 2476 1527 2543; x_wconf 85' lang='lat' dir='ltr'><strong>Hugoncm</strong></span> <span class='ocrx_word' id='word_1_275' title='bbox 1569 2475 1625 2528; x_wconf 91' lang='lat' dir='ltr'><strong>in</strong></span> <span class='ocrx_word' id='word_1_276' title='bbox 1657 2488 1899 2543; x_wconf 85' lang='lat' dir='ltr'><strong>regnum</strong></span> 
     </span>
    </p>
   </div>
   <div class='ocr_carea' id='block_1_41' title="bbox 254 2559 1899 2633">
    <p class='ocr_par' dir='ltr' id='par_1_41' title="bbox 254 2559 1899 2633">
     <span class='ocr_line' id='line_1_41' title="bbox 254 2559 1899 2633; baseline 0.001 -19"><span class='ocrx_word' id='word_1_277' title='bbox 254 2559 511 2617; x_wconf 88' lang='lat' dir='ltr'><strong>Lotharii</strong></span> <span class='ocrx_word' id='word_1_278' title='bbox 538 2562 738 2617; x_wconf 88' lang='lat' dir='ltr'><strong>mittit.</strong></span> <span class='ocrx_word' id='word_1_279' title='bbox 768 2561 873 2627; x_wconf 88' lang='lat' dir='ltr'><strong>Qui</strong></span> <span class='ocrx_word' id='word_1_280' title='bbox 901 2563 1161 2633; x_wconf 90' lang='lat' dir='ltr'><strong>acceptis</strong></span> <span class='ocrx_word' id='word_1_281' title='bbox 1181 2563 1531 2617; x_wconf 90' lang='lat' dir='ltr'><strong>obsidibusa</strong></span> <span class='ocrx_word' id='word_1_282' title='bbox 1549 2562 1899 2632; x_wconf 86' lang='lat' dir='ltr'><strong>quibusdam</strong></span> 
     </span>
    </p>
   </div>
   <div class='ocr_carea' id='block_1_42' title="bbox 256 2648 1898 2721">
    <p class='ocr_par' dir='ltr' id='par_1_42' title="bbox 256 2648 1898 2721">
     <span class='ocr_line' id='line_1_42' title="bbox 256 2648 1898 2721; baseline 0.002 -19"><span class='ocrx_word' id='word_1_283' title='bbox 256 2648 757 2721; x_wconf 88' lang='lat' dir='ltr'><strong>Lothariensibus,</strong></span> <span class='ocrx_word' id='word_1_284' title='bbox 816 2651 886 2706; x_wconf 92' lang='lat' dir='ltr'><strong>ad</strong></span> <span class='ocrx_word' id='word_1_285' title='bbox 937 2657 1163 2721; x_wconf 89' lang='lat' dir='ltr'><strong>patrem</strong></span> <span class='ocrx_word' id='word_1_286' title='bbox 1215 2652 1516 2707; x_wconf 88' lang='lat' dir='ltr'><strong>remeavit.</strong></span> <span class='ocrx_word' id='word_1_287' title='bbox 1572 2651 1898 2706; x_wconf 90' lang='lat' dir='ltr'><strong>Obsederat</strong></span> 
     </span>
    </p>
   </div>
   <div class='ocr_carea' id='block_1_43' title="bbox 255 2738 1899 2810">
    <p class='ocr_par' dir='ltr' id='par_1_43' title="bbox 255 2738 1899 2810">
     <span class='ocr_line' id='line_1_43' title="bbox 255 2738 1899 2810; baseline -0.001 -17"><span class='ocrx_word' id='word_1_288' title='bbox 255 2738 405 2794; x_wconf 89' lang='lat' dir='ltr'><strong>enim</strong></span> <span class='ocrx_word' id='word_1_289' title='bbox 432 2738 680 2796; x_wconf 85' lang='lat' dir='ltr'><strong>Karolus</strong></span> <span class='ocrx_word' id='word_1_290' title='bbox 706 2740 1155 2810; x_wconf 68' lang='lat' dir='ltr'><strong>Capraamortem</strong></span> <span class='ocrx_word' id='word_1_291' title='bbox 1183 2746 1440 2796; x_wconf 88' lang='lat' dir='ltr'><strong>castrum</strong></span> <span class='ocrx_word' id='word_1_292' title='bbox 1465 2738 1800 2807; x_wconf 87' lang='lat' dir='ltr'><strong>Gisleberti,</strong></span> <span class='ocrx_word' id='word_1_293' title='bbox 1828 2738 1899 2794; x_wconf 88' lang='lat' dir='ltr'><strong>ad</strong></span> 
     </span>
    </p>
   </div>
   <div class='ocr_carea' id='block_1_44' title="bbox 254 2826 1898 2899">
    <p class='ocr_par' dir='ltr' id='par_1_44' title="bbox 254 2826 1898 2899">
     <span class='ocr_line' id='line_1_44' title="bbox 254 2826 1898 2899; baseline 0 -18"><span class='ocrx_word' id='word_1_294' title='bbox 254 2827 406 2895; x_wconf 90' lang='lat' dir='ltr'><strong>quod</strong></span> <span class='ocrx_word' id='word_1_295' title='bbox 435 2826 799 2884; x_wconf 91' lang='lat' dir='ltr'><strong>liberandum</strong></span> <span class='ocrx_word' id='word_1_296' title='bbox 836 2828 1153 2899; x_wconf 63' lang='lat' dir='ltr'><strong>praedictus</strong></span> <span class='ocrx_word' id='word_1_297' title='bbox 1197 2829 1361 2896; x_wconf 89' lang='lat' dir='ltr'><strong>Hugo</strong></span> <span class='ocrx_word' id='word_1_298' title='bbox 1393 2828 1605 2883; x_wconf 90' lang='lat' dir='ltr'><strong>missus</strong></span> <span class='ocrx_word' id='word_1_299' title='bbox 1633 2832 1745 2896; x_wconf 90' lang='lat' dir='ltr'><strong>est,</strong></span> <span class='ocrx_word' id='word_1_300' title='bbox 1784 2842 1898 2896; x_wconf 91' lang='lat' dir='ltr'><strong>quo</strong></span> 
     </span>
    </p>
   </div>
   <div class='ocr_carea' id='block_1_45' title="bbox 252 2914 1538 2985">
    <p class='ocr_par' dir='ltr' id='par_1_45' title="bbox 252 2914 1538 2985">
     <span class='ocr_line' id='line_1_45' title="bbox 252 2914 1538 2985; baseline 0 -16"><span class='ocrx_word' id='word_1_301' title='bbox 252 2919 574 2985; x_wconf 89' lang='lat' dir='ltr'><strong>comperto,</strong></span> <span class='ocrx_word' id='word_1_302' title='bbox 606 2915 851 2972; x_wconf 84' lang='lat' dir='ltr'><strong>Karolus</strong></span> <span class='ocrx_word' id='word_1_303' title='bbox 881 2914 1246 2971; x_wconf 87' lang='lat' dir='ltr'><strong>obsidionem</strong></span> <span class='ocrx_word' id='word_1_304' title='bbox 1280 2915 1538 2984; x_wconf 89' lang='lat' dir='ltr'><strong>reliquit.</strong></span> 
     </span>
    </p>
   </div>
   <div class='ocr_carea' id='block_1_46' title="bbox 326 3001 1897 3073">
    <p class='ocr_par' dir='ltr' id='par_1_46' title="bbox 326 3001 1897 3073">
     <span class='ocr_line' id='line_1_46' title="bbox 326 3001 1897 3073; baseline -0.001 -15"><span class='ocrx_word' id='word_1_305' title='bbox 326 3004 489 3058; x_wconf 85' lang='lat' dir='ltr'><strong>Anno</strong></span> <span class='ocrx_word' id='word_1_306' title='bbox 522 3003 632 3059; x_wconf 89' lang='lat' dir='ltr'><strong>inc.</strong></span> <span class='ocrx_word' id='word_1_307' title='bbox 658 3005 815 3059; x_wconf 92' lang='lat' dir='ltr'><strong>Dom.</strong></span> <span class='ocrx_word' id='word_1_308' title='bbox 851 3006 974 3072; x_wconf 82' lang='grc'>922,</span> <span class='ocrx_word' id='word_1_309' title='bbox 1011 3003 1161 3073; x_wconf 88' lang='lat' dir='ltr'><strong>apud</strong></span> <span class='ocrx_word' id='word_1_310' title='bbox 1206 3004 1576 3058; x_wconf 90' lang='lat' dir='ltr'><strong>Cameracum</strong></span> <span class='ocrx_word' id='word_1_311' title='bbox 1622 3001 1730 3058; x_wconf 91' lang='lat' dir='ltr'><strong>visi</strong></span> <span class='ocrx_word' id='word_1_312' title='bbox 1765 3008 1897 3059; x_wconf 89' lang='lat' dir='ltr'><strong>sunt</strong></span> 
     </span>
    </p>
   </div>
   <div class='ocr_carea' id='block_1_47' title="bbox 254 3089 1900 3161">
    <p class='ocr_par' dir='ltr' id='par_1_47' title="bbox 254 3089 1900 3161">
     <span class='ocr_line' id='line_1_47' title="bbox 254 3089 1900 3161; baseline 0.001 -17"><span class='ocrx_word' id='word_1_313' title='bbox 254 3094 378 3146; x_wconf 91' lang='lat' dir='ltr'><strong>tres</strong></span> <span class='ocrx_word' id='word_1_314' title='bbox 406 3089 561 3146; x_wconf 91' lang='lat' dir='ltr'><strong>soles</strong></span> <span class='ocrx_word' id='word_1_315' title='bbox 582 3090 639 3146; x_wconf 91' lang='lat' dir='ltr'><strong>in</strong></span> <span class='ocrx_word' id='word_1_316' title='bbox 662 3090 788 3146; x_wconf 90' lang='lat' dir='ltr'><strong>celo</strong></span> <span class='ocrx_word' id='word_1_317' title='bbox 818 3089 982 3160; x_wconf 88' lang='lat' dir='ltr'><strong>quasi</strong></span> <span class='ocrx_word' id='word_1_318' title='bbox 1016 3105 1320 3161; x_wconf 88' lang='lat' dir='ltr'><strong>apparere,</strong></span> <span class='ocrx_word' id='word_1_319' title='bbox 1346 3090 1438 3146; x_wconf 93' lang='lat' dir='ltr'><strong>vel</strong></span> <span class='ocrx_word' id='word_1_320' title='bbox 1463 3090 1550 3145; x_wconf 90' lang='lat' dir='ltr'><strong>sol</strong></span> <span class='ocrx_word' id='word_1_321' title='bbox 1573 3095 1697 3147; x_wconf 91' lang='lat' dir='ltr'><strong>tres</strong></span> <span class='ocrx_word' id='word_1_322' title='bbox 1727 3092 1900 3147; x_wconf 87' lang='lat' dir='ltr'><strong>orbes</strong></span> 
     </span>
    </p>
   </div>
   <div class='ocr_carea' id='block_1_48' title="bbox 249 3178 1897 3251">
    <p class='ocr_par' dir='ltr' id='par_1_48' title="bbox 249 3178 1897 3251">
     <span class='ocr_line' id='line_1_48' title="bbox 249 3178 1897 3251; baseline 0.001 -16"><span class='ocrx_word' id='word_1_323' title='bbox 249 3194 278 3235; x_wconf 92' lang='lat' dir='ltr'><strong>a</strong></span> <span class='ocrx_word' id='word_1_324' title='bbox 305 3193 370 3236; x_wconf 90' lang='lat' dir='ltr'><strong>se</strong></span> <span class='ocrx_word' id='word_1_325' title='bbox 395 3179 640 3236; x_wconf 90' lang='lat' dir='ltr'><strong>invicem</strong></span> <span class='ocrx_word' id='word_1_326' title='bbox 670 3178 1224 3250; x_wconf 73' lang='lat' dir='ltr'><strong>distanteshabere,</strong></span> <span class='ocrx_word' id='word_1_327' title='bbox 1253 3180 1368 3236; x_wconf 93' lang='lat' dir='ltr'><strong>duo</strong></span> <span class='ocrx_word' id='word_1_328' title='bbox 1404 3194 1636 3250; x_wconf 91' lang='lat' dir='ltr'><strong>quoque</strong></span> <span class='ocrx_word' id='word_1_329' title='bbox 1671 3179 1897 3251; x_wconf 90' lang='lat' dir='ltr'><strong>spicula</strong></span> 
     </span>
    </p>
   </div>
   <div class='ocr_carea' id='block_1_49' title="bbox 250 3264 1896 3337">
    <p class='ocr_par' dir='ltr' id='par_1_49' title="bbox 250 3264 1896 3337">
     <span class='ocr_line' id='line_1_49' title="bbox 250 3264 1896 3337; baseline 0.001 -17"><span class='ocrx_word' id='word_1_330' title='bbox 250 3270 306 3321; x_wconf 92' lang='lat' dir='ltr'><strong>et</strong></span> <span class='ocrx_word' id='word_1_331' title='bbox 338 3265 454 3320; x_wconf 92' lang='lat' dir='ltr'><strong>duo</strong></span> <span class='ocrx_word' id='word_1_332' title='bbox 487 3264 719 3336; x_wconf 89' lang='lat' dir='ltr'><strong>stipites</strong></span> <span class='ocrx_word' id='word_1_333' title='bbox 751 3264 855 3321; x_wconf 92' lang='lat' dir='ltr'><strong>visi</strong></span> <span class='ocrx_word' id='word_1_334' title='bbox 888 3270 1023 3321; x_wconf 91' lang='lat' dir='ltr'><strong>sunt</strong></span> <span class='ocrx_word' id='word_1_335' title='bbox 1071 3265 1181 3320; x_wconf 89' lang='lat' dir='ltr'><strong>sibi</strong></span> <span class='ocrx_word' id='word_1_336' title='bbox 1215 3265 1680 3337; x_wconf 89' lang='lat' dir='ltr'><strong>propinquantes</strong></span> <span class='ocrx_word' id='word_1_337' title='bbox 1709 3266 1896 3322; x_wconf 89' lang='lat' dir='ltr'><strong>donec</strong></span> 
     </span>
    </p>
   </div>
   <div class='ocr_carea' id='block_1_50' title="bbox 251 3354 1427 3425">
    <p class='ocr_par' dir='ltr' id='par_1_50' title="bbox 251 3354 1427 3425">
     <span class='ocr_line' id='line_1_50' title="bbox 251 3354 1427 3425; baseline 0 -16"><span class='ocrx_word' id='word_1_338' title='bbox 251 3358 384 3409; x_wconf 91' lang='lat' dir='ltr'><strong>sunt</strong></span> <span class='ocrx_word' id='word_1_339' title='bbox 419 3355 713 3425; x_wconf 90' lang='lat' dir='ltr'><strong>cooperti;</strong></span> <span class='ocrx_word' id='word_1_340' title='bbox 747 3357 804 3409; x_wconf 92' lang='lat' dir='ltr'><strong>et</strong></span> <span class='ocrx_word' id='word_1_341' title='bbox 838 3358 1195 3410; x_wconf 89' lang='lat' dir='ltr'><strong>terremotus</strong></span> <span class='ocrx_word' id='word_1_342' title='bbox 1221 3354 1427 3410; x_wconf 86' lang='lat' dir='ltr'><strong>factus.</strong></span> 
     </span>
    </p>
   </div>
   <div class='ocr_carea' id='block_1_51' title="bbox 312 3438 1898 3513">
    <p class='ocr_par' dir='ltr' id='par_1_51' title="bbox 312 3438 1898 3513">
     <span class='ocr_line' id='line_1_51' title="bbox 312 3438 1898 3513; baseline -0.001 -15"><span class='ocrx_word' id='word_1_343' title='bbox 312 3438 480 3512; x_wconf 66' lang='lat' dir='ltr'><strong>&#39;(O’at.</strong></span> <span class='ocrx_word' id='word_1_344' title='bbox 534 3441 722 3513; x_wconf 69' lang='lat' dir='ltr'><strong>parat.)</strong></span> <span class='ocrx_word' id='word_1_345' title='bbox 772 3442 1017 3498; x_wconf 76' lang='lat' dir='ltr'><strong>Iohanni</strong></span> <span class='ocrx_word' id='word_1_346' title='bbox 1066 3441 1208 3497; x_wconf 89' lang='lat' dir='ltr'><strong>VIIll</strong></span> <span class='ocrx_word' id='word_1_347' title='bbox 1258 3456 1422 3513; x_wconf 78' lang='lat' dir='ltr'><strong>papae</strong></span> <span class='ocrx_word' id='word_1_348' title='bbox 1481 3448 1898 3499; x_wconf 91' lang='lat' dir='ltr'><strong>successerunt</strong></span> 
     </span>
    </p>
   </div>
   <div class='ocr_carea' id='block_1_52' title="bbox 254 3529 1894 3602">
    <p class='ocr_par' dir='ltr' id='par_1_52' title="bbox 254 3529 1894 3602">
     <span class='ocr_line' id='line_1_52' title="bbox 254 3529 1894 3602; baseline 0.002 -18"><span class='ocrx_word' id='word_1_349' title='bbox 254 3529 624 3599; x_wconf 87' lang='lat' dir='ltr'><strong>Benedictus,</strong></span> <span class='ocrx_word' id='word_1_350' title='bbox 646 3530 780 3598; x_wconf 92' lang='lat' dir='ltr'><strong>Leo,</strong></span> <span class='ocrx_word' id='word_1_351' title='bbox 804 3529 1228 3599; x_wconf 88' lang='lat' dir='ltr'><strong>Christoforus,</strong></span> <span class='ocrx_word' id='word_1_352' title='bbox 1251 3530 1503 3601; x_wconf 88' lang='lat' dir='ltr'><strong>Sergius,</strong></span> <span class='ocrx_word' id='word_1_353' title='bbox 1530 3532 1894 3602; x_wconf 83' lang='lat' dir='ltr'><strong>Anastasius,</strong></span> 
     </span>
    </p>
   </div>
   <div class='ocr_carea' id='block_1_53' title="bbox 255 3617 887 3687">
    <p class='ocr_par' dir='ltr' id='par_1_53' title="bbox 255 3617 887 3687">
     <span class='ocr_line' id='line_1_53' title="bbox 255 3617 887 3687; baseline 0.002 -15"><span class='ocrx_word' id='word_1_354' title='bbox 255 3617 467 3687; x_wconf 87' lang='lat' dir='ltr'><strong>Lando,</strong></span> <span class='ocrx_word' id='word_1_355' title='bbox 501 3618 793 3673; x_wconf 79' lang='lat' dir='ltr'><strong>Iohannes</strong></span> <span class='ocrx_word' id='word_1_356' title='bbox 823 3618 887 3673; x_wconf 88' lang='grc' dir='ltr'><strong>Χ.</strong></span> 
     </span>
    </p>
   </div>
   <div class='ocr_carea' id='block_1_54' title="bbox 325 3704 1893 3778">
    <p class='ocr_par' dir='ltr' id='par_1_54' title="bbox 325 3704 1893 3778">
     <span class='ocr_line' id='line_1_54' title="bbox 325 3704 1893 3778; baseline 0.001 -17"><span class='ocrx_word' id='word_1_357' title='bbox 325 3704 544 3777; x_wconf 82' lang='lat' dir='ltr'><strong>[FLon.]</strong></span> <span class='ocrx_word' id='word_1_358' title='bbox 601 3708 764 3761; x_wconf 82' lang='lat' dir='ltr'><strong>Anno</strong></span> <span class='ocrx_word' id='word_1_359' title='bbox 814 3706 886 3761; x_wconf 90' lang='lat' dir='ltr'><strong>ab</strong></span> <span class='ocrx_word' id='word_1_360' title='bbox 938 3705 1049 3762; x_wconf 91' lang='lat' dir='ltr'><strong>inc.</strong></span> <span class='ocrx_word' id='word_1_361' title='bbox 1098 3707 1257 3762; x_wconf 91' lang='lat' dir='ltr'><strong>Dom.</strong></span> <span class='ocrx_word' id='word_1_362' title='bbox 1301 3711 1421 3777; x_wconf 87' lang='grc'>923,</span> <span class='ocrx_word' id='word_1_363' title='bbox 1458 3707 1774 3764; x_wconf 90' lang='lat' dir='ltr'><strong>indictione</strong></span> <span class='ocrx_word' id='word_1_364' title='bbox 1805 3714 1893 3778; x_wconf 90' lang='lat'><strong>11,</strong></span> 
     </span>
    </p>
   </div>
   <div class='ocr_carea' id='block_1_55' title="bbox 251 3793 1894 3865">
    <p class='ocr_par' dir='ltr' id='par_1_55' title="bbox 251 3793 1894 3865">
     <span class='ocr_line' id='line_1_55' title="bbox 251 3793 1894 3865; baseline 0.001 -15"><span class='ocrx_word' id='word_1_365' title='bbox 251 3795 547 3851; x_wconf 90' lang='lat' dir='ltr'><strong>Robertus</strong></span> <span class='ocrx_word' id='word_1_366' title='bbox 603 3793 903 3865; x_wconf 89' lang='lat' dir='ltr'><strong>profectus</strong></span> <span class='ocrx_word' id='word_1_367' title='bbox 950 3794 1006 3849; x_wconf 90' lang='lat' dir='ltr'><strong>in</strong></span> <span class='ocrx_word' id='word_1_368' title='bbox 1060 3810 1297 3864; x_wconf 87' lang='lat' dir='ltr'><strong>regnum</strong></span> <span class='ocrx_word' id='word_1_369' title='bbox 1344 3795 1720 3852; x_wconf 89' lang='lat' dir='ltr'><strong>Lothariense</strong></span> <span class='ocrx_word' id='word_1_370' title='bbox 1765 3811 1894 3853; x_wconf 93' lang='lat' dir='ltr'><strong>cum</strong></span> 
     </span>
    </p>
   </div>
   <div class='ocr_carea' id='block_1_56' title="bbox 250 3882 1896 3955">
    <p class='ocr_par' dir='ltr' id='par_1_56' title="bbox 250 3882 1896 3955">
     <span class='ocr_line' id='line_1_56' title="bbox 250 3882 1896 3955; baseline 0.001 -16"><span class='ocrx_word' id='word_1_371' title='bbox 250 3883 522 3939; x_wconf 87' lang='lat' dir='ltr'><strong>Heinrico</strong></span> <span class='ocrx_word' id='word_1_372' title='bbox 548 3887 782 3954; x_wconf 89' lang='lat' dir='ltr'><strong>pactum</strong></span> <span class='ocrx_word' id='word_1_373' title='bbox 810 3882 957 3953; x_wconf 89' lang='lat' dir='ltr'><strong>iniit,</strong></span> <span class='ocrx_word' id='word_1_374' title='bbox 981 3888 1037 3938; x_wconf 91' lang='lat' dir='ltr'><strong>et</strong></span> <span class='ocrx_word' id='word_1_375' title='bbox 1063 3883 1217 3939; x_wconf 90' lang='lat' dir='ltr'><strong>datis</strong></span> <span class='ocrx_word' id='word_1_376' title='bbox 1242 3884 1533 3955; x_wconf 90' lang='lat' dir='ltr'><strong>utrimque</strong></span> <span class='ocrx_word' id='word_1_377' title='bbox 1558 3886 1896 3941; x_wconf 84' lang='lat' dir='ltr'><strong>muneribus</strong></span> 
     </span>
    </p>
   </div>
   <div class='ocr_carea' id='block_1_57' title="bbox 251 3970 1893 4043">
    <p class='ocr_par' dir='ltr' id='par_1_57' title="bbox 251 3970 1893 4043">
     <span class='ocr_line' id='line_1_57' title="bbox 251 3970 1893 4043; baseline -0.001 -15"><span class='ocrx_word' id='word_1_378' title='bbox 251 3971 576 4028; x_wconf 90' lang='lat' dir='ltr'><strong>discessum</strong></span> <span class='ocrx_word' id='word_1_379' title='bbox 610 3974 729 4036; x_wconf 90' lang='lat' dir='ltr'><strong>est;</strong></span> <span class='ocrx_word' id='word_1_380' title='bbox 775 3970 871 4027; x_wconf 90' lang='lat' dir='ltr'><strong>ubi</strong></span> <span class='ocrx_word' id='word_1_381' title='bbox 924 3971 1098 4026; x_wconf 92' lang='lat' dir='ltr'><strong>etiam</strong></span> <span class='ocrx_word' id='word_1_382' title='bbox 1150 3972 1382 4043; x_wconf 90' lang='lat' dir='ltr'><strong>quidam</strong></span> <span class='ocrx_word' id='word_1_383' title='bbox 1432 3973 1893 4029; x_wconf 89' lang='lat' dir='ltr'><strong>Lothariensium</strong></span> 
     </span>
    </p>
   </div>
   <div class='ocr_carea' id='block_1_58' title="bbox 248 4058 1889 4132">
    <p class='ocr_par' dir='ltr' id='par_1_58' title="bbox 248 4058 1889 4132">
     <span class='ocr_line' id='line_1_58' title="bbox 248 4058 1889 4132; baseline -0.001 -17"><span class='ocrx_word' id='word_1_384' title='bbox 248 4059 487 4115; x_wconf 89' lang='lat' dir='ltr'><strong>obsides</strong></span> <span class='ocrx_word' id='word_1_385' title='bbox 516 4060 773 4115; x_wconf 88' lang='lat' dir='ltr'><strong>Roberto</strong></span> <span class='ocrx_word' id='word_1_386' title='bbox 802 4058 1110 4129; x_wconf 90' lang='lat' dir='ltr'><strong>dederunt,</strong></span> <span class='ocrx_word' id='word_1_387' title='bbox 1138 4066 1193 4115; x_wconf 91' lang='lat' dir='ltr'><strong>et</strong></span> <span class='ocrx_word' id='word_1_388' title='bbox 1220 4061 1482 4117; x_wconf 89' lang='lat' dir='ltr'><strong>inducias</strong></span> <span class='ocrx_word' id='word_1_389' title='bbox 1517 4064 1889 4132; x_wconf 88' lang='lat' dir='ltr'><strong>acceperunt.</strong></span> 
     </span>
    </p>
   </div>
   <div class='ocr_carea' id='block_1_59' title="bbox 251 4147 1894 4205">
    <p class='ocr_par' dir='ltr' id='par_1_59' title="bbox 251 4147 1894 4205">
     <span class='ocr_line' id='line_1_59' title="bbox 251 4147 1894 4205; baseline -0.002 0"><span class='ocrx_word' id='word_1_390' title='bbox 251 4147 494 4205; x_wconf 91' lang='lat' dir='ltr'><strong>Carolus</strong></span> <span class='ocrx_word' id='word_1_391' title='bbox 514 4162 654 4203; x_wconf 90' lang='lat' dir='ltr'><strong>vero</strong></span> <span class='ocrx_word' id='word_1_392' title='bbox 677 4162 804 4203; x_wconf 91' lang='lat' dir='ltr'><strong>cum</strong></span> <span class='ocrx_word' id='word_1_393' title='bbox 828 4148 950 4203; x_wconf 91' lang='lat' dir='ltr'><strong>suis</strong></span> <span class='ocrx_word' id='word_1_394' title='bbox 976 4148 1455 4205; x_wconf 91' lang='lat' dir='ltr'><strong>Lothariensibus</strong></span> <span class='ocrx_word' id='word_1_395' title='bbox 1476 4148 1738 4205; x_wconf 89' lang='lat' dir='ltr'><strong>inducias</strong></span> <span class='ocrx_word' id='word_1_396' title='bbox 1761 4162 1894 4203; x_wconf 92' lang='lat' dir='ltr'><strong>con-</strong></span> 
     </span>
    </p>
   </div>
   <div class='ocr_carea' id='block_1_60' title="bbox 251 4236 1894 4307">
    <p class='ocr_par' dir='ltr' id='par_1_60' title="bbox 251 4236 1894 4307">
     <span class='ocr_line' id='line_1_60' title="bbox 251 4236 1894 4307; baseline 0 -16"><span class='ocrx_word' id='word_1_397' title='bbox 251 4236 640 4307; x_wconf 87' lang='lat' dir='ltr'><strong>fringentibus</strong></span> <span class='ocrx_word' id='word_1_398' title='bbox 686 4238 899 4295; x_wconf 81' lang='lat' dir='ltr'><strong>Mosam</strong></span> <span class='ocrx_word' id='word_1_399' title='bbox 949 4238 1261 4307; x_wconf 90' lang='lat' dir='ltr'><strong>transiens,</strong></span> <span class='ocrx_word' id='word_1_400' title='bbox 1315 4239 1425 4294; x_wconf 92' lang='lat' dir='ltr'><strong>sub</strong></span> <span class='ocrx_word' id='word_1_401' title='bbox 1459 4237 1601 4293; x_wconf 88' lang='lat' dir='ltr'><strong>urbe</strong></span> <span class='ocrx_word' id='word_1_402' title='bbox 1634 4236 1894 4293; x_wconf 84' lang='lat' dir='ltr'><strong>Suessio-</strong></span> 
     </span>
    </p>
   </div>
   <div class='ocr_carea' id='block_1_61' title="bbox 248 4324 1890 4396">
    <p class='ocr_par' dir='ltr' id='par_1_61' title="bbox 248 4324 1890 4396">
     <span class='ocr_line' id='line_1_61' title="bbox 248 4324 1890 4396; baseline -0.001 -16"><span class='ocrx_word' id='word_1_403' title='bbox 248 4325 398 4395; x_wconf 90' lang='lat' dir='ltr'><strong>nica,</strong></span> <span class='ocrx_word' id='word_1_404' title='bbox 431 4325 525 4381; x_wconf 92' lang='lat' dir='ltr'><strong>ubi</strong></span> <span class='ocrx_word' id='word_1_405' title='bbox 558 4326 876 4381; x_wconf 91' lang='lat' dir='ltr'><strong>Robertum</strong></span> <span class='ocrx_word' id='word_1_406' title='bbox 910 4326 1115 4380; x_wconf 86' lang='lat' dir='ltr'><strong>sedere</strong></span> <span class='ocrx_word' id='word_1_407' title='bbox 1146 4330 1511 4396; x_wconf 89' lang='lat' dir='ltr'><strong>compererat</strong></span> <span class='ocrx_word' id='word_1_408' title='bbox 1548 4324 1712 4393; x_wconf 87' lang='lat' dir='ltr'><strong>abiit,</strong></span> <span class='ocrx_word' id='word_1_409' title='bbox 1745 4328 1800 4379; x_wconf 91' lang='lat' dir='ltr'><strong>et</strong></span> <span class='ocrx_word' id='word_1_410' title='bbox 1835 4324 1890 4379; x_wconf 92' lang='lat' dir='ltr'><strong>in</strong></span> 
     </span>
    </p>
   </div>
   <div class='ocr_carea' id='block_1_62' title="bbox 245 4412 1887 4484">
    <p class='ocr_par' dir='ltr' id='par_1_62' title="bbox 245 4412 1887 4484">
     <span class='ocr_line' id='line_1_62' title="bbox 245 4412 1887 4484; baseline -0.002 -14"><span class='ocrx_word' id='word_1_411' title='bbox 245 4414 568 4470; x_wconf 90' lang='lat' dir='ltr'><strong>crastinum</strong></span> <span class='ocrx_word' id='word_1_412' title='bbox 604 4413 696 4469; x_wconf 91' lang='lat' dir='ltr'><strong>die</strong></span> <span class='ocrx_word' id='word_1_413' title='bbox 728 4413 1034 4484; x_wconf 89' lang='lat' dir='ltr'><strong>dominica,</strong></span> <span class='ocrx_word' id='word_1_414' title='bbox 1061 4414 1202 4469; x_wconf 91' lang='lat' dir='ltr'><strong>hora</strong></span> <span class='ocrx_word' id='word_1_415' title='bbox 1227 4419 1392 4469; x_wconf 88' lang='lat' dir='ltr'><strong>sexta</strong></span> <span class='ocrx_word' id='word_1_416' title='bbox 1420 4412 1535 4481; x_wconf 89' lang='lat' dir='ltr'><strong>jam</strong></span> <span class='ocrx_word' id='word_1_417' title='bbox 1566 4412 1887 4482; x_wconf 66' lang='lat' dir='ltr'><strong>praeterita,</strong></span> 
     </span>
    </p>
   </div>
   <div class='ocr_carea' id='block_1_63' title="bbox 245 4500 1889 4574">
    <p class='ocr_par' dir='ltr' id='par_1_63' title="bbox 245 4500 1889 4574">
     <span class='ocr_line' id='line_1_63' title="bbox 245 4500 1889 4574; baseline 0 -17"><span class='ocrx_word' id='word_1_418' title='bbox 245 4501 483 4559; x_wconf 87' lang='lat' dir='ltr'><strong>Francis</strong></span> <span class='ocrx_word' id='word_1_419' title='bbox 507 4501 773 4574; x_wconf 88' lang='lat' dir='ltr'><strong>proelium</strong></span> <span class='ocrx_word' id='word_1_420' title='bbox 806 4517 917 4557; x_wconf 92' lang='lat' dir='ltr'><strong>non</strong></span> <span class='ocrx_word' id='word_1_421' title='bbox 944 4502 1339 4572; x_wconf 90' lang='lat' dir='ltr'><strong>sperantibus,</strong></span> <span class='ocrx_word' id='word_1_422' title='bbox 1368 4500 1634 4571; x_wconf 90' lang='lat' dir='ltr'><strong>plurimis</strong></span> <span class='ocrx_word' id='word_1_423' title='bbox 1659 4515 1889 4571; x_wconf 90' lang='lat' dir='ltr'><strong>quoque</strong></span> 
     </span>
    </p>
   </div>
   <div class='ocr_carea' id='block_1_64' title="bbox 1933 3228 1981 3291">
    <p class='ocr_par' dir='ltr' id='par_1_64' title="bbox 1933 3228 1981 3291">
     <span class='ocr_line' id='line_1_64' title="bbox 1933 3228 1981 3291; baseline 0 0"><span class='ocrx_word' id='word_1_424' title='bbox 1933 3228 1981 3291; x_wconf 78' lang='grc' dir='ltr'>Ο</span> 
     </span>
    </p>
   </div>
   <div class='ocr_carea' id='block_1_65' title="bbox 2017 1940 3665 2023">
    <p class='ocr_par' dir='ltr' id='par_1_65' title="bbox 2017 1940 3665 2023">
     <span class='ocr_line' id='line_1_65' title="bbox 2017 1940 3665 2023; baseline 0.004 -30"><span class='ocrx_word' id='word_1_425' title='bbox 2017 1940 2201 2008; x_wconf 86' lang='lat' dir='ltr'><strong>Magni</strong></span> <span class='ocrx_word' id='word_1_426' title='bbox 2234 1955 2439 1995; x_wconf 89' lang='lat' dir='ltr'><strong>nomen</strong></span> <span class='ocrx_word' id='word_1_427' title='bbox 2493 1941 2835 2011; x_wconf 88' lang='lat' dir='ltr'><strong>promeruit,</strong></span> <span class='ocrx_word' id='word_1_428' title='bbox 2893 1941 3135 2012; x_wconf 86' lang='lat' dir='ltr'><strong>puerilis</strong></span> <span class='ocrx_word' id='word_1_429' title='bbox 3170 1942 3665 2023; x_wconf 43' lang='lat' dir='ltr'><strong>obsisteret&#39;aetas</strong></span> 
     </span>
    </p>
   </div>
   <div class='ocr_carea' id='block_1_66' title="bbox 2017 2028 3661 2099">
    <p class='ocr_par' dir='ltr' id='par_1_66' title="bbox 2017 2028 3661 2099">
     <span class='ocr_line' id='line_1_66' title="bbox 2017 2028 3661 2099; baseline 0.002 -17"><span class='ocrx_word' id='word_1_430' title='bbox 2017 2028 2327 2097; x_wconf 90' lang='lat' dir='ltr'><strong>quominus</strong></span> <span class='ocrx_word' id='word_1_431' title='bbox 2378 2028 2571 2097; x_wconf 87' lang='lat' dir='ltr'><strong>regias</strong></span> <span class='ocrx_word' id='word_1_432' title='bbox 2609 2034 2939 2085; x_wconf 88' lang='lat' dir='ltr'><strong>assumeret</strong></span> <span class='ocrx_word' id='word_1_433' title='bbox 2991 2030 3234 2099; x_wconf 86' lang='lat' dir='ltr'><strong>infulas,</strong></span> <span class='ocrx_word' id='word_1_434' title='bbox 3288 2036 3345 2086; x_wconf 91' lang='lat' dir='ltr'><strong>et</strong></span> <span class='ocrx_word' id='word_1_435' title='bbox 3388 2033 3661 2087; x_wconf 89' lang='lat' dir='ltr'><strong>Herberti</strong></span> 
     </span>
    </p>
   </div>
   <div class='ocr_carea' id='block_1_67' title="bbox 2015 2118 3663 2189">
    <p class='ocr_par' dir='ltr' id='par_1_67' title="bbox 2015 2118 3663 2189">
     <span class='ocr_line' id='line_1_67' title="bbox 2015 2118 3663 2189; baseline 0.002 -18"><span class='ocrx_word' id='word_1_436' title='bbox 2015 2121 2263 2172; x_wconf 91' lang='lat' dir='ltr'><strong>cunctos</strong></span> <span class='ocrx_word' id='word_1_437' title='bbox 2295 2122 2550 2172; x_wconf 90' lang='lat' dir='ltr'><strong>moveret</strong></span> <span class='ocrx_word' id='word_1_438' title='bbox 2587 2118 2803 2186; x_wconf 90' lang='lat' dir='ltr'><strong>odium,</strong></span> <span class='ocrx_word' id='word_1_439' title='bbox 2832 2118 3077 2175; x_wconf 81' lang='lat' dir='ltr'><strong>maxime</strong></span> <span class='ocrx_word' id='word_1_440' title='bbox 3109 2133 3254 2189; x_wconf 89' lang='lat' dir='ltr'><strong>quos</strong></span> <span class='ocrx_word' id='word_1_441' title='bbox 3281 2119 3663 2177; x_wconf 86' lang='lat' dir='ltr'><strong>humanitatis</strong></span> 
     </span>
    </p>
   </div>
   <div class='ocr_carea' id='block_1_68' title="bbox 2015 2205 3663 2279">
    <p class='ocr_par' dir='ltr' id='par_1_68' title="bbox 2015 2205 3663 2279">
     <span class='ocr_line' id='line_1_68' title="bbox 2015 2205 3663 2279; baseline 0.003 -21"><span class='ocrx_word' id='word_1_442' title='bbox 2015 2210 2287 2275; x_wconf 91' lang='lat' dir='ltr'><strong>respectu</strong></span> <span class='ocrx_word' id='word_1_443' title='bbox 2322 2205 2391 2260; x_wconf 91' lang='lat' dir='ltr'><strong>ad</strong></span> <span class='ocrx_word' id='word_1_444' title='bbox 2428 2205 2886 2260; x_wconf 86' lang='lat' dir='ltr'><strong>misericordiam</strong></span> <span class='ocrx_word' id='word_1_445' title='bbox 2917 2221 3188 2263; x_wconf 75' lang='lat' dir='ltr'><strong>aerumma</strong></span> <span class='ocrx_word' id='word_1_446' title='bbox 3222 2207 3499 2278; x_wconf 89' lang='lat' dir='ltr'><strong>principis</strong></span> <span class='ocrx_word' id='word_1_447' title='bbox 3531 2222 3663 2279; x_wconf 90' lang='lat' dir='ltr'><strong>per-</strong></span> 
     </span>
    </p>
   </div>
   <div class='ocr_carea' id='block_1_69' title="bbox 2015 2293 3663 2365">
    <p class='ocr_par' dir='ltr' id='par_1_69' title="bbox 2015 2293 3663 2365">
     <span class='ocr_line' id='line_1_69' title="bbox 2015 2293 3663 2365; baseline 0.003 -18"><span class='ocrx_word' id='word_1_448' title='bbox 2015 2294 2304 2361; x_wconf 89' lang='lat' dir='ltr'><strong>movebat,</strong></span> <span class='ocrx_word' id='word_1_449' title='bbox 2343 2293 2594 2364; x_wconf 90' lang='lat' dir='ltr'><strong>tandem,</strong></span> <span class='ocrx_word' id='word_1_450' title='bbox 2633 2299 2695 2348; x_wconf 90' lang='lat' dir='ltr'><strong>ut</strong></span> <span class='ocrx_word' id='word_1_451' title='bbox 2729 2294 2954 2364; x_wconf 63' lang='lat' dir='ltr'><strong>praefati</strong></span> <span class='ocrx_word' id='word_1_452' title='bbox 2998 2310 3220 2365; x_wconf 90' lang='lat' dir='ltr'><strong>sumus,</strong></span> <span class='ocrx_word' id='word_1_453' title='bbox 3255 2294 3537 2351; x_wconf 93' lang='lat' dir='ltr'><strong>Rodulfus</strong></span> <span class='ocrx_word' id='word_1_454' title='bbox 3569 2311 3663 2352; x_wconf 86' lang='lat' dir='ltr'><strong>re-</strong></span> 
     </span>
    </p>
   </div>
   <div class='ocr_carea' id='block_1_70' title="bbox 2012 2381 3659 2452">
    <p class='ocr_par' dir='ltr' id='par_1_70' title="bbox 2012 2381 3659 2452">
     <span class='ocr_line' id='line_1_70' title="bbox 2012 2381 3659 2452; baseline 0.003 -17"><span class='ocrx_word' id='word_1_455' title='bbox 2012 2381 2215 2450; x_wconf 62' lang='lat' dir='ltr'><strong>gendae</strong></span> <span class='ocrx_word' id='word_1_456' title='bbox 2236 2381 2556 2452; x_wconf 72' lang='lat' dir='ltr'><strong>przeficitur</strong></span> <span class='ocrx_word' id='word_1_457' title='bbox 2579 2382 2852 2452; x_wconf 75' lang='lat' dir='ltr'><strong>Francize,</strong></span> <span class='ocrx_word' id='word_1_458' title='bbox 2871 2388 2929 2437; x_wconf 91' lang='lat' dir='ltr'><strong>ct</strong></span> <span class='ocrx_word' id='word_1_459' title='bbox 2946 2384 3027 2439; x_wconf 90' lang='lat' dir='ltr'><strong>sic</strong></span> <span class='ocrx_word' id='word_1_460' title='bbox 3044 2399 3281 2452; x_wconf 87' lang='lat' dir='ltr'><strong>regnum</strong></span> <span class='ocrx_word' id='word_1_461' title='bbox 3307 2386 3659 2442; x_wconf 84' lang='lat' dir='ltr'><strong>Francorum</strong></span> 
     </span>
    </p>
   </div>
   <div class='ocr_carea' id='block_1_71' title="bbox 2014 2469 3662 2544">
    <p class='ocr_par' dir='ltr' id='par_1_71' title="bbox 2014 2469 3662 2544">
     <span class='ocr_line' id='line_1_71' title="bbox 2014 2469 3662 2544; baseline 0.004 -20"><span class='ocrx_word' id='word_1_462' title='bbox 2014 2469 2085 2524; x_wconf 90' lang='lat' dir='ltr'><strong>ad</strong></span> <span class='ocrx_word' id='word_1_463' title='bbox 2116 2475 2459 2525; x_wconf 88' lang='lat' dir='ltr'><strong>extraneum</strong></span> <span class='ocrx_word' id='word_1_464' title='bbox 2511 2471 2885 2526; x_wconf 89' lang='lat' dir='ltr'><strong>transfertur.</strong></span> <span class='ocrx_word' id='word_1_465' title='bbox 2939 2471 3044 2538; x_wconf 88' lang='lat' dir='ltr'><strong>Qui</strong></span> <span class='ocrx_word' id='word_1_466' title='bbox 3092 2472 3341 2544; x_wconf 90' lang='lat' dir='ltr'><strong>adeptus</strong></span> <span class='ocrx_word' id='word_1_467' title='bbox 3374 2474 3533 2543; x_wconf 88' lang='lat' dir='ltr'><strong>regni</strong></span> <span class='ocrx_word' id='word_1_468' title='bbox 3566 2488 3662 2530; x_wconf 88' lang='lat' dir='ltr'><strong>so-</strong></span> 
     </span>
    </p>
   </div>
   <div class='ocr_carea' id='block_1_72' title="bbox 2012 2556 3655 2631">
    <p class='ocr_par' dir='ltr' id='par_1_72' title="bbox 2012 2556 3655 2631">
     <span class='ocr_line' id='line_1_72' title="bbox 2012 2556 3655 2631; baseline 0.004 -20"><span class='ocrx_word' id='word_1_469' title='bbox 2012 2556 2173 2627; x_wconf 89' lang='lat' dir='ltr'><strong>lium,</strong></span> <span class='ocrx_word' id='word_1_470' title='bbox 2208 2563 2266 2612; x_wconf 91' lang='lat' dir='ltr'><strong>et</strong></span> <span class='ocrx_word' id='word_1_471' title='bbox 2300 2559 2353 2612; x_wconf 92' lang='lat' dir='ltr'><strong>in</strong></span> <span class='ocrx_word' id='word_1_472' title='bbox 2388 2558 2862 2615; x_wconf 88' lang='lat' dir='ltr'><strong>malefactoribus</strong></span> <span class='ocrx_word' id='word_1_473' title='bbox 2892 2560 2996 2616; x_wconf 91' lang='lat' dir='ltr'><strong>fuit</strong></span> <span class='ocrx_word' id='word_1_474' title='bbox 3032 2558 3187 2616; x_wconf 92' lang='lat' dir='ltr'><strong>ultor</strong></span> <span class='ocrx_word' id='word_1_475' title='bbox 3221 2576 3483 2631; x_wconf 91' lang='lat' dir='ltr'><strong>severus,</strong></span> <span class='ocrx_word' id='word_1_476' title='bbox 3508 2565 3566 2617; x_wconf 91' lang='lat' dir='ltr'><strong>et</strong></span> <span class='ocrx_word' id='word_1_477' title='bbox 3599 2562 3655 2617; x_wconf 89' lang='lat' dir='ltr'><strong>in</strong></span> 
     </span>
    </p>
   </div>
   <div class='ocr_carea' id='block_1_73' title="bbox 2011 2646 3651 2719">
    <p class='ocr_par' dir='ltr' id='par_1_73' title="bbox 2011 2646 3651 2719">
     <span class='ocr_line' id='line_1_73' title="bbox 2011 2646 3651 2719; baseline 0.004 -20"><span class='ocrx_word' id='word_1_478' title='bbox 2011 2646 2357 2701; x_wconf 90' lang='lat' dir='ltr'><strong>coercendis</strong></span> <span class='ocrx_word' id='word_1_479' title='bbox 2378 2648 2649 2704; x_wconf 88' lang='lat' dir='ltr'><strong>hostibus</strong></span> <span class='ocrx_word' id='word_1_480' title='bbox 2674 2663 2969 2719; x_wconf 90' lang='lat' dir='ltr'><strong>regnoque</strong></span> <span class='ocrx_word' id='word_1_481' title='bbox 2993 2649 3208 2705; x_wconf 92' lang='lat' dir='ltr'><strong>tuendo</strong></span> <span class='ocrx_word' id='word_1_482' title='bbox 3222 2650 3651 2719; x_wconf 83' lang='lat' dir='ltr'><strong>sagacissimus.</strong></span> 
     </span>
    </p>
   </div>
   <div class='ocr_carea' id='block_1_74' title="bbox 2011 2733 3653 2802">
    <p class='ocr_par' dir='ltr' id='par_1_74' title="bbox 2011 2733 3653 2802">
     <span class='ocr_line' id='line_1_74' title="bbox 2011 2733 3653 2802; baseline 0.004 -14"><span class='ocrx_word' id='word_1_483' title='bbox 2011 2733 2149 2802; x_wconf 86' lang='lat' dir='ltr'><strong>Ejus</strong></span> <span class='ocrx_word' id='word_1_484' title='bbox 2185 2734 2240 2788; x_wconf 90' lang='lat' dir='ltr'><strong>in</strong></span> <span class='ocrx_word' id='word_1_485' title='bbox 2274 2734 2481 2791; x_wconf 88' lang='lat' dir='ltr'><strong>diebus</strong></span> <span class='ocrx_word' id='word_1_486' title='bbox 2527 2737 2810 2792; x_wconf 89' lang='lat' dir='ltr'><strong>Danorum</strong></span> <span class='ocrx_word' id='word_1_487' title='bbox 2844 2742 2901 2792; x_wconf 91' lang='lat' dir='ltr'><strong>et</strong></span> <span class='ocrx_word' id='word_1_488' title='bbox 2935 2740 3393 2794; x_wconf 88' lang='lat' dir='ltr'><strong>Normannorum</strong></span> <span class='ocrx_word' id='word_1_489' title='bbox 3443 2738 3653 2795; x_wconf 89' lang='lat' dir='ltr'><strong>iterum</strong></span> 
     </span>
    </p>
   </div>
   <div class='ocr_carea' id='block_1_75' title="bbox 2011 2822 3655 2898">
    <p class='ocr_par' dir='ltr' id='par_1_75' title="bbox 2011 2822 3655 2898">
     <span class='ocr_line' id='line_1_75' title="bbox 2011 2822 3655 2898; baseline 0.004 -21"><span class='ocrx_word' id='word_1_490' title='bbox 2011 2822 2330 2878; x_wconf 89' lang='lat' dir='ltr'><strong>adveniunt</strong></span> <span class='ocrx_word' id='word_1_491' title='bbox 2363 2823 2703 2894; x_wconf 86' lang='lat' dir='ltr'><strong>phalanges,</strong></span> <span class='ocrx_word' id='word_1_492' title='bbox 2734 2830 2793 2880; x_wconf 90' lang='lat' dir='ltr'><strong>et</strong></span> <span class='ocrx_word' id='word_1_493' title='bbox 2826 2841 2938 2881; x_wconf 91' lang='lat' dir='ltr'><strong>non</strong></span> <span class='ocrx_word' id='word_1_494' title='bbox 2982 2826 3166 2882; x_wconf 89' lang='lat' dir='ltr'><strong>solum</strong></span> <span class='ocrx_word' id='word_1_495' title='bbox 3200 2827 3517 2898; x_wconf 88' lang='lat' dir='ltr'><strong>Franciam,</strong></span> <span class='ocrx_word' id='word_1_496' title='bbox 3551 2829 3655 2884; x_wconf 91' lang='lat' dir='ltr'><strong>sed</strong></span> 
     </span>
    </p>
   </div>
   <div class='ocr_carea' id='block_1_76' title="bbox 2012 2914 3659 2986">
    <p class='ocr_par' dir='ltr' id='par_1_76' title="bbox 2012 2914 3659 2986">
     <span class='ocr_line' id='line_1_76' title="bbox 2012 2914 3659 2986; baseline 0.004 -22"><span class='ocrx_word' id='word_1_497' title='bbox 2012 2916 2072 2965; x_wconf 92' lang='lat' dir='ltr'><strong>et</strong></span> <span class='ocrx_word' id='word_1_498' title='bbox 2105 2917 2282 2966; x_wconf 90' lang='lat' dir='ltr'><strong>totam</strong></span> <span class='ocrx_word' id='word_1_499' title='bbox 2318 2925 2664 2981; x_wconf 90' lang='lat' dir='ltr'><strong>percurrere</strong></span> <span class='ocrx_word' id='word_1_500' title='bbox 2686 2914 3095 2983; x_wconf 86' lang='lat' dir='ltr'><strong>Burgundiam.</strong></span> <span class='ocrx_word' id='word_1_501' title='bbox 3126 2916 3339 2971; x_wconf 89' lang='lat' dir='ltr'><strong>Contra</strong></span> <span class='ocrx_word' id='word_1_502' title='bbox 3371 2930 3517 2986; x_wconf 89' lang='lat' dir='ltr'><strong>quos</strong></span> <span class='ocrx_word' id='word_1_503' title='bbox 3549 2918 3659 2971; x_wconf 87' lang='lat' dir='ltr'><strong>Ro-</strong></span> 
     </span>
    </p>
   </div>
   <div class='ocr_carea' id='block_1_77' title="bbox 2014 2998 3660 3078">
    <p class='ocr_par' dir='ltr' id='par_1_77' title="bbox 2014 2998 3660 3078">
     <span class='ocr_line' id='line_1_77' title="bbox 2014 2998 3660 3078; baseline 0.005 -25"><span class='ocrx_word' id='word_1_504' title='bbox 2014 2998 2209 3055; x_wconf 91' lang='lat' dir='ltr'><strong>dulfus</strong></span> <span class='ocrx_word' id='word_1_505' title='bbox 2238 3001 2489 3071; x_wconf 90' lang='lat' dir='ltr'><strong>sumptis</strong></span> <span class='ocrx_word' id='word_1_506' title='bbox 2532 3002 2710 3058; x_wconf 90' lang='lat' dir='ltr'><strong>armis</strong></span> <span class='ocrx_word' id='word_1_507' title='bbox 2742 3003 2821 3058; x_wconf 90' lang='lat' dir='ltr'><strong>ita</strong></span> <span class='ocrx_word' id='word_1_508' title='bbox 2852 3008 3159 3074; x_wconf 88' lang='lat' dir='ltr'><strong>protervos</strong></span> <span class='ocrx_word' id='word_1_509' title='bbox 3198 3019 3399 3060; x_wconf 91' lang='lat' dir='ltr'><strong>eorum</strong></span> <span class='ocrx_word' id='word_1_510' title='bbox 3428 3019 3660 3078; x_wconf 90' lang='lat' dir='ltr'><strong>compe-</strong></span> 
     </span>
    </p>
   </div>
   <div class='ocr_carea' id='block_1_78' title="bbox 2013 3085 3658 3159">
    <p class='ocr_par' dir='ltr' id='par_1_78' title="bbox 2013 3085 3658 3159">
     <span class='ocr_line' id='line_1_78' title="bbox 2013 3085 3658 3159; baseline 0.004 -19"><span class='ocrx_word' id='word_1_511' title='bbox 2013 3085 2166 3141; x_wconf 91' lang='lat' dir='ltr'><strong>scuit</strong></span> <span class='ocrx_word' id='word_1_512' title='bbox 2202 3085 2476 3158; x_wconf 89' lang='lat' dir='ltr'><strong>impetus,</strong></span> <span class='ocrx_word' id='word_1_513' title='bbox 2504 3092 2568 3144; x_wconf 91' lang='lat' dir='ltr'><strong>ut</strong></span> <span class='ocrx_word' id='word_1_514' title='bbox 2604 3104 2785 3159; x_wconf 92' lang='lat' dir='ltr'><strong>usque</strong></span> <span class='ocrx_word' id='word_1_515' title='bbox 2815 3105 2963 3146; x_wconf 90' lang='lat' dir='ltr'><strong>nunc</strong></span> <span class='ocrx_word' id='word_1_516' title='bbox 2993 3089 3208 3146; x_wconf 89' lang='lat' dir='ltr'><strong>Gallias</strong></span> <span class='ocrx_word' id='word_1_517' title='bbox 3241 3090 3311 3145; x_wconf 88' lang='lat' dir='ltr'><strong>ab</strong></span> <span class='ocrx_word' id='word_1_518' title='bbox 3341 3105 3541 3147; x_wconf 91' lang='lat' dir='ltr'><strong>eorum</strong></span> <span class='ocrx_word' id='word_1_519' title='bbox 3573 3091 3658 3146; x_wconf 91' lang='lat' dir='ltr'><strong>in-</strong></span> 
     </span>
    </p>
   </div>
   <div class='ocr_carea' id='block_1_79' title="bbox 2012 3174 3659 3248">
    <p class='ocr_par' dir='ltr' id='par_1_79' title="bbox 2012 3174 3659 3248">
     <span class='ocr_line' id='line_1_79' title="bbox 2012 3174 3659 3248; baseline 0.002 -19"><span class='ocrx_word' id='word_1_520' title='bbox 2012 3174 2285 3229; x_wconf 88' lang='lat' dir='ltr'><strong>cursione</strong></span> <span class='ocrx_word' id='word_1_521' title='bbox 2320 3174 2492 3231; x_wconf 88' lang='lat' dir='ltr'><strong>faciat</strong></span> <span class='ocrx_word' id='word_1_522' title='bbox 2525 3190 2757 3232; x_wconf 89' lang='lat' dir='ltr'><strong>manere</strong></span> <span class='ocrx_word' id='word_1_523' title='bbox 2787 3177 3041 3248; x_wconf 89' lang='lat' dir='ltr'><strong>quietas.</strong></span> <span class='ocrx_word' id='word_1_524' title='bbox 3092 3179 3244 3234; x_wconf 90' lang='lat' dir='ltr'><strong>Tunc</strong></span> <span class='ocrx_word' id='word_1_525' title='bbox 3278 3178 3533 3235; x_wconf 90' lang='lat' dir='ltr'><strong>delatum</strong></span> <span class='ocrx_word' id='word_1_526' title='bbox 3563 3184 3659 3235; x_wconf 90' lang='lat' dir='ltr'><strong>est</strong></span> 
     </span>
    </p>
   </div>
   <div class='ocr_carea' id='block_1_80' title="bbox 2011 3264 3653 3336">
    <p class='ocr_par' dir='ltr' id='par_1_80' title="bbox 2011 3264 3653 3336">
     <span class='ocr_line' id='line_1_80' title="bbox 2011 3264 3653 3336; baseline 0.002 -19"><span class='ocrx_word' id='word_1_527' title='bbox 2011 3277 2227 3332; x_wconf 92' lang='lat' dir='ltr'><strong>corpus</strong></span> <span class='ocrx_word' id='word_1_528' title='bbox 2259 3264 2448 3320; x_wconf 91' lang='lat' dir='ltr'><strong>sancti</strong></span> <span class='ocrx_word' id='word_1_529' title='bbox 2476 3264 2719 3335; x_wconf 89' lang='lat' dir='ltr'><strong>Benigni</strong></span> <span class='ocrx_word' id='word_1_530' title='bbox 2764 3266 3037 3336; x_wconf 89' lang='lat' dir='ltr'><strong>martyris</strong></span> <span class='ocrx_word' id='word_1_531' title='bbox 3070 3266 3217 3321; x_wconf 89' lang='lat' dir='ltr'><strong>infra</strong></span> <span class='ocrx_word' id='word_1_532' title='bbox 3252 3281 3450 3323; x_wconf 92' lang='lat' dir='ltr'><strong>muros</strong></span> <span class='ocrx_word' id='word_1_533' title='bbox 3474 3268 3653 3324; x_wconf 89' lang='lat' dir='ltr'><strong>castri</strong></span> 
     </span>
    </p>
   </div>
   <div class='ocr_carea' id='block_1_81' title="bbox 2011 3343 3652 3422">
    <p class='ocr_par' dir='ltr' id='par_1_81' title="bbox 2011 3343 3652 3422">
     <span class='ocr_line' id='line_1_81' title="bbox 2011 3343 3652 3422; baseline 0.004 -18"><span class='ocrx_word' id='word_1_534' title='bbox 2011 3343 2402 3422; x_wconf 85' lang='lat' dir='ltr'><strong>Divionensis,</strong></span> <span class='ocrx_word' id='word_1_535' title='bbox 2435 3358 2494 3407; x_wconf 90' lang='lat' dir='ltr'><strong>et</strong></span> <span class='ocrx_word' id='word_1_536' title='bbox 2528 3352 2603 3407; x_wconf 89' lang='lat' dir='ltr'><strong>ibi</strong></span> <span class='ocrx_word' id='word_1_537' title='bbox 2636 3357 2931 3409; x_wconf 88' lang='lat' dir='ltr'><strong>servatum</strong></span> <span class='ocrx_word' id='word_1_538' title='bbox 2958 3353 3008 3408; x_wconf 91' lang='lat' dir='ltr'><strong>in</strong></span> <span class='ocrx_word' id='word_1_539' title='bbox 3035 3354 3279 3409; x_wconf 89' lang='lat' dir='ltr'><strong>ecclesia</strong></span> <span class='ocrx_word' id='word_1_540' title='bbox 3316 3355 3500 3410; x_wconf 88' lang='lat' dir='ltr'><strong>sancti</strong></span> <span class='ocrx_word' id='word_1_541' title='bbox 3524 3356 3652 3411; x_wconf 84' lang='lat' dir='ltr'><strong>Vin-</strong></span> 
     </span>
    </p>
   </div>
   <div class='ocr_carea' id='block_1_82' title="bbox 2010 3439 3661 3512">
    <p class='ocr_par' dir='ltr' id='par_1_82' title="bbox 2010 3439 3661 3512">
     <span class='ocr_line' id='line_1_82' title="bbox 2010 3439 3661 3512; baseline 0.005 -18"><span class='ocrx_word' id='word_1_542' title='bbox 2010 3439 2208 3494; x_wconf 91' lang='lat' dir='ltr'><strong>centii.</strong></span> <span class='ocrx_word' id='word_1_543' title='bbox 2249 3440 2467 3512; x_wconf 80' lang='lat' dir='ltr'><strong>[FLon.]</strong></span> <span class='ocrx_word' id='word_1_544' title='bbox 2500 3440 2620 3497; x_wconf 89' lang='lat' dir='ltr'><strong>Illis</strong></span> <span class='ocrx_word' id='word_1_545' title='bbox 2654 3441 2850 3511; x_wconf 89' lang='lat' dir='ltr'><strong>itaque</strong></span> <span class='ocrx_word' id='word_1_546' title='bbox 2875 3442 3052 3497; x_wconf 91' lang='lat' dir='ltr'><strong>rebus</strong></span> <span class='ocrx_word' id='word_1_547' title='bbox 3082 3441 3343 3497; x_wconf 88' lang='lat' dir='ltr'><strong>intentus</strong></span> <span class='ocrx_word' id='word_1_548' title='bbox 3372 3443 3661 3501; x_wconf 88' lang='lat' dir='ltr'><strong>Rodulfus</strong></span> 
     </span>
    </p>
   </div>
   <div class='ocr_carea' id='block_1_83' title="bbox 2010 3527 3660 3597">
    <p class='ocr_par' dir='ltr' id='par_1_83' title="bbox 2010 3527 3660 3597">
     <span class='ocr_line' id='line_1_83' title="bbox 2010 3527 3660 3597; baseline 0.004 -15"><span class='ocrx_word' id='word_1_549' title='bbox 2010 3527 2241 3597; x_wconf 85' lang='lat' dir='ltr'><strong>legatos</strong></span> <span class='ocrx_word' id='word_1_550' title='bbox 2274 3528 2477 3585; x_wconf 92' lang='lat' dir='ltr'><strong>habuit</strong></span> <span class='ocrx_word' id='word_1_551' title='bbox 2506 3529 2967 3585; x_wconf 90' lang='lat' dir='ltr'><strong>Lothariensium</strong></span> <span class='ocrx_word' id='word_1_552' title='bbox 2994 3544 3051 3585; x_wconf 90' lang='lat' dir='ltr'><strong>se</strong></span> <span class='ocrx_word' id='word_1_553' title='bbox 3076 3535 3134 3585; x_wconf 89' lang='lat' dir='ltr'><strong>et</strong></span> <span class='ocrx_word' id='word_1_554' title='bbox 3159 3545 3258 3585; x_wconf 92' lang='lat' dir='ltr'><strong>sua</strong></span> <span class='ocrx_word' id='word_1_555' title='bbox 3290 3529 3374 3585; x_wconf 90' lang='lat' dir='ltr'><strong>illi</strong></span> <span class='ocrx_word' id='word_1_556' title='bbox 3409 3531 3660 3588; x_wconf 91' lang='lat' dir='ltr'><strong>subden-</strong></span> 
     </span>
    </p>
   </div>
   <div class='ocr_carea' id='block_1_84' title="bbox 2013 3615 3655 3687">
    <p class='ocr_par' dir='ltr' id='par_1_84' title="bbox 2013 3615 3655 3687">
     <span class='ocr_line' id='line_1_84' title="bbox 2013 3615 3655 3687; baseline 0.004 -17"><span class='ocrx_word' id='word_1_557' title='bbox 2013 3616 2179 3672; x_wconf 91' lang='lat' dir='ltr'><strong>tium.</strong></span> <span class='ocrx_word' id='word_1_558' title='bbox 2216 3617 2337 3687; x_wconf 90' lang='lat' dir='ltr'><strong>(fol.</strong></span> <span class='ocrx_word' id='word_1_559' title='bbox 2372 3615 2503 3686; x_wconf 64' lang='lat'><strong>64’.)</strong></span> <span class='ocrx_word' id='word_1_560' title='bbox 2534 3619 2706 3673; x_wconf 85' lang='lat' dir='ltr'><strong>Juxta</strong></span> <span class='ocrx_word' id='word_1_561' title='bbox 2755 3618 3070 3673; x_wconf 87' lang='lat' dir='ltr'><strong>Mosomum</strong></span> <span class='ocrx_word' id='word_1_562' title='bbox 3103 3632 3244 3686; x_wconf 85' lang='lat' dir='ltr'><strong>ergo</strong></span> <span class='ocrx_word' id='word_1_563' title='bbox 3278 3619 3655 3677; x_wconf 87' lang='lat' dir='ltr'><strong>obviantibus</strong></span> 
     </span>
    </p>
   </div>
   <div class='ocr_carea' id='block_1_85' title="bbox 2010 3702 3656 3775">
    <p class='ocr_par' dir='ltr' id='par_1_85' title="bbox 2010 3702 3656 3775">
     <span class='ocr_line' id='line_1_85' title="bbox 2010 3702 3656 3775; baseline 0.003 -17"><span class='ocrx_word' id='word_1_564' title='bbox 2010 3703 2094 3758; x_wconf 91' lang='lat' dir='ltr'><strong>illi</strong></span> <span class='ocrx_word' id='word_1_565' title='bbox 2128 3702 2628 3768; x_wconf 88' lang='lat' dir='ltr'><strong>Lothariensibus,</strong></span> <span class='ocrx_word' id='word_1_566' title='bbox 2653 3704 3059 3775; x_wconf 88' lang='lat' dir='ltr'><strong>suscipiuntur</strong></span> <span class='ocrx_word' id='word_1_567' title='bbox 3082 3720 3110 3761; x_wconf 90' lang='lat' dir='ltr'><strong>a</strong></span> <span class='ocrx_word' id='word_1_568' title='bbox 3134 3706 3388 3774; x_wconf 81' lang='lat' dir='ltr'><strong>Wigerio</strong></span> <span class='ocrx_word' id='word_1_569' title='bbox 3417 3708 3656 3763; x_wconf 86' lang='lat' dir='ltr'><strong>Metten-</strong></span> 
     </span>
    </p>
   </div>
   <div class='ocr_carea' id='block_1_86' title="bbox 2008 3789 3651 3863">
    <p class='ocr_par' dir='ltr' id='par_1_86' title="bbox 2008 3789 3651 3863">
     <span class='ocr_line' id='line_1_86' title="bbox 2008 3789 3651 3863; baseline 0.003 -17"><span class='ocrx_word' id='word_1_570' title='bbox 2008 3789 2155 3847; x_wconf 92' lang='lat' dir='ltr'><strong>sium</strong></span> <span class='ocrx_word' id='word_1_571' title='bbox 2211 3791 2479 3863; x_wconf 63' lang='lat' dir='ltr'><strong>priesule,</strong></span> <span class='ocrx_word' id='word_1_572' title='bbox 2510 3795 2570 3846; x_wconf 91' lang='lat' dir='ltr'><strong>et</strong></span> <span class='ocrx_word' id='word_1_573' title='bbox 2601 3806 2749 3847; x_wconf 88' lang='lat' dir='ltr'><strong>uxor</strong></span> <span class='ocrx_word' id='word_1_574' title='bbox 2797 3792 2924 3861; x_wconf 88' lang='lat' dir='ltr'><strong>ejus</strong></span> <span class='ocrx_word' id='word_1_575' title='bbox 2973 3794 3165 3849; x_wconf 88' lang='lat' dir='ltr'><strong>Emma</strong></span> <span class='ocrx_word' id='word_1_576' title='bbox 3218 3794 3371 3862; x_wconf 88' lang='lat' dir='ltr'><strong>regis</strong></span> <span class='ocrx_word' id='word_1_577' title='bbox 3413 3795 3651 3851; x_wconf 89' lang='lat' dir='ltr'><strong>Roberti</strong></span> 
     </span>
    </p>
   </div>
   <div class='ocr_carea' id='block_1_87' title="bbox 2010 3878 3654 3951">
    <p class='ocr_par' dir='ltr' id='par_1_87' title="bbox 2010 3878 3654 3951">
     <span class='ocr_line' id='line_1_87' title="bbox 2010 3878 3654 3951; baseline 0.005 -18"><span class='ocrx_word' id='word_1_578' title='bbox 2010 3879 2144 3947; x_wconf 86' lang='lat' dir='ltr'><strong>filia,</strong></span> <span class='ocrx_word' id='word_1_579' title='bbox 2183 3879 2411 3934; x_wconf 90' lang='lat' dir='ltr'><strong>interim</strong></span> <span class='ocrx_word' id='word_1_580' title='bbox 2437 3894 2465 3934; x_wconf 91' lang='lat' dir='ltr'><strong>a</strong></span> <span class='ocrx_word' id='word_1_581' title='bbox 2491 3878 2687 3935; x_wconf 92' lang='lat' dir='ltr'><strong>Seulfo</strong></span> <span class='ocrx_word' id='word_1_582' title='bbox 2710 3886 3091 3937; x_wconf 91' lang='lat' dir='ltr'><strong>consecratur</strong></span> <span class='ocrx_word' id='word_1_583' title='bbox 3116 3882 3333 3951; x_wconf 87' lang='lat' dir='ltr'><strong>regina.</strong></span> <span class='ocrx_word' id='word_1_584' title='bbox 3368 3882 3654 3941; x_wconf 88' lang='lat' dir='ltr'><strong>Rodulfus</strong></span> 
     </span>
    </p>
   </div>
   <div class='ocr_carea' id='block_1_88' title="bbox 2009 3968 3649 4043">
    <p class='ocr_par' dir='ltr' id='par_1_88' title="bbox 2009 3968 3649 4043">
     <span class='ocr_line' id='line_1_88' title="bbox 2009 3968 3649 4043; baseline 0.003 -21"><span class='ocrx_word' id='word_1_585' title='bbox 2009 3982 2039 4022; x_wconf 91' lang='lat' dir='ltr'><strong>a</strong></span> <span class='ocrx_word' id='word_1_586' title='bbox 2070 3968 2548 4024; x_wconf 89' lang='lat' dir='ltr'><strong>Lothariensibus</strong></span> <span class='ocrx_word' id='word_1_587' title='bbox 2581 3968 2927 4038; x_wconf 88' lang='lat' dir='ltr'><strong>quibusdam</strong></span> <span class='ocrx_word' id='word_1_588' title='bbox 2950 3969 3252 4026; x_wconf 84' lang='lat' dir='ltr'><strong>obsidibus</strong></span> <span class='ocrx_word' id='word_1_589' title='bbox 3274 3971 3530 4043; x_wconf 91' lang='lat' dir='ltr'><strong>acceptis</strong></span> <span class='ocrx_word' id='word_1_590' title='bbox 3562 3985 3649 4027; x_wconf 82' lang='lat' dir='ltr'><strong>re-</strong></span> 
     </span>
    </p>
   </div>
   <div class='ocr_carea' id='block_1_89' title="bbox 2008 4056 3649 4130">
    <p class='ocr_par' dir='ltr' id='par_1_89' title="bbox 2008 4056 3649 4130">
     <span class='ocr_line' id='line_1_89' title="bbox 2008 4056 3649 4130; baseline 0.004 -19"><span class='ocrx_word' id='word_1_591' title='bbox 2008 4056 2278 4112; x_wconf 88' lang='lat' dir='ltr'><strong>vertitur.</strong></span> <span class='ocrx_word' id='word_1_592' title='bbox 2321 4057 2399 4112; x_wconf 88' lang='lat' dir='ltr'><strong>Eo</strong></span> <span class='ocrx_word' id='word_1_593' title='bbox 2440 4071 2589 4113; x_wconf 90' lang='lat' dir='ltr'><strong>anno</strong></span> <span class='ocrx_word' id='word_1_594' title='bbox 2636 4057 2791 4113; x_wconf 90' lang='lat' dir='ltr'><strong>Dado</strong></span> <span class='ocrx_word' id='word_1_595' title='bbox 2843 4057 3295 4115; x_wconf 89' lang='lat' dir='ltr'><strong>Virdunensium</strong></span> <span class='ocrx_word' id='word_1_596' title='bbox 3341 4061 3649 4130; x_wconf 89' lang='lat' dir='ltr'><strong>episcopus</strong></span> 
     </span>
    </p>
   </div>
   <div class='ocr_carea' id='block_1_90' title="bbox 2006 4144 3648 4220">
    <p class='ocr_par' dir='ltr' id='par_1_90' title="bbox 2006 4144 3648 4220">
     <span class='ocr_line' id='line_1_90' title="bbox 2006 4144 3648 4220; baseline 0.003 -23"><span class='ocrx_word' id='word_1_597' title='bbox 2006 4144 2149 4198; x_wconf 88' lang='lat' dir='ltr'><strong>obiit</strong></span> <span class='ocrx_word' id='word_1_598' title='bbox 2181 4146 2405 4201; x_wconf 86' lang='lat' dir='ltr'><strong>exactis</strong></span> <span class='ocrx_word' id='word_1_599' title='bbox 2433 4146 2484 4201; x_wconf 91' lang='lat' dir='ltr'><strong>in</strong></span> <span class='ocrx_word' id='word_1_600' title='bbox 2512 4146 2855 4218; x_wconf 90' lang='lat' dir='ltr'><strong>episcopatu</strong></span> <span class='ocrx_word' id='word_1_601' title='bbox 2883 4149 2951 4202; x_wconf 91' lang='lat'><strong>38</strong></span> <span class='ocrx_word' id='word_1_602' title='bbox 2970 4147 3154 4218; x_wconf 92' lang='lat' dir='ltr'><strong>annis,</strong></span> <span class='ocrx_word' id='word_1_603' title='bbox 3188 4154 3245 4202; x_wconf 90' lang='lat' dir='ltr'><strong>et</strong></span> <span class='ocrx_word' id='word_1_604' title='bbox 3276 4149 3428 4204; x_wconf 91' lang='lat' dir='ltr'><strong>inter</strong></span> <span class='ocrx_word' id='word_1_605' title='bbox 3459 4148 3648 4220; x_wconf 88' lang='lat' dir='ltr'><strong>sepul-</strong></span> 
     </span>
    </p>
   </div>
   <div class='ocr_carea' id='block_1_91' title="bbox 2003 4234 3648 4307">
    <p class='ocr_par' dir='ltr' id='par_1_91' title="bbox 2003 4234 3648 4307">
     <span class='ocr_line' id='line_1_91' title="bbox 2003 4234 3648 4307; baseline 0.003 -19"><span class='ocrx_word' id='word_1_606' title='bbox 2003 4248 2101 4288; x_wconf 89' lang='lat' dir='ltr'><strong>cra</strong></span> <span class='ocrx_word' id='word_1_607' title='bbox 2135 4234 2632 4304; x_wconf 67' lang='lat' dir='ltr'><strong>praedecessorum</strong></span> <span class='ocrx_word' id='word_1_608' title='bbox 2665 4250 2901 4291; x_wconf 90' lang='lat' dir='ltr'><strong>suorum</strong></span> <span class='ocrx_word' id='word_1_609' title='bbox 2934 4236 3345 4307; x_wconf 90' lang='lat' dir='ltr'><strong>episcoporum</strong></span> <span class='ocrx_word' id='word_1_610' title='bbox 3377 4238 3432 4292; x_wconf 93' lang='lat' dir='ltr'><strong>in</strong></span> <span class='ocrx_word' id='word_1_611' title='bbox 3461 4237 3648 4293; x_wconf 89' lang='lat' dir='ltr'><strong>eccle-</strong></span> 
     </span>
    </p>
   </div>
   <div class='ocr_carea' id='block_1_92' title="bbox 2005 4320 3643 4396">
    <p class='ocr_par' dir='ltr' id='par_1_92' title="bbox 2005 4320 3643 4396">
     <span class='ocr_line' id='line_1_92' title="bbox 2005 4320 3643 4396; baseline 0.002 -20"><span class='ocrx_word' id='word_1_612' title='bbox 2005 4320 2088 4376; x_wconf 91' lang='lat' dir='ltr'><strong>sia</strong></span> <span class='ocrx_word' id='word_1_613' title='bbox 2141 4322 2325 4378; x_wconf 91' lang='lat' dir='ltr'><strong>sancti</strong></span> <span class='ocrx_word' id='word_1_614' title='bbox 2379 4323 2569 4379; x_wconf 89' lang='lat' dir='ltr'><strong>Vitoni</strong></span> <span class='ocrx_word' id='word_1_615' title='bbox 2620 4323 2966 4392; x_wconf 83' lang='lat' dir='ltr'><strong>condignam</strong></span> <span class='ocrx_word' id='word_1_616' title='bbox 3013 4324 3374 4396; x_wconf 88' lang='lat' dir='ltr'><strong>sepulturam</strong></span> <span class='ocrx_word' id='word_1_617' title='bbox 3402 4324 3643 4385; x_wconf 83' lang='lat' dir='ltr'><strong>meruit.</strong></span> 
     </span>
    </p>
   </div>
   <div class='ocr_carea' id='block_1_93' title="bbox 2003 4410 3651 4482">
    <p class='ocr_par' dir='ltr' id='par_1_93' title="bbox 2003 4410 3651 4482">
     <span class='ocr_line' id='line_1_93' title="bbox 2003 4410 3651 4482; baseline 0.002 -18"><span class='ocrx_word' id='word_1_618' title='bbox 2003 4410 2392 4481; x_wconf 89' lang='lat' dir='ltr'><strong>Episcopatus</strong></span> <span class='ocrx_word' id='word_1_619' title='bbox 2415 4411 2797 4467; x_wconf 86' lang='lat' dir='ltr'><strong>Virdunensis</strong></span> <span class='ocrx_word' id='word_1_620' title='bbox 2814 4413 3035 4481; x_wconf 88' lang='lat' dir='ltr'><strong>Hugoni</strong></span> <span class='ocrx_word' id='word_1_621' title='bbox 3052 4428 3081 4467; x_wconf 89' lang='lat' dir='ltr'><strong>a</strong></span> <span class='ocrx_word' id='word_1_622' title='bbox 3097 4412 3345 4469; x_wconf 88' lang='lat' dir='ltr'><strong>Rodulfo</strong></span> <span class='ocrx_word' id='word_1_623' title='bbox 3365 4427 3497 4482; x_wconf 88' lang='lat' dir='ltr'><strong>rege</strong></span> <span class='ocrx_word' id='word_1_624' title='bbox 3513 4427 3651 4469; x_wconf 88' lang='lat' dir='ltr'><strong>con-</strong></span> 
     </span>
    </p>
   </div>
   <div class='ocr_carea' id='block_1_94' title="bbox 2001 4498 3650 4573">
    <p class='ocr_par' dir='ltr' id='par_1_94' title="bbox 2001 4498 3650 4573">
     <span class='ocr_line' id='line_1_94' title="bbox 2001 4498 3650 4573; baseline 0.001 -18"><span class='ocrx_word' id='word_1_625' title='bbox 2001 4498 2251 4570; x_wconf 88' lang='lat' dir='ltr'><strong>ceditur,</strong></span> <span class='ocrx_word' id='word_1_626' title='bbox 2285 4499 2499 4570; x_wconf 87' lang='lat' dir='ltr'><strong>quique</strong></span> <span class='ocrx_word' id='word_1_627' title='bbox 2533 4504 2664 4572; x_wconf 90' lang='lat' dir='ltr'><strong>post</strong></span> <span class='ocrx_word' id='word_1_628' title='bbox 2699 4500 2822 4557; x_wconf 62' lang='lat' dir='ltr'><strong>haec</strong></span> <span class='ocrx_word' id='word_1_629' title='bbox 2850 4500 3044 4559; x_wconf 88' lang='lat' dir='ltr'><strong>Remis</strong></span> <span class='ocrx_word' id='word_1_630' title='bbox 3075 4516 3107 4558; x_wconf 90' lang='lat' dir='ltr'><strong>a</strong></span> <span class='ocrx_word' id='word_1_631' title='bbox 3141 4501 3335 4558; x_wconf 90' lang='lat' dir='ltr'><strong>Seulfo</strong></span> <span class='ocrx_word' id='word_1_632' title='bbox 3366 4501 3650 4573; x_wconf 88' lang='lat' dir='ltr'><strong>archiepi-</strong></span> 
     </span>
    </p>
   </div>
   <div class='ocr_carea' id='block_1_95' title="bbox 244 4580 2617 4661">
    <p class='ocr_par' dir='ltr' id='par_1_95' title="bbox 244 4580 2617 4661">
     <span class='ocr_line' id='line_1_95' title="bbox 244 4580 2617 4661; baseline -0 -16"><span class='ocrx_word' id='word_1_633' title='bbox 244 4589 691 4661; x_wconf 89' lang='lat' dir='ltr'><strong>prandentibus,</strong></span> <span class='ocrx_word' id='word_1_634' title='bbox 717 4592 972 4645; x_wconf 88' lang='lat' dir='ltr'><strong>Axonam</strong></span> <span class='ocrx_word' id='word_1_635' title='bbox 1004 4589 1260 4659; x_wconf 91' lang='lat' dir='ltr'><strong>transiit,</strong></span> <span class='ocrx_word' id='word_1_636' title='bbox 1287 4592 1342 4643; x_wconf 92' lang='lat' dir='ltr'><strong>et</strong></span> <span class='ocrx_word' id='word_1_637' title='bbox 1369 4603 1545 4659; x_wconf 91' lang='lat' dir='ltr'><strong>super</strong></span> <span class='ocrx_word' id='word_1_638' title='bbox 1567 4589 1886 4645; x_wconf 89' lang='lat' dir='ltr'><strong>Robertum</strong></span> <span class='ocrx_word' id='word_1_639' title='bbox 1917 4580 1970 4640; x_wconf 91' lang='lat' dir='ltr'><strong>D</strong></span> <span class='ocrx_word' id='word_1_640' title='bbox 2003 4603 2182 4659; x_wconf 90' lang='lat' dir='ltr'><strong>scopo</strong></span> <span class='ocrx_word' id='word_1_641' title='bbox 2212 4591 2617 4645; x_wconf 89' lang='lat' dir='ltr'><strong>consecratur.</strong></span> 
     </span>
    </p>
   </div>
   <div class='ocr_carea' id='block_1_96' title="bbox 245 4674 1892 4746">
    <p class='ocr_par' dir='ltr' id='par_1_96' title="bbox 245 4674 1892 4746">
     <span class='ocr_line' id='line_1_96' title="bbox 245 4674 1892 4746; baseline 0.001 -17"><span class='ocrx_word' id='word_1_642' title='bbox 245 4675 436 4731; x_wconf 89' lang='lat' dir='ltr'><strong>irruit.</strong></span> <span class='ocrx_word' id='word_1_643' title='bbox 461 4678 530 4730; x_wconf 86' lang='lat' dir='ltr'><strong>At</strong></span> <span class='ocrx_word' id='word_1_644' title='bbox 556 4675 653 4731; x_wconf 90' lang='lat' dir='ltr'><strong>ille</strong></span> <span class='ocrx_word' id='word_1_645' title='bbox 679 4676 917 4731; x_wconf 90' lang='lat' dir='ltr'><strong>armatis</strong></span> <span class='ocrx_word' id='word_1_646' title='bbox 939 4676 1025 4732; x_wconf 92' lang='lat' dir='ltr'><strong>eis</strong></span> <span class='ocrx_word' id='word_1_647' title='bbox 1047 4690 1193 4746; x_wconf 90' lang='lat' dir='ltr'><strong>quos</strong></span> <span class='ocrx_word' id='word_1_648' title='bbox 1219 4690 1417 4731; x_wconf 87' lang='lat' dir='ltr'><strong>secum</strong></span> <span class='ocrx_word' id='word_1_649' title='bbox 1450 4674 1720 4745; x_wconf 88' lang='lat' dir='ltr'><strong>habebat,</strong></span> <span class='ocrx_word' id='word_1_650' title='bbox 1754 4689 1892 4731; x_wconf 91' lang='lat' dir='ltr'><strong>con-</strong></span> 
     </span>
    </p>
   </div>
   <div class='ocr_carea' id='block_1_97' title="bbox 247 4762 1888 4835">
    <p class='ocr_par' dir='ltr' id='par_1_97' title="bbox 247 4762 1888 4835">
     <span class='ocr_line' id='line_1_97' title="bbox 247 4762 1888 4835; baseline 0 -16"><span class='ocrx_word' id='word_1_651' title='bbox 247 4768 337 4819; x_wconf 91' lang='lat' dir='ltr'><strong>tra</strong></span> <span class='ocrx_word' id='word_1_652' title='bbox 364 4765 677 4834; x_wconf 88' lang='lat' dir='ltr'><strong>processit,</strong></span> <span class='ocrx_word' id='word_1_653' title='bbox 695 4765 1127 4834; x_wconf 89' lang='lat' dir='ltr'><strong>commissoque</strong></span> <span class='ocrx_word' id='word_1_654' title='bbox 1150 4762 1351 4835; x_wconf 72' lang='lat' dir='ltr'><strong>prazlio</strong></span> <span class='ocrx_word' id='word_1_655' title='bbox 1377 4762 1575 4819; x_wconf 90' lang='lat' dir='ltr'><strong>multis</strong></span> <span class='ocrx_word' id='word_1_656' title='bbox 1594 4764 1888 4834; x_wconf 92' lang='lat' dir='ltr'><strong>utrimque</strong></span> 
     </span>
    </p>
   </div>
   <div class='ocr_carea' id='block_1_98' title="bbox 247 4851 1891 4924">
    <p class='ocr_par' dir='ltr' id='par_1_98' title="bbox 247 4851 1891 4924">
     <span class='ocr_line' id='line_1_98' title="bbox 247 4851 1891 4924; baseline 0.001 -17"><span class='ocrx_word' id='word_1_657' title='bbox 247 4851 616 4922; x_wconf 86' lang='lat' dir='ltr'><strong>cadentibus,</strong></span> <span class='ocrx_word' id='word_1_658' title='bbox 638 4853 931 4908; x_wconf 91' lang='lat' dir='ltr'><strong>Robertus</strong></span> <span class='ocrx_word' id='word_1_659' title='bbox 952 4868 1182 4923; x_wconf 90' lang='lat' dir='ltr'><strong>quoque</strong></span> <span class='ocrx_word' id='word_1_660' title='bbox 1201 4853 1420 4908; x_wconf 90' lang='lat' dir='ltr'><strong>lanceis</strong></span> <span class='ocrx_word' id='word_1_661' title='bbox 1443 4853 1738 4923; x_wconf 90' lang='lat' dir='ltr'><strong>perfossus</strong></span> <span class='ocrx_word' id='word_1_662' title='bbox 1760 4868 1891 4924; x_wconf 89' lang='lat' dir='ltr'><strong>pro-</strong></span> 
     </span>
    </p>
   </div>
   <div class='ocr_carea' id='block_1_99' title="bbox 247 4939 1890 5011">
    <p class='ocr_par' dir='ltr' id='par_1_99' title="bbox 247 4939 1890 5011">
     <span class='ocr_line' id='line_1_99' title="bbox 247 4939 1890 5011; baseline 0 -16"><span class='ocrx_word' id='word_1_663' title='bbox 247 4940 470 4995; x_wconf 89' lang='lat' dir='ltr'><strong>cubuit.</strong></span> <span class='ocrx_word' id='word_1_664' title='bbox 500 4939 564 4995; x_wconf 85' lang='lat' dir='ltr'><strong>Hi</strong></span> <span class='ocrx_word' id='word_1_665' title='bbox 587 4945 783 4995; x_wconf 91' lang='lat' dir='ltr'><strong>tamen</strong></span> <span class='ocrx_word' id='word_1_666' title='bbox 810 4940 907 5009; x_wconf 91' lang='lat' dir='ltr'><strong>qui</strong></span> <span class='ocrx_word' id='word_1_667' title='bbox 931 4946 1098 4995; x_wconf 90' lang='lat' dir='ltr'><strong>erant</strong></span> <span class='ocrx_word' id='word_1_668' title='bbox 1132 4956 1261 4996; x_wconf 91' lang='lat' dir='ltr'><strong>cum</strong></span> <span class='ocrx_word' id='word_1_669' title='bbox 1296 4942 1571 5011; x_wconf 86' lang='lat' dir='ltr'><strong>Roberto,</strong></span> <span class='ocrx_word' id='word_1_670' title='bbox 1598 4943 1761 5011; x_wconf 85' lang='lat' dir='ltr'><strong>Hugo</strong></span> <span class='ocrx_word' id='word_1_671' title='bbox 1783 4941 1890 4998; x_wconf 92' lang='lat' dir='ltr'><strong>sci-</strong></span> 
     </span>
    </p>
   </div>
   <div class='ocr_carea' id='block_1_100' title="bbox 245 5025 1883 5100">
    <p class='ocr_par' dir='ltr' id='par_1_100' title="bbox 245 5025 1883 5100">
     <span class='ocr_line' id='line_1_100' title="bbox 245 5025 1883 5100; baseline 0.002 -19"><span class='ocrx_word' id='word_1_672' title='bbox 245 5025 385 5083; x_wconf 89' lang='lat' dir='ltr'><strong>licet</strong></span> <span class='ocrx_word' id='word_1_673' title='bbox 410 5027 564 5084; x_wconf 82' lang='lat' dir='ltr'><strong>filius</strong></span> <span class='ocrx_word' id='word_1_674' title='bbox 586 5028 730 5099; x_wconf 93' lang='lat' dir='ltr'><strong>ejus,</strong></span> <span class='ocrx_word' id='word_1_675' title='bbox 748 5032 803 5083; x_wconf 91' lang='lat' dir='ltr'><strong>et</strong></span> <span class='ocrx_word' id='word_1_676' title='bbox 830 5029 1177 5084; x_wconf 85' lang='lat' dir='ltr'><strong>lleribertus</strong></span> <span class='ocrx_word' id='word_1_677' title='bbox 1200 5044 1396 5085; x_wconf 88' lang='lat' dir='ltr'><strong>comes</strong></span> <span class='ocrx_word' id='word_1_678' title='bbox 1414 5030 1883 5100; x_wconf 86' lang='lat' dir='ltr'><strong>Vermandensis,</strong></span> 
     </span>
    </p>
   </div>
   <div class='ocr_carea' id='block_1_101' title="bbox 243 5116 1889 5187">
    <p class='ocr_par' dir='ltr' id='par_1_101' title="bbox 243 5116 1889 5187">
     <span class='ocr_line' id='line_1_101' title="bbox 243 5116 1889 5187; baseline 0 -16"><span class='ocrx_word' id='word_1_679' title='bbox 243 5130 372 5171; x_wconf 90' lang='lat' dir='ltr'><strong>cum</strong></span> <span class='ocrx_word' id='word_1_680' title='bbox 395 5116 628 5173; x_wconf 71' lang='lat' dir='ltr'><strong>caeteris</strong></span> <span class='ocrx_word' id='word_1_681' title='bbox 675 5116 921 5172; x_wconf 89' lang='lat' dir='ltr'><strong>victoria</strong></span> <span class='ocrx_word' id='word_1_682' title='bbox 976 5117 1170 5187; x_wconf 87' lang='lat' dir='ltr'><strong>potiti,</strong></span> <span class='ocrx_word' id='word_1_683' title='bbox 1199 5118 1466 5174; x_wconf 92' lang='lat' dir='ltr'><strong>Carolum</strong></span> <span class='ocrx_word' id='word_1_684' title='bbox 1516 5134 1645 5175; x_wconf 92' lang='lat' dir='ltr'><strong>cum</strong></span> <span class='ocrx_word' id='word_1_685' title='bbox 1685 5118 1889 5173; x_wconf 89' lang='lat' dir='ltr'><strong>Lotha-</strong></span> 
     </span>
    </p>
   </div>
   <div class='ocr_carea' id='block_1_102' title="bbox 246 5202 1887 5274">
    <p class='ocr_par' dir='ltr' id='par_1_102' title="bbox 246 5202 1887 5274">
     <span class='ocr_line' id='line_1_102' title="bbox 246 5202 1887 5274; baseline 0.002 -17"><span class='ocrx_word' id='word_1_686' title='bbox 246 5202 538 5259; x_wconf 90' lang='lat' dir='ltr'><strong>riensibus</strong></span> <span class='ocrx_word' id='word_1_687' title='bbox 571 5205 623 5259; x_wconf 91' lang='lat' dir='ltr'><strong>in</strong></span> <span class='ocrx_word' id='word_1_688' title='bbox 659 5206 849 5274; x_wconf 84' lang='lat' dir='ltr'><strong>fugam</strong></span> <span class='ocrx_word' id='word_1_689' title='bbox 897 5209 1167 5272; x_wconf 89' lang='lat' dir='ltr'><strong>vertunt;</strong></span> <span class='ocrx_word' id='word_1_690' title='bbox 1220 5205 1322 5261; x_wconf 92' lang='lat' dir='ltr'><strong>sed</strong></span> <span class='ocrx_word' id='word_1_691' title='bbox 1353 5207 1426 5261; x_wconf 92' lang='lat' dir='ltr'><strong>ob</strong></span> <span class='ocrx_word' id='word_1_692' title='bbox 1459 5212 1700 5261; x_wconf 90' lang='lat' dir='ltr'><strong>mortem</strong></span> <span class='ocrx_word' id='word_1_693' title='bbox 1732 5205 1887 5274; x_wconf 86' lang='lat' dir='ltr'><strong>regis</strong></span> 
     </span>
    </p>
   </div>
   <div class='ocr_carea' id='block_1_103' title="bbox 249 5291 1890 5364">
    <p class='ocr_par' dir='ltr' id='par_1_103' title="bbox 249 5291 1890 5364">
     <span class='ocr_line' id='line_1_103' title="bbox 249 5291 1890 5364; baseline 0.002 -19"><span class='ocrx_word' id='word_1_694' title='bbox 249 5291 337 5345; x_wconf 92' lang='lat' dir='ltr'><strong>sui</strong></span> <span class='ocrx_word' id='word_1_695' title='bbox 359 5292 627 5361; x_wconf 86' lang='lat' dir='ltr'><strong>persequi</strong></span> <span class='ocrx_word' id='word_1_696' title='bbox 645 5292 1023 5361; x_wconf 86' lang='lat' dir='ltr'><strong>destiterunt,</strong></span> <span class='ocrx_word' id='word_1_697' title='bbox 1041 5308 1305 5364; x_wconf 90' lang='lat' dir='ltr'><strong>campum</strong></span> <span class='ocrx_word' id='word_1_698' title='bbox 1325 5292 1734 5357; x_wconf 87' lang='lat' dir='ltr'><strong>obtinuerunt;</strong></span> <span class='ocrx_word' id='word_1_699' title='bbox 1757 5307 1890 5363; x_wconf 91' lang='lat' dir='ltr'><strong>spo-</strong></span> 
     </span>
    </p>
   </div>
   <div class='ocr_carea' id='block_1_104' title="bbox 246 5376 1889 5451">
    <p class='ocr_par' dir='ltr' id='par_1_104' title="bbox 246 5376 1889 5451">
     <span class='ocr_line' id='line_1_104' title="bbox 246 5376 1889 5451; baseline 0.002 -19"><span class='ocrx_word' id='word_1_700' title='bbox 246 5376 323 5433; x_wconf 92' lang='lat' dir='ltr'><strong>lia</strong></span> <span class='ocrx_word' id='word_1_701' title='bbox 355 5392 385 5433; x_wconf 88' lang='lat' dir='ltr'><strong>a</strong></span> <span class='ocrx_word' id='word_1_702' title='bbox 419 5379 733 5434; x_wconf 90' lang='lat' dir='ltr'><strong>rusticanis</strong></span> <span class='ocrx_word' id='word_1_703' title='bbox 773 5379 1001 5451; x_wconf 90' lang='lat' dir='ltr'><strong>direpta</strong></span> <span class='ocrx_word' id='word_1_704' title='bbox 1044 5386 1197 5436; x_wconf 92' lang='lat' dir='ltr'><strong>sunt.</strong></span> <span class='ocrx_word' id='word_1_705' title='bbox 1245 5380 1650 5435; x_wconf 89' lang='lat' dir='ltr'><strong>Lotharienses</strong></span> <span class='ocrx_word' id='word_1_706' title='bbox 1682 5380 1889 5437; x_wconf 91' lang='lat' dir='ltr'><strong>relicto</strong></span> 
     </span>
    </p>
   </div>
   <div class='ocr_carea' id='block_1_105' title="bbox 242 5466 1885 5546">
    <p class='ocr_par' dir='ltr' id='par_1_105' title="bbox 242 5466 1885 5546">
     <span class='ocr_line' id='line_1_105' title="bbox 242 5466 1885 5546; baseline 0.003 -26"><span class='ocrx_word' id='word_1_707' title='bbox 242 5466 395 5521; x_wconf 90' lang='lat' dir='ltr'><strong>intra</strong></span> <span class='ocrx_word' id='word_1_708' title='bbox 428 5481 668 5546; x_wconf 83' lang='lat' dir='ltr'><strong>regnum</strong></span> <span class='ocrx_word' id='word_1_709' title='bbox 702 5469 959 5525; x_wconf 62' lang='lat' dir='ltr'><strong>Francia:</strong></span> <span class='ocrx_word' id='word_1_710' title='bbox 985 5469 1213 5538; x_wconf 89' lang='lat' dir='ltr'><strong>Carolo,</strong></span> <span class='ocrx_word' id='word_1_711' title='bbox 1248 5472 1623 5525; x_wconf 86' lang='lat' dir='ltr'><strong>revertuntur</strong></span> <span class='ocrx_word' id='word_1_712' title='bbox 1659 5469 1730 5524; x_wconf 90' lang='lat' dir='ltr'><strong>ad</strong></span> <span class='ocrx_word' id='word_1_713' title='bbox 1761 5484 1885 5539; x_wconf 91' lang='lat' dir='ltr'><strong>sua,</strong></span> 
     </span>
    </p>
   </div>
   <div class='ocr_carea' id='block_1_106' title="bbox 241 5553 1891 5625">
    <p class='ocr_par' dir='ltr' id='par_1_106' title="bbox 241 5553 1891 5625">
     <span class='ocr_line' id='line_1_106' title="bbox 241 5553 1891 5625; baseline 0 -14"><span class='ocrx_word' id='word_1_714' title='bbox 241 5553 338 5624; x_wconf 90' lang='lat' dir='ltr'><strong>qui</strong></span> <span class='ocrx_word' id='word_1_715' title='bbox 357 5553 557 5611; x_wconf 89' lang='lat' dir='ltr'><strong>multis</strong></span> <span class='ocrx_word' id='word_1_716' title='bbox 581 5554 974 5625; x_wconf 89' lang='lat' dir='ltr'><strong>legationibus</strong></span> <span class='ocrx_word' id='word_1_717' title='bbox 992 5557 1341 5613; x_wconf 87' lang='lat' dir='ltr'><strong>Ilerbcrtum</strong></span> <span class='ocrx_word' id='word_1_718' title='bbox 1364 5555 1632 5612; x_wconf 92' lang='lat' dir='ltr'><strong>comitem</strong></span> <span class='ocrx_word' id='word_1_719' title='bbox 1654 5561 1712 5613; x_wconf 89' lang='lat' dir='ltr'><strong>et</strong></span> <span class='ocrx_word' id='word_1_720' title='bbox 1737 5556 1891 5614; x_wconf 92' lang='lat' dir='ltr'><strong>Seul-</strong></span> 
     </span>
    </p>
   </div>
   <div class='ocr_carea' id='block_1_107' title="bbox 238 5644 1891 5718">
    <p class='ocr_par' dir='ltr' id='par_1_107' title="bbox 238 5644 1891 5718">
     <span class='ocr_line' id='line_1_107' title="bbox 238 5644 1891 5718; baseline 0.002 -18"><span class='ocrx_word' id='word_1_721' title='bbox 238 5644 355 5700; x_wconf 88' lang='lat' dir='ltr'><strong>ufm</strong></span> <span class='ocrx_word' id='word_1_722' title='bbox 389 5645 913 5718; x_wconf 88' lang='lat' dir='ltr'><strong>archiepiscopum,</strong></span> <span class='ocrx_word' id='word_1_723' title='bbox 952 5651 1014 5703; x_wconf 92' lang='lat' dir='ltr'><strong>ut</strong></span> <span class='ocrx_word' id='word_1_724' title='bbox 1038 5647 1110 5704; x_wconf 90' lang='lat' dir='ltr'><strong>ad</strong></span> <span class='ocrx_word' id='word_1_725' title='bbox 1133 5661 1237 5705; x_wconf 87' lang='lat' dir='ltr'><strong>sua</strong></span> <span class='ocrx_word' id='word_1_726' title='bbox 1260 5648 1634 5704; x_wconf 83' lang='lat' dir='ltr'><strong>revertantur</strong></span> <span class='ocrx_word' id='word_1_727' title='bbox 1657 5652 1891 5705; x_wconf 73' lang='lat' dir='ltr'><strong>exorat.</strong></span> 
     </span>
    </p>
   </div>
   <div class='ocr_carea' id='block_1_108' title="bbox 2074 4676 3644 4748">
    <p class='ocr_par' dir='ltr' id='par_1_108' title="bbox 2074 4676 3644 4748">
     <span class='ocr_line' id='line_1_108' title="bbox 2074 4676 3644 4748; baseline 0.002 -17"><span class='ocrx_word' id='word_1_728' title='bbox 2074 4679 2237 4733; x_wconf 84' lang='lat' dir='ltr'><strong>Anno</strong></span> <span class='ocrx_word' id='word_1_729' title='bbox 2292 4680 2413 4733; x_wconf 71' lang='grc'>924.</span> <span class='ocrx_word' id='word_1_730' title='bbox 2459 4676 2778 4734; x_wconf 90' lang='lat' dir='ltr'><strong>indictione</strong></span> <span class='ocrx_word' id='word_1_731' title='bbox 2820 4676 2905 4747; x_wconf 87' lang='grc'>12,</span> <span class='ocrx_word' id='word_1_732' title='bbox 2946 4677 3200 4748; x_wconf 86' lang='lat' dir='ltr'><strong>Hungari</strong></span> <span class='ocrx_word' id='word_1_733' title='bbox 3259 4678 3438 4735; x_wconf 92' lang='lat' dir='ltr'><strong>ductu</strong></span> <span class='ocrx_word' id='word_1_734' title='bbox 3489 4676 3644 4747; x_wconf 83' lang='lat' dir='ltr'><strong>regis</strong></span> 
     </span>
    </p>
   </div>
   <div class='ocr_carea' id='block_1_109' title="bbox 2002 4764 3643 4837">
    <p class='ocr_par' dir='ltr' id='par_1_109' title="bbox 2002 4764 3643 4837">
     <span class='ocr_line' id='line_1_109' title="bbox 2002 4764 3643 4837; baseline 0.001 -18"><span class='ocrx_word' id='word_1_735' title='bbox 2002 4765 2359 4835; x_wconf 88' lang='lat' dir='ltr'><strong>Berengarii,</strong></span> <span class='ocrx_word' id='word_1_736' title='bbox 2406 4780 2572 4835; x_wconf 90' lang='lat' dir='ltr'><strong>quem</strong></span> <span class='ocrx_word' id='word_1_737' title='bbox 2613 4766 2973 4835; x_wconf 84' lang='lat' dir='ltr'><strong>Langobardi</strong></span> <span class='ocrx_word' id='word_1_738' title='bbox 3029 4766 3386 4837; x_wconf 91' lang='lat' dir='ltr'><strong>repulerant,</strong></span> <span class='ocrx_word' id='word_1_739' title='bbox 3422 4764 3643 4821; x_wconf 87' lang='lat' dir='ltr'><strong>Italiam</strong></span> 
     </span>
    </p>
   </div>
   <div class='ocr_carea' id='block_1_110' title="bbox 1999 4852 3642 4925">
    <p class='ocr_par' dir='ltr' id='par_1_110' title="bbox 1999 4852 3642 4925">
     <span class='ocr_line' id='line_1_110' title="bbox 1999 4852 3642 4925; baseline 0 -17"><span class='ocrx_word' id='word_1_740' title='bbox 1999 4852 2452 4924; x_wconf 88' lang='lat' dir='ltr'><strong>depopulantur,</strong></span> <span class='ocrx_word' id='word_1_741' title='bbox 2488 4852 2721 4923; x_wconf 89' lang='lat' dir='ltr'><strong>Papiam</strong></span> <span class='ocrx_word' id='word_1_742' title='bbox 2756 4869 2988 4924; x_wconf 91' lang='lat' dir='ltr'><strong>quoque</strong></span> <span class='ocrx_word' id='word_1_743' title='bbox 3030 4855 3229 4910; x_wconf 92' lang='lat' dir='ltr'><strong>urbem</strong></span> <span class='ocrx_word' id='word_1_744' title='bbox 3263 4852 3642 4925; x_wconf 89' lang='lat' dir='ltr'><strong>populosissi-</strong></span> 
     </span>
    </p>
   </div>
   <div class='ocr_carea' id='block_1_111' title="bbox 1999 4940 3641 5015">
    <p class='ocr_par' dir='ltr' id='par_1_111' title="bbox 1999 4940 3641 5015">
     <span class='ocr_line' id='line_1_111' title="bbox 1999 4940 3641 5015; baseline 0 -18"><span class='ocrx_word' id='word_1_745' title='bbox 1999 4955 2147 4997; x_wconf 90' lang='lat' dir='ltr'><strong>mam</strong></span> <span class='ocrx_word' id='word_1_746' title='bbox 2179 4945 2235 4996; x_wconf 92' lang='lat' dir='ltr'><strong>et</strong></span> <span class='ocrx_word' id='word_1_747' title='bbox 2270 4940 2775 5011; x_wconf 85' lang='lat' dir='ltr'><strong>opulentissimam</strong></span> <span class='ocrx_word' id='word_1_748' title='bbox 2810 4942 2940 5011; x_wconf 89' lang='lat' dir='ltr'><strong>igne</strong></span> <span class='ocrx_word' id='word_1_749' title='bbox 2970 4943 3351 5013; x_wconf 88' lang='lat' dir='ltr'><strong>succendunt,</strong></span> <span class='ocrx_word' id='word_1_750' title='bbox 3378 4941 3476 4998; x_wconf 90' lang='lat' dir='ltr'><strong>ubi</strong></span> <span class='ocrx_word' id='word_1_751' title='bbox 3499 4955 3641 5015; x_wconf 88' lang='lat' dir='ltr'><strong>opes</strong></span> 
     </span>
    </p>
   </div>
   <div class='ocr_carea' id='block_1_112' title="bbox 1999 5029 3640 5102">
    <p class='ocr_par' dir='ltr' id='par_1_112' title="bbox 1999 5029 3640 5102">
     <span class='ocr_line' id='line_1_112' title="bbox 1999 5029 3640 5102; baseline 0.001 -17"><span class='ocrx_word' id='word_1_752' title='bbox 1999 5029 2230 5102; x_wconf 89' lang='lat' dir='ltr'><strong>periere</strong></span> <span class='ocrx_word' id='word_1_753' title='bbox 2273 5029 2609 5099; x_wconf 73' lang='lat' dir='ltr'><strong>innumerae,</strong></span> <span class='ocrx_word' id='word_1_754' title='bbox 2653 5029 2915 5086; x_wconf 73' lang='lat' dir='ltr'><strong>ecclesiae</strong></span> <span class='ocrx_word' id='word_1_755' title='bbox 2964 5031 3348 5101; x_wconf 89' lang='lat' dir='ltr'><strong>quadraginta</strong></span> <span class='ocrx_word' id='word_1_756' title='bbox 3391 5034 3640 5100; x_wconf 84' lang='lat' dir='ltr'><strong>quatuor</strong></span> 
     </span>
    </p>
   </div>
   <div class='ocr_carea' id='block_1_113' title="bbox 2001 5116 3645 5189">
    <p class='ocr_par' dir='ltr' id='par_1_113' title="bbox 2001 5116 3645 5189">
     <span class='ocr_line' id='line_1_113' title="bbox 2001 5116 3645 5189; baseline 0.002 -19"><span class='ocrx_word' id='word_1_757' title='bbox 2001 5116 2132 5185; x_wconf 89' lang='lat' dir='ltr'><strong>igne</strong></span> <span class='ocrx_word' id='word_1_758' title='bbox 2146 5131 2316 5172; x_wconf 91' lang='lat' dir='ltr'><strong>succe</strong></span> <span class='ocrx_word' id='word_1_759' title='bbox 2329 5116 2639 5185; x_wconf 79' lang='lat' dir='ltr'><strong>nsae,urbis</strong></span> <span class='ocrx_word' id='word_1_760' title='bbox 2654 5117 2838 5187; x_wconf 91' lang='lat' dir='ltr'><strong>ipsius</strong></span> <span class='ocrx_word' id='word_1_761' title='bbox 2851 5119 3163 5189; x_wconf 90' lang='lat' dir='ltr'><strong>episcopus</strong></span> <span class='ocrx_word' id='word_1_762' title='bbox 3176 5133 3306 5174; x_wconf 90' lang='lat' dir='ltr'><strong>cum</strong></span> <span class='ocrx_word' id='word_1_763' title='bbox 3319 5117 3645 5174; x_wconf 87' lang='lat' dir='ltr'><strong>Vercellen-</strong></span> 
     </span>
    </p>
   </div>
   <div class='ocr_carea' id='block_1_114' title="bbox 2001 5204 3642 5277">
    <p class='ocr_par' dir='ltr' id='par_1_114' title="bbox 2001 5204 3642 5277">
     <span class='ocr_line' id='line_1_114' title="bbox 2001 5204 3642 5277; baseline 0.002 -17"><span class='ocrx_word' id='word_1_764' title='bbox 2001 5220 2083 5275; x_wconf 88' lang='lat' dir='ltr'><strong>se,</strong></span> <span class='ocrx_word' id='word_1_765' title='bbox 2113 5204 2211 5275; x_wconf 92' lang='lat' dir='ltr'><strong>qui</strong></span> <span class='ocrx_word' id='word_1_766' title='bbox 2236 5219 2431 5260; x_wconf 88' lang='lat' dir='ltr'><strong>secum</strong></span> <span class='ocrx_word' id='word_1_767' title='bbox 2457 5210 2604 5275; x_wconf 88' lang='lat' dir='ltr'><strong>erat,</strong></span> <span class='ocrx_word' id='word_1_768' title='bbox 2627 5204 2758 5274; x_wconf 85' lang='lat' dir='ltr'><strong>igne</strong></span> <span class='ocrx_word' id='word_1_769' title='bbox 2782 5207 3053 5277; x_wconf 89' lang='lat' dir='ltr'><strong>fumoque</strong></span> <span class='ocrx_word' id='word_1_770' title='bbox 3078 5211 3320 5264; x_wconf 88' lang='lat' dir='ltr'><strong>necatus</strong></span> <span class='ocrx_word' id='word_1_771' title='bbox 3335 5209 3446 5276; x_wconf 90' lang='lat' dir='ltr'><strong>est,</strong></span> <span class='ocrx_word' id='word_1_772' title='bbox 3468 5210 3642 5277; x_wconf 89' lang='lat' dir='ltr'><strong>atque</strong></span> 
     </span>
    </p>
   </div>
   <div class='ocr_carea' id='block_1_115' title="bbox 1999 5284 3643 5362">
    <p class='ocr_par' dir='ltr' id='par_1_115' title="bbox 1999 5284 3643 5362">
     <span class='ocr_line' id='line_1_115' title="bbox 1999 5284 3643 5362; baseline 0.003 -15"><span class='ocrx_word' id='word_1_773' title='bbox 1999 5308 2072 5347; x_wconf 91' lang='lat' dir='ltr'><strong>ex</strong></span> <span class='ocrx_word' id='word_1_774' title='bbox 2104 5291 2200 5348; x_wconf 92' lang='lat' dir='ltr'><strong>illa</strong></span> <span class='ocrx_word' id='word_1_775' title='bbox 2232 5306 2379 5362; x_wconf 91' lang='lat' dir='ltr'><strong>pene</strong></span> <span class='ocrx_word' id='word_1_776' title='bbox 2412 5284 2816 5349; x_wconf 79' lang='lat' dir='ltr'><strong>innumerabili</strong></span> <span class='ocrx_word' id='word_1_777' title='bbox 2850 5294 3225 5351; x_wconf 90' lang='lat' dir='ltr'><strong>multitudine</strong></span> <span class='ocrx_word' id='word_1_778' title='bbox 3258 5294 3494 5352; x_wconf 89' lang='lat' dir='ltr'><strong>ducenti</strong></span> <span class='ocrx_word' id='word_1_779' title='bbox 3519 5297 3643 5352; x_wconf 86' lang='lat' dir='ltr'><strong>tan-</strong></span> 
     </span>
    </p>
   </div>
   <div class='ocr_carea' id='block_1_116' title="bbox 2001 5380 3642 5455">
    <p class='ocr_par' dir='ltr' id='par_1_116' title="bbox 2001 5380 3642 5455">
     <span class='ocr_line' id='line_1_116' title="bbox 2001 5380 3642 5455; baseline 0.003 -19"><span class='ocrx_word' id='word_1_780' title='bbox 2001 5385 2122 5436; x_wconf 90' lang='lat' dir='ltr'><strong>tum</strong></span> <span class='ocrx_word' id='word_1_781' title='bbox 2146 5380 2510 5451; x_wconf 89' lang='lat' dir='ltr'><strong>superfuisse</strong></span> <span class='ocrx_word' id='word_1_782' title='bbox 2535 5388 2947 5453; x_wconf 91' lang='lat' dir='ltr'><strong>memorantur,</strong></span> <span class='ocrx_word' id='word_1_783' title='bbox 2976 5384 3072 5453; x_wconf 90' lang='lat' dir='ltr'><strong>qui</strong></span> <span class='ocrx_word' id='word_1_784' title='bbox 3094 5398 3169 5439; x_wconf 86' lang='lat' dir='ltr'><strong>ex</strong></span> <span class='ocrx_word' id='word_1_785' title='bbox 3190 5382 3457 5455; x_wconf 88' lang='lat' dir='ltr'><strong>reliquiis</strong></span> <span class='ocrx_word' id='word_1_786' title='bbox 3479 5383 3642 5441; x_wconf 86' lang='lat' dir='ltr'><strong>urbis</strong></span> 
     </span>
    </p>
   </div>
   <div class='ocr_carea' id='block_1_117' title="bbox 1999 5468 3639 5543">
    <p class='ocr_par' dir='ltr' id='par_1_117' title="bbox 1999 5468 3639 5543">
     <span class='ocr_line' id='line_1_117' title="bbox 1999 5468 3639 5543; baseline 0.004 -21"><span class='ocrx_word' id='word_1_787' title='bbox 1999 5468 2274 5540; x_wconf 67' lang='lat' dir='ltr'><strong>incensae,</strong></span> <span class='ocrx_word' id='word_1_788' title='bbox 2310 5483 2454 5539; x_wconf 89' lang='lat' dir='ltr'><strong>quas</strong></span> <span class='ocrx_word' id='word_1_789' title='bbox 2488 5471 2641 5526; x_wconf 91' lang='lat' dir='ltr'><strong>inter</strong></span> <span class='ocrx_word' id='word_1_790' title='bbox 2670 5470 2899 5528; x_wconf 91' lang='lat' dir='ltr'><strong>cineres</strong></span> <span class='ocrx_word' id='word_1_791' title='bbox 2928 5470 3211 5543; x_wconf 85' lang='lat' dir='ltr'><strong>legerant,</strong></span> <span class='ocrx_word' id='word_1_792' title='bbox 3248 5471 3475 5528; x_wconf 90' lang='lat' dir='ltr'><strong>modios</strong></span> <span class='ocrx_word' id='word_1_793' title='bbox 3505 5478 3639 5529; x_wconf 88' lang='lat' dir='ltr'><strong>octo</strong></span> 
     </span>
    </p>
   </div>
   <div class='ocr_carea' id='block_1_118' title="bbox 2000 5556 3637 5630">
    <p class='ocr_par' dir='ltr' id='par_1_118' title="bbox 2000 5556 3637 5630">
     <span class='ocr_line' id='line_1_118' title="bbox 2000 5556 3637 5630; baseline 0.004 -18"><span class='ocrx_word' id='word_1_794' title='bbox 2000 5556 2290 5614; x_wconf 87' lang='lat' dir='ltr'><strong>dederunt</strong></span> <span class='ocrx_word' id='word_1_795' title='bbox 2317 5559 2622 5630; x_wconf 87' lang='lat' dir='ltr'><strong>Hungaris,</strong></span> <span class='ocrx_word' id='word_1_796' title='bbox 2647 5559 2825 5615; x_wconf 89' lang='lat' dir='ltr'><strong>vitam</strong></span> <span class='ocrx_word' id='word_1_797' title='bbox 2845 5565 2903 5616; x_wconf 90' lang='lat' dir='ltr'><strong>et</strong></span> <span class='ocrx_word' id='word_1_798' title='bbox 2926 5575 3126 5618; x_wconf 85' lang='lat' dir='ltr'><strong>muros</strong></span> <span class='ocrx_word' id='word_1_799' title='bbox 3150 5560 3411 5619; x_wconf 89' lang='lat' dir='ltr'><strong>civitatis</strong></span> <span class='ocrx_word' id='word_1_800' title='bbox 3442 5573 3637 5619; x_wconf 66' lang='lat' dir='ltr'><strong>vacuae</strong></span> 
     </span>
    </p>
   </div>
   <div class='ocr_carea' id='block_1_119' title="bbox 2001 5647 3639 5725">
    <p class='ocr_par' dir='ltr' id='par_1_119' title="bbox 2001 5647 3639 5725">
     <span class='ocr_line' id='line_1_119' title="bbox 2001 5647 3639 5725; baseline 0.003 -22"><span class='ocrx_word' id='word_1_801' title='bbox 2001 5647 2371 5704; x_wconf 87' lang='lat' dir='ltr'><strong>redimentes.</strong></span> <span class='ocrx_word' id='word_1_802' title='bbox 2391 5648 2895 5719; x_wconf 88' lang='lat' dir='ltr'><strong>Quibusexpletis,</strong></span> <span class='ocrx_word' id='word_1_803' title='bbox 2912 5663 3018 5722; x_wconf 90' lang='lat' dir='ltr'><strong>per</strong></span> <span class='ocrx_word' id='word_1_804' title='bbox 3030 5649 3284 5723; x_wconf 87' lang='lat' dir='ltr'><strong>abrupta</strong></span> <span class='ocrx_word' id='word_1_805' title='bbox 3300 5648 3639 5725; x_wconf 75' lang='lat' dir='ltr'><strong>gradientes</strong></span> 
     </span>
    </p>
   </div>
  </div>
