3922 6410
255 410 368 474 177

1481 418 1974 490 CHRONICON.
2008 460 2085 474 -
2116 423 2269 491 LIB.
2303 420 2348 492 Ῑ.

243 538 317 645 ad
331 539 1394 645 Alpiumjug-a_perveniunt_.ARodulfus
1418 567 1558 645 vero
1583 555 1892 629 Cisalpinae
1923 560 1978 624 A
2009 564 2188 624 fuisse
2222 566 2277 625 in
2307 580 2620 627 carcerem.
2659 565 2876 645 [non]
2907 572 3041 631 Post
3075 572 3200 632 haec
3240 573 3563 638 Herbertus
3594 592 3658 637 se

247 629 447 689 Galliae
481 649 603 705 rex,
631 638 689 690 et
720 637 881 708 Hugo
912 654 1014 694 rex
1045 640 1387 699 Viennensis
1417 642 1570 700 inter
1591 647 1893 716 angustias

247 722 485 778 collium
502 722 840 794 Alpinorum
855 742 958 784 eos
973 729 1410 801 concluserunt,
1429 734 1578 789 unde
1596 735 1823 805 inopina
1838 742 1894 792 to

245 806 378 866 loco
412 826 513 882 per
543 811 707 868 devia
739 815 1077 887 evadentes,
1105 818 1366 874 Gothiam
1400 820 1706 891 impetunt.
1738 823 1894 889 QuoS

244 899 477 969 sequuti
504 900 766 970 praedicti
785 902 1259 973 duces,sternunt
1274 908 1894 977 quosinvenerunt.ln-

242 990 407 1043 terea
438 988 823 1058 Berengarius
856 1006 886 1046 a
920 993 1043 1049 suis
1068 995 1390 1067 perimitur,
1417 999 1727 1053 Normanni
1762 1015 1891 1056 cum

242 1074 479 1131 Francis
501 1081 733 1146 pactum
759 1078 981 1150 ineunt,
1001 1082 1134 1138 data
1158 1088 1331 1153 pacto
1354 1084 1515 1155 pacis
1537 1091 1690 1143 terra
1717 1089 1893 1159 Cyne-

243 1164 539 1219 mannensi
573 1167 631 1219 et
664 1166 980 1235 Bajocensi,
1018 1171 1267 1240 Hungari
1314 1187 1453 1229 vero
1486 1188 1611 1230 sese
1646 1180 1702 1229 et
1738 1178 1892 1247 capi-

240 1251 365 1305 tum
382 1250 680 1308 inflatione
695 1269 759 1308 ac
775 1254 1107 1324 dysenteria
1124 1259 1317 1314 cuncti
1335 1276 1497 1330 ptene
1516 1262 1886 1320 interierunt.

312 1340 476 1394 Anno
514 1342 780 1411 sequenti
823 1342 1054 1400 Seulfus
1085 1346 1232 1401 obiit
1263 1348 1572 1405 Remorum
1607 1351 1891 1422 archiepi-

239 1439 454 1497 scopus
509 1430 735 1484 exactis
770 1430 826 1486 in
857 1432 1198 1503 episcopatu
1241 1437 1407 1492 annis
1444 1438 1652 1508 tribus,
1687 1439 1892 1496 diebus

240 1515 515 1586 quinque.
588 1518 755 1573 Rollo
838 1521 1295 1579 Normannorum
1375 1526 1888 1596 Rotomagensium

240 1602 515 1674 princeps
548 1605 784 1662 Francia
831 1607 1163 1678 depraedata
1214 1626 1413 1682 pacem
1462 1614 1656 1685 fregit,
1685 1620 1886 1672 contra

236 1706 411 1762 quem
443 1694 645 1751 Franci
677 1700 934 1754 castrum
978 1700 1200 1768 Augum
1233 1701 1489 1772 capiunt.

307 1781 582 1838 Heinrico
603 1798 834 1854 quoque
863 1787 1058 1842 cuncti
1093 1802 1156 1843 se
1188 1789 1594 1847 Lotharienses
1626 1793 1888 1848 commit-

2007 656 2255 713 Rodulfo
2300 662 2683 731 commendat,
2718 663 2963 719 reducto
2996 664 3206 721 iterum
3240 668 3348 723 sub
3380 669 3653 726 custodia

2008 746 2231 813 Carolo,
2266 751 2323 802 ct
2373 764 2502 804 cum
2559 750 2657 805 illo
2709 752 3099 822 proﬁciscitur
3148 756 3375 811 obviam
3428 760 3651 829 Hugoni

2005 835 2126 903 regi
2154 834 2352 891 Italiae.
2377 837 2885 896 BennoMettensis
2908 841 3221 913 episcopus
3242 844 3468 902 insidiis
3481 861 3654 918 appe-

2002 922 2167 992 titus,
2196 924 2460 980 eviratus
2494 930 2550 981 et
2586 926 2902 984 luminibus
2925 930 3188 1000 privatus
3219 936 3329 988 est.
3366 934 3653 993 Rodulfus

2004 1026 2031 1065 a
2044 1015 2196 1067 utem
2213 1028 2313 1067 rex
2330 1014 2523 1070 missis
2539 1016 2761 1071 nuntiis
2779 1031 2973 1087 pacem
2994 1019 3125 1073 fecit
3142 1034 3269 1076 cum
3287 1022 3653 1092 Carolo,red-

2002 1099 2145 1155 dens
2166 1100 2248 1155 illi
2286 1102 2661 1171 Attiniacum,
2683 1109 2742 1159 et
2771 1107 3110 1163 muneribus
3144 1108 3434 1167 honorans
3464 1110 3645 1168 illum.

2076 1192 2237 1246 Anno
2260 1192 2679 1260 929,Johanncs
2701 1208 2847 1264 papa
2872 1196 2915 1250 X
2939 1195 2993 1250 in
3007 1196 3271 1253 custodia
3290 1198 3644 1269 defungitur.

2002 1278 2273 1333 Succedit
2306 1280 2595 1337 Johannes
2628 1284 2716 1338 XI.
2747 1282 2988 1339 Carolus
3013 1300 3242 1355 quoque
3267 1286 3650 1359 apudParon-

2001 1380 2129 1420 nam
2156 1367 2321 1433 obiit,
2342 1368 2437 1437 qui
2463 1369 2729 1439 animam,
2749 1385 2861 1425 non
2883 1387 3098 1442 corpus
3121 1375 3385 1430 custodia
3409 1377 3643 1432 exemit.

2004 1453 2247 1520 (Chron.
2263 1456 2427 1525 Dio.)
2444 1457 2546 1512 Hic
2568 1458 2701 1513 dum
2719 1458 2962 1529 viveret,
2983 1461 3233 1532 Simplex
3254 1461 3446 1519 dictus
3466 1466 3648 1521 estob

2002 1541 2420 1610 benignitatem
2454 1544 2646 1614 animi,
2674 1560 2825 1601 nunc
2858 1552 3098 1603 sanctus
3132 1553 3292 1605 recte
3325 1555 3516 1621 potest
3548 1566 3648 1608 vo-

2000 1629 2142 1699 cari,
2173 1631 2442 1699 quoniam
2476 1632 2691 1701 injuste
2722 1635 2794 1689 ab
2815 1635 3147 1691 inﬁdelibus
3171 1638 3295 1693 suis
3313 1642 3369 1694 et
3397 1640 3650 1711 perjuris

2000 1717 2172 1786 longo
2202 1720 2461 1776 carceris
2501 1722 2774 1791 squalore
2823 1724 3093 1794 amictus,
3127 1727 3512 1784 transmissus
3554 1732 3644 1785 est

1997 1806 2133 1862 vitae
2152 1814 2470 1878 perpetuae.
2497 1810 2601 1866 Hic
2626 1810 2861 1882 reliquit
2886 1812 3063 1869 ﬁlium
3086 1815 3433 1872 Ludovicum
3456 1817 3649 1875 Ultra-

238 1872 392 1940 tunt,
417 1874 478 1978 et
500 1871 938 1978 ipserBe‘rnuino
971 1876 1222 1933 Dadonis
1250 1878 1505 1978 episcopi
1539 1881 1737 1978 nepoti
1768 1882 1888 1978 θρί-
1915 1917 1968 1978 Β
2000 1871 2281 1952 marinum
2296 1912 2367 1952 ex
2381 1898 2630 1968 Eadgiva
2648 1871 2963 1969 Anglorum
2979 1902 3136 1971 regis
3151 1903 3266 1959 ﬁlia
3283 1871 3643 1978 susceptum,

240 1962 546 2029 scopatum
588 1960 1010 2017 Virdunensem
1065 1965 1353 2035 concedit,
1389 1968 1485 2038 qui
1533 1973 1590 2025 et
1641 1970 1885 2042 expulso

240 2045 498 2116 Hugone,
528 2047 921 2105 cuiRodulfus
946 2050 1089 2106 illud
1121 2051 1384 2124 dederat,
1412 2055 1622 2112 ibidem
1656 2058 1886 2113 ordina-

239 2135 339 2188 tur
367 2133 682 2206 episcopus
711 2150 859 2192 anno
887 2137 1008 2207 925,
1044 2139 1363 2198 indictione
1395 2147 1477 2198 13.
1508 2144 1731 2201 Abhinc
1762 2145 1886 2202 Vir-

236 2219 454 2278 dunum
482 2227 541 2278 et
570 2222 698 2280 alia}
731 2225 1002 2283 civitates
1025 2242 1052 2283 a
1081 2243 1257 2298 regno
1281 2232 1629 2289 Francorum
1660 2234 1886 2290 defece-

234 2314 391 2365 runt.
426 2311 589 2380 Hugo
623 2326 761 2368 vero
809 2315 1119 2386 presbyter
1164 2318 1422 2374 Virduno
1471 2321 1699 2391 pulsus,
1736 2336 1884 2379 anno

234 2398 507 2467 sequenti
530 2402 798 2455 mortuus
818 2404 939 2467 est;
964 2418 1077 2472 quo
1109 2404 1284 2459 etiam
1315 2421 1463 2462 anno
1500 2408 1708 2464 timore
1735 2398 1884 2466 Hun-

229 2500 505 2556 garorum
540 2502 758 2558 corpus
790 2492 976 2545 sancti
1010 2492 1253 2561 Remigii
1277 2498 1337 2548 et
1362 2495 1604 2551 aliorum
1640 2497 1881 2568 pignora

230 2579 567 2630 sanctorum
598 2576 792 2631 Remis
816 2576 1007 2633 delata
1033 2584 1190 2635 sunt.
1214 2583 1375 2649 Hugo
1400 2583 1550 2637 ﬁlius
1574 2586 1760 2641 Bcrtaa
1781 2602 1880 2642 rex

226 2661 413 2718 Italiae
447 2663 850 2733 constituitur,
884 2666 1128 2736 expulso
1161 2668 1466 2740 Cisalpinae
1512 2672 1710 2730 Gallias
1743 2666 1880 2746 rege

219 2748 475 2806 Rodulfo
535 2751 696 2821 regni
760 2752 1048 2824 invasore,
1083 2755 1180 2825 qui
1242 2763 1375 2813 ante
1435 2761 1878 2828 quadriennium

221 2835 458 2895 electus
487 2839 559 2894 ab
590 2838 676 2895 eis
708 2843 901 2896 luerat
933 2842 1161 2911 abjecto
1202 2860 1337 2914 rege
1367 2847 1735 2918 Berengario.
1769 2853 1880 2908 An-

228 2940 344 2982 nus
371 2930 494 2996 928,
530 2926 845 2984 indictione
879 2930 1061 3001 prima
1110 2947 1295 2989 annus
1328 2935 1550 3005 primus
1580 2939 1737 3009 regis
1766 2941 1872 2996 Hu-

222 3013 395 3082 gonis
424 3014 610 3086 ipsius
633 3017 879 3073 exstitit.
908 3020 1069 3088 Hugo
1094 3036 1328 3092 quoque
1351 3025 1608 3093 Magnus,
1632 3027 1874 3083 Roberti

221 3102 381 3170 regis
414 3101 591 3173 ﬁlius,
627 3103 801 3160 ﬁliam
841 3106 1093 3162 Eduardi
1146 3110 1299 3178 regis
1345 3112 1680 3183 Anglorum,
1717 3130 1877 3172 soro-

222 3204 345 3246 rem
369 3185 645 3261 ‘conjugis
678 3193 891 3264 Caroli,
918 3194 1079 3251 duxit
1114 3212 1374 3253 uxorem.

299 3281 463 3335 Anno
487 3284 611 3350 927,
636 3282 821 3351 pestis
842 3282 1007 3352 quasi
1033 3284 1209 3341 febris
1231 3290 1286 3341 et
1314 3288 1494 3345 tussis
1520 3290 1698 3347 mixta
1729 3307 1876 3349 mor-

223 3365 457 3424 talitate
481 3367 536 3423 in
551 3373 794 3426 cunctas
810 3370 1130 3428 Germania;
1154 3373 1468 3445 Galliaeque
1490 3382 1697 3447 gentes
1714 3395 1877 3451 gras-

220 3459 408 3525 satur,
442 3470 552 3526 qua
586 3470 908 3528 percussus
939 3460 1251 3518 Widiricus
1285 3464 1588 3523 Mettensis
1620 3470 1875 3526 antistes

220 3542 582 3615 defungitur,
644 3551 702 3601 et
760 3548 988 3602 evocati
1049 3548 1117 3604 ad
1175 3550 1529 3622 colloquium
1617 3556 1873 3614 Heinrici

212 3633 381 3686 trans
423 3632 684 3699 Rhenum
731 3634 1053 3692 Herbertus
1097 3653 1293 3694 comes
1348 3646 1407 3695 et
1432 3642 1593 3711 Hugo
1639 3644 1875 3713 Magnus

214 3718 452 3775 Roberti
487 3719 663 3791 ﬁlius,
691 3737 830 3793 pace
892 3723 1137 3795 ﬁrmata,
1166 3728 1509 3785 muneribus
1542 3731 1873 3790 Heinricum

220 3806 530 3879 honorant,
554 3814 609 3865 et
643 3810 1007 3869 honorantur
1037 3814 1107 3869 ab
1139 3814 1260 3871 illo.
1294 3816 1373 3870 Ibi
1406 3818 1710 3877 Heinricus
1742 3836 1876 3877 con-

222 3894 439 3967 templa
454 3897 743 3955 electione
759 3900 992 3971 civium,
1010 3903 1371 3975 episcopium
1386 3908 1691 3965 Mettensis
1713 3909 1877 3966 urbis

223 3983 455 4040 cuidam
491 4000 664 4042 servo
694 3988 812 4059 Dei,
847 3994 911 4045 ut
942 3990 1260 4062 ferebatur,
1297 3993 1456 4050 dedit
1489 4003 1873 4065 cognomento

213 4072 489 4130 Bennoni.
526 4075 849 4132 Herbertus
883 4078 1149 4135 Carolum
1174 4079 1245 4135 de
1271 4083 1541 4138 custodia
1565 4085 1757 4154 ejecit,
1786 4100 1875 4142 se-

219 4174 472 4232 cumque
515 4177 700 4232 usque
751 4164 823 4220 ad
876 4165 1148 4221 Sanctum
1208 4167 1546 4233 Quintinum
1605 4172 1891 4235 deduxit.,

214 4249 409 4305 Mettis
438 4252 495 4305 et
523 4263 627 4321 per
651 4250 890 4308 Galliam
914 4252 1124 4310 timore
1149 4255 1554 4326 Hungarorum
1580 4261 1730 4330 fuge
1755 4260 1873 4332 agi-

219 4340 444 4407 tantur,
504 4337 732 4394 scilicet
793 4354 896 4411 per
951 4342 1250 4398 Franciam
1306 4336 1870 4418 et’Lotharingiam.

217 4425 341 4496 (fol.
364 4426 655 4497 65.)Anno
671 4429 939 4497 sequenti
962 4429 1248 4488 Rodulfus
1269 4434 1470 4490 audita
1495 4436 1871 4494 restitutione

219 4513 413 4570 Caroli
444 4529 575 4570 cum
608 4515 809 4571 hostili
843 4532 1012 4574 manu
1038 4518 1108 4574 de
1131 4520 1465 4591 Burgundia
1492 4524 1547 4577 in
1575 4525 1871 4581 Franciam

1998 1983 2094 2053 qui
2119 1989 2385 2041 metuens
2407 1985 2621 2042 involvi
2642 1988 2997 2045 calamitatis
3021 1991 3225 2060 patria:
3250 1993 3543 2063 procellis,
3571 1996 3642 2050 ad

1998 2072 2216 2141 Anglos
2234 2074 2781 2132 Saxonesmaternze
2805 2077 3103 2134 affinitatis
3133 2081 3321 2148 gratia
3351 2096 3414 2137 se
3441 2087 3645 2139 contu-

1997 2158 2082 2214 lit.
2109 2161 2433 2217 Herbertus
2454 2168 2514 2218 et
2535 2165 2698 2234 Hugo
2721 2165 2963 2221 comites
2985 2172 3187 2223 contra
3213 2170 3515 2240 Bosonem,
3538 2171 3645 2227 Ro-

1996 2247 2135 2304 dulﬁ
2154 2249 2311 2319 regis
2337 2250 2597 2321 fratrem,
2626 2253 3131 2325 prosﬁciscuntur,
3150 2259 3527 2326 quamobrem
3546 2260 3645 2316 Bo-

1997 2351 2059 2393 so
2081 2337 2351 2394 Heinrico
2370 2354 2565 2409 pacem
2580 2339 2600 2409 j
2613 2356 2779 2396 urare
2793 2342 3183 2413 compellitur.
3204 2344 3494 2402 Adalbero
3509 2348 3645 2402 Met-

1997 2428 2221 2480 tensem
2253 2426 2656 2498 epiSCOpatum
2697 2430 3065 2501 adipiscitur,
3101 2432 3359 2488 Bennoni
3408 2434 3641 2490 abbatia

1996 2513 2242 2582 quadam
2265 2530 2544 2571 concessa
2571 2519 3261 2575 sustentationistenore.
3280 2522 3641 2593 VimAlpium

1993 2604 2129 2658 tunc
2153 2618 2257 2674 per
2276 2604 2625 2661 Sarracenos
2638 2606 2918 2673 obsessa),
2936 2622 2965 2663 a
2983 2608 3195 2678 quibus
3215 2608 3382 2665 multi
3406 2611 3638 2667 Romam

1996 2688 2080 2745 ire
2111 2690 2376 2748 volentes
2407 2692 2667 2763 impediti
2710 2699 3111 2751 revertuntur.
3149 2698 3284 2753 Post
3337 2697 3445 2754 hoc
3494 2699 3641 2757 Boso

1994 2778 2197 2847 frater,
2233 2794 2368 2847 rege
2402 2781 2649 2836 llenrico
2683 2781 2909 2849 relicto,
2945 2782 3015 2838 ad
3048 2784 3358 2840 Rodulfum
3391 2786 3564 2842 redit.

2066 2868 2225 2923 Anno
2257 2870 2379 2938 932,
2415 2868 2741 2925 Bernuinus
2781 2869 3165 2928 Virdunensis
3212 2872 3549 2944 episcopus,
3581 2880 3642 2931 et

1991 2955 2140 3010 Boso
2170 2956 2351 3012 frater
2384 2956 2557 3026 regis,
2596 2971 2697 3012 rex
2731 2957 2929 3013 Gallia;
2963 2974 3090 3028 quae
3124 2961 3355 3017 Comata
3397 2961 3633 3033 dicitur,

1990 3041 2277 3098 incendiis
2306 3044 2460 3099 inter
2493 3059 2556 3100 se
2579 3045 3234 3118 depraedationibusque
3259 3048 3636 3119 bacchantur,

1989 3132 2365 3201 quamobrem
2400 3134 2541 3188 urbs
2572 3132 2695 3203 ipsa
2731 3133 2973 3190 multum
3018 3134 3122 3191 fuit
3157 3136 3386 3193 afflicta.

1905 3264 1955 3327 Ο
2062 3218 2281 3290 [FLon.]
2316 3222 2479 3275 Anno
2511 3221 2777 3289 sequenti
2810 3221 3027 3279 Vienna
3059 3223 3307 3280 Rodulfo
3346 3225 3469 3295 regi
3521 3229 3637 3281 tra-

1987 3305 2167 3376 ditur,
2193 3311 2254 3361 et
2283 3307 2610 3369 Willelmus
2642 3311 3100 3367 Normannorum
3128 3312 3401 3383 princeps
3423 3313 3475 3369 ei
3500 3315 3636 3369 sub-

1988 3395 2168 3464 ditur,
2203 3400 2262 3463 et
2294 3397 2458 3465 Hugo
2490 3410 2593 3452 rex
2623 3396 2803 3453 Italia;
2832 3398 3070 3454 Romam
3100 3399 3356 3455 obsidet.
3401 3400 3639 3457 Fulber-

1984 3488 2084 3540 tus
2110 3485 2618 3541 Cameracensium
2642 3485 2947 3542 ordinatur
2965 3487 3278 3559 epiSCOpus
3299 3489 3372 3544 ab
3395 3489 3636 3546 Artaldo

1987 3573 2293 3628 Remorum
2329 3572 2792 3644 archiepiscopo.
3450 3585 3457 3591 '

2059 3662 2221 3716 Anno
2253 3662 2520 3730 sequenti
2552 3661 2750 3731 ignitae
2782 3660 2836 3716 in
2860 3661 3004 3718 calo
3027 3661 3184 3719 acies
3199 3662 3340 3719 visae
3362 3668 3496 3721 sunt
3520 3664 3637 3721 dis-

1985 3762 2247 3818 currere,
2273 3753 2331 3805 et
2365 3749 2530 3819 quasi
2558 3764 2801 3821 serpens
2820 3750 3043 3820 igneus,
3069 3755 3128 3806 et
3151 3752 3413 3821 quadam
3439 3752 3633 3823 jacula

1985 3837 2124 3894 ferri
2146 3838 2334 3909 pridie
2359 3836 2494 3893 Idus
2517 3837 2789 3894 Octobris
2812 3853 2978 3895 mane
3009 3842 3144 3895 ante
3177 3840 3323 3896 lueis
3345 3845 3630 3898 exortum.

1986 3927 2112 3983 Mox
2136 3928 2495 3997 subsequuta
2521 3931 2615 3982 est
2636 3928 2822 3998 pestis
2843 3927 3095 3984 diversis
3117 3929 3363 3985 humana
3386 3944 3633 4001 corpora

1986 4014 2245 4070 alliciens
2277 4015 2532 4081 morbis;
2567 4029 2676 4085 qua
2702 4015 3038 4085 pestilentia
3064 4030 3383 4087 percussus
3405 4017 3635 4087 quidam

1987 4103 2270 4159 diaconus
2295 4102 2693 4171 Virdunensis,
2712 4104 2945 4158 nomine
2968 4104 3333 4175 Adelmarus,
3356 4105 3635 4175 languore

1985 4191 2319 4262 depressus,
2347 4190 2616 4261 spiritum
2650 4189 2845 4246 amisit
2871 4192 3006 4255 ;sed
3040 4196 3349 4262 antequam
3380 4194 3637 4265 impone-

1985 4281 2150 4335 retur
2174 4279 2414 4347 feretro,
2442 4291 2713 4334 reversus
2738 4278 2815 4334 ita
2841 4279 3096 4335 surrexit
3115 4280 3364 4351 validus,
3392 4286 3456 4338 ut
3478 4283 3637 4338 vide-

1985 4368 2149 4422 retur
2173 4366 2283 4422 sibi
2312 4365 2455 4420 nihil
2479 4366 2845 4435 aegritudinis
2860 4381 2922 4422 se
2948 4367 3129 4424 fuisse
3155 4383 3512 4440 perpessum,
3535 4371 3633 4441 qui

1985 4469 2047 4510 se
2080 4455 2311 4511 diversa
2340 4453 2759 4525 suppliciorum
2790 4454 2883 4511 vel
2912 4455 3201 4525 refrigerii
3252 4455 3379 4512 loca
3412 4457 3632 4514 vidisse

1985 4546 2239 4600 testatus
2269 4547 2378 4612 est,
2411 4555 2590 4612 seque
2621 4542 2808 4614 ipsum
2843 4542 2968 4599 loco
2994 4543 3227 4614 poeniali
3262 4544 3628 4617 deputatum,

214 4601 379 4703 Σθηίῐ
409 4603 815 4703 amid?!anth
846 4605 971 4703 1093
999 4608 1286 4703 .qualdam
1340 4610 1704 4703 incendent“?
1729 4630 1743 4678 ;
1775 4603 1870 4670 cui
1901 4615 1955 4677 D
1984 4630 2080 4686 Dei
2107 4644 2245 4686 vero
2271 4601 2576 4701 genitricis
2593 4601 2658 4686 et
2676 4601 3446 4703 beatiMartiniprecibusad
3461 4601 3632 4703 agen:

215 4690 379 4759 Hugo
416 4691 660 4747 Roberti
693 4692 849 4749 ﬁlius
878 4694 1103 4750 obviam
1139 4696 1221 4751 ire
1256 4704 1442 4769 parat,
1477 4704 1534 4755 ct
1567 4700 1872 4758 venientes

216 4792 398 4850 super
430 4781 647 4836 Isaram
679 4780 834 4837 inter
861 4783 1171 4840 Rodulfum
1202 4800 1397 4854 regem
1430 4795 1488 4842 et
1521 4789 1869 4846 llerbertum

216 4866 489 4923 comitem
522 4875 833 4940 sequester
863 4875 919 4926 et
954 4872 1177 4929 medius
1216 4875 1342 4930 fuit.
1380 4876 1702 4934 Herbertus
1730 4893 1870 4935 vero

219 4954 376 5012 datis
404 4956 711 5014 obsidibus
743 4972 924 5029 usque
984 4962 1053 5017 ad
1106 4961 1537 5021 denominatum
1593 4966 1869 5037 placitum

218 5043 414 5101 Remis
444 5060 576 5101 cum
611 5047 816 5103 Carolo
848 5048 1004 5103 venit
1042 5049 1291 5122 indeque
1331 5052 1562 5110 litteras
1590 5056 1870 5112 Johannis

219 5145 383 5205 papae
404 5133 582 5190 mittit
609 5134 681 5192 de
706 5136 1081 5194 restitutione
1104 5143 1163 5194 et
1186 5138 1404 5196 honore
1428 5142 1639 5213 Caroli,
1678 5147 1735 5199 ut
1761 5145 1868 5201 sibi

216 5220 327 5278 sub
351 5221 828 5280 interminatione
849 5228 1470 5286 excommunicationis
1485 5238 1865 5304 praeceperat.

218 5309 518 5367 Reversus
564 5315 757 5368 autem
817 5314 1028 5371 missus
1074 5316 1365 5373 nunciavit
1420 5319 1608 5389 ipsum
1665 5335 1869 5392 papam

215 5397 536 5455 Iohannem
570 5413 600 5454 a
631 5400 873 5458 Widone
930 5404 1112 5460 fratre
1144 5406 1403 5476 Hugonis
1442 5408 1599 5477 regis
1628 5414 1871 5481 prOpter

216 5485 550 5544 simultates
587 5489 863 5560 quasdam
915 5491 1069 5549 inter
1116 5507 1221 5550 eos
1276 5499 1514 5553 exortas
1574 5501 1870 5556 retrusum

1985 4719 2113 4775 dam
2132 4718 2533 4789 poenitentiam
2556 4718 2692 4775 vita;
2717 4719 2994 4789 praesenti
3019 4718 3332 4776 redditum.
3352 4719 3473 4791 (fol.
3497 4718 3630 4792 ὅδ’.)

1984 4806 2367 4873 Quamobrem
2400 4806 2574 4876 hujus
2604 4806 2869 4878 exemplo
2925 4807 3229 4878 provocati
3277 4808 3508 4878 quidam
3539 4824 3634 4866 ca-

1983 4895 2326 4951 nonieorum
2343 4898 2561 4951 sanctae
2574 4895 2765 4951 Marias
2779 4894 3055 4952 saeculum
3071 4895 3474 4966 deseruere,et
3496 4897 3628 4967 quia

1984 4984 2036 5039 in
2071 4983 2271 5039 eadem
2302 4983 2543 5039 civitate
2575 4985 2954 5053 congregatio
3004 4984 3419 5041 monachorum
3470 4985 3630 5043 nulla

1980 5058 2107 5111 erat
2142 5054 2345 5125 (74)-
2368 5054 2423 5108 in
2454 5054 2721 5110 {ecclesia
2754 5055 2906 5111 enim
2938 5055 3123 5110 sancti
3156 5055 3313 5110 Petri
3346 5060 3402 5111 et
3436 5057 3627 5112 sancti

1982 5143 2173 5199 Vitoni
2203 5142 2403 5199 clerici
2429 5142 2838 5199 deserviebant
2859 5174 2949 5213 —,
2973 5142 3198 5199 Tullum
3222 5144 3465 5214 petiere,
3490 5148 3552 5200 et
3574 5144 3630 5202 in

1981 5231 2337 5288 monasterio
2367 5230 2553 5287 sancti
2587 5230 2727 5302 Apri
2759 5235 2983 5287 mutato
3004 5231 3208 5301 habitu
3233 5232 3510 5289 saeculum
3535 5234 3633 5290 de-

1982 5335 2180 5378 serere
2211 5324 2271 5376 et
2304 5320 2533 5377 Christo
2565 5319 2796 5375 domino
2828 5320 3211 5391 ineorporari,
3259 5324 3321 5378 ut
3370 5324 3629 5379 membra

1982 5409 2174 5466 ﬁdelia
2205 5409 2409 5481 capiti,
2432 5409 2733 5465 studuere.
2760 5408 2897 5474 Quae
2931 5423 3025 5465 res
3056 5410 3303 5466 maximo
3333 5414 3459 5467 erat
3494 5427 3633 5469 moe-

1981 5498 2098 5555 rori
2134 5497 2412 5570 pontiﬁci,
2448 5497 2745 5555 canonicis
2776 5511 3007 5569 quoque
3050 5498 3305 5558 residuis
3332 5504 3392 5557 et
3426 5516 3632 5573 proce-

1810 5622 2034 5681 NOTAE.

293 5726 405 5798 (74)
437 5726 519 5783 Cf.
556 5726 726 5785 Gesta
757 5744 889 5802 epp.
925 5731 1165 5789 Virdun.
1201 5734 1426 5791 Contin.
1468 5750 1543 5806 c.,
1574 5741 1609 5793 2
1633 5740 1692 5793 et
1718 5738 1955 5797 Joannis
1997 5738 2333 5798 Gorziensis
2362 5738 2490 5794 Vita
2522 5753 2651 5810 cap.
2683 5742 2770 5810 2i,
2805 5741 2871 5797 23
2906 5752 3033 5811 sqq.
3071 5740 3165 5800 SS.
3202 5746 3339 5800 tom.
3370 5743 3461 5798 IV.

3548 441 3663 508 1³78
3734 492 3745 501 .
