3922 6432
289 413 403 476 179

1265 405 1633 471 HUGONIS
1673 406 2023 470 ABBATIS
2062 402 2745 468 FLAVINIACENSIS

3571 399 3689 463 180

287 539 453 597 ribus
472 536 694 612 populi,
721 535 853 608 quia
879 538 1153 607 optarent
1174 548 1276 593 eos
1299 535 1495 607 potius
1518 536 1576 594 in
1599 536 1805 595 eodem
1827 536 1930 596 mi-
1958 539 2014 599 A
2045 538 2210 608 Hugo
2239 550 2342 594 rex
2372 535 2554 593 Italia
2586 550 2615 592 a
2649 536 2827 593 Roma
2880 532 3128 603 recedit,
3160 544 3302 604 pace
3361 531 3510 589 facta
3555 527 3689 588 cum

289 627 461 683 litare
491 624 808 698 episcopio,
847 638 1017 695 quam
1049 622 1122 679 ad
1167 622 1325 680 aliud
1375 624 1720 694 demigrare.
1756 626 1930 682 Bonis

290 719 480 772 tamen
510 719 567 770 et
600 711 993 769 laudabilibus
1033 725 1233 767 eorum
1281 711 1494 768 studiis
1540 716 1601 768 et
1647 712 1932 783 exemplis

289 803 495 872 religio
543 802 761 870 regula:
813 800 1246 869 monachorum,
1283 804 1340 856 et
1376 802 1571 858 fervor
1618 801 1842 858 ordinis
1874 801 1929 856 in

288 892 492 947 eodem
524 888 791 946 coenobio
821 890 881 944 et
911 887 966 943 in
1002 887 1353 958 quibusdam
1399 888 1529 947 aliis
1558 903 1663 961 per
1690 903 1930 959 regnum

290 977 670 1035 Lothariense
703 978 1031 1046 reparatur.
1063 976 1293 1032 Interea
1325 991 1558 1033 emenso
1601 991 1751 1033 anno
1784 978 1932 1032 Boso

290 1067 471 1123 frater
494 1064 650 1135 regis
667 1078 798 1121 cum
821 1062 1093 1119 Heinrico
1118 1069 1381 1135 pacatur,
1397 1069 1457 1121 et
1472 1066 1540 1120 ab
1565 1079 1634 1122 eo
1657 1068 1932 1136 receptus

288 1161 397 1212 est.
432 1151 721 1209 Rodulfus
754 1165 983 1223 quoque
1011 1166 1115 1207 rex
1144 1152 1399 1210 Francize
1429 1158 1488 1209 et
1520 1153 1806 1209 Rodulfus
1831 1168 1933 1208 rex

287 1241 553 1299 Jurensis
585 1255 715 1298 cum
749 1253 818 1295 eo
846 1239 1159 1296 amicitiam
1192 1240 1591 1311 paciscuntur.
1616 1243 1762 1298 Boso
1796 1256 1933 1299 vero

291 1331 344 1386 in
370 1328 745 1402 expeditione
758 1327 1083 1385 obsidionis
1105 1329 1286 1385 castri
1312 1330 1506 1385 Sancti
1532 1329 1791 1395 Quintini
1819 1344 1935 1385 mo-

290 1418 462 1487 ritur,
496 1421 554 1473 et
587 1415 785 1472 Remis
818 1415 890 1472 ad
930 1417 1204 1472 Sanctum
1248 1416 1571 1486 Remigium
1623 1415 1929 1488 sepelitur.

293 1505 558 1579 (fol.64.)
600 1505 857 1575 Hungari
907 1519 1013 1576 per
1063 1505 1453 1574 Burgundiam
1504 1504 1929 1575 diffunduntur,

295 1595 529 1668 praedis,
560 1594 846 1650 incendiis
878 1598 934 1648 et
964 1593 1245 1661 caedibus,
1281 1607 1393 1649 non
1441 1593 1540 1650 diu
1590 1598 1803 1665 tamen,
1840 1593 1936 1649 de-

295 1682 562 1739 bacchati
581 1699 595 1747 ;
611 1684 912 1753 comperto
926 1680 1151 1737 Rodulti
1167 1680 1328 1750 regis
1343 1680 1617 1751 adventu,
1635 1681 1692 1736 in
1710 1680 1934 1737 Italiam

294 1774 678 1828 transmeant.
726 1769 865 1841 (Cfr.
897 1770 1032 1827 Ser.
1067 1768 1197 1826 abb.
1229 1767 1349 1839 FZ.)
1382 1769 1607 1825 Herveo
1657 1769 1935 1840 episcOpo

297 1858 638 1952 decedente,
655 1857 995 1952 Romundus
1013 1857 1122 1952 sub
1138 1855 1387 1952 Rodulfo
1403 1871 1539 1927 rege
1555 1857 1939 1952 substituitur
1967 1889 2023 1952 Β

298 1946 397 2019 qui
434 1946 825 2003 Colticensem
856 1944 1145 2001 abbatiam
1180 1943 1292 2015 (75)
1322 1944 1652 2016 destrucns,
1685 1944 1938 2002 Colticas

299 2040 561 2093 castrum
604 2033 917 2105 ediﬁcavit,
950 2036 1008 2090 et
1059 2035 1371 2090 Curensem
1421 2034 1727 2104 similiter,‘
1748 2036 1939 2091 Petrae

300 2130 605 2195 pertusum
636 2122 948 2193 exstruxit,
976 2125 1035 2178 et
1068 2121 1203 2179 ﬁliis
1235 2127 1293 2177 et
1328 2120 1605 2179 filialibus
1638 2123 1762 2180 suis
1793 2124 1939 2180 bona

300 2212 698 2271 aecclesiarum
730 2214 788 2266 et
819 2214 1019 2268 castra
1045 2225 1174 2281 quae
1214 2210 1434 2267 fecerat
1481 2210 1642 2266 dedit
1673 2210 1806 2284 (76).
1840 2214 1941 2270 Hic

301 2307 433 2374 post
460 2300 641 2357 multa
675 2298 821 2356 mala
856 2301 1088 2371 patrata
1119 2312 1151 2356 a
1183 2300 1387 2355 sancto
1418 2298 1697 2370 Gregorio
1748 2301 1943 2372 ﬂagel-

299 2389 457 2447 latus
490 2388 735 2445 interiit.

372 2478 492 2551 (fol.
524 2476 656 2549 ὅδ’.)
689 2478 853 2534 Anno
884 2477 957 2533 ab
986 2476 1204 2533 incarn.
1238 2477 1398 2533 Dom.
1433 2480 1557 2547 936,
1590 2492 1695 2534 rex
1730 2479 1943 2537 Rodul-

300 2570 393 2626 fus
423 2568 645 2638 absque
673 2565 878 2622 liberis
904 2564 1261 2636 defungitur,
1284 2580 1412 2622 nam
1435 2566 1765 2625 Ludovicus
1786 2568 1942 2627 ﬁlius

299 2657 443 2727 ejus,
480 2670 649 2728 quem
678 2654 881 2711 habuit
920 2668 992 2711 ex
1035 2656 1231 2711 Emma
1282 2655 1502 2726 regina,
1538 2661 1673 2713 ante
1718 2658 1940 2714 obitum

301 2744 489 2815 patris
528 2748 620 2800 est
670 2744 981 2800 defunctus
1029 2741 1273 2812 (Cicron.
1306 2742 1489 2815 Die).
1531 2744 1747 2817 [FLon.]
1778 2748 1941 2817 Hugo

298 2834 538 2903 Magnus
558 2847 752 2889 comes
773 2835 939 2888 trans
962 2844 1120 2888 mare
1142 2831 1325 2887 mittit
1348 2848 1453 2903 pro
1472 2834 1851 2892 accersiendo
1869 2836 1940 2893 ad

302 2922 465 2993 regni
495 2922 718 2994 apicem
765 2921 1056 2977 Ludovico
1104 2920 1294 2976 Caroli
1336 2921 1475 2992 ﬁlio,
1512 2936 1682 2993 quem
1714 2938 1820 2979 rex
1850 2924 1944 2980 Al-

302 3015 550 3067 stannus
580 3008 903 3066 avunculus
951 3008 1136 3080 ipsius
1181 3013 1425 3080 accepto
1470 3010 1852 3081 jurejurando
1911 3026 1943 3068 a

301 3099 656 3155 Francorum
689 3096 902 3169 legatis
946 3096 1245 3154 Franciam
1285 3112 1416 3154 cum
1449 3098 1795 3169 quibusdam
1825 3101 1942 3173 epi-

300 3187 498 3259 scopis
521 3191 578 3244 et
604 3186 736 3243 aliis
758 3186 1031 3244 fidelibus
1052 3186 1177 3243 suis
1192 3186 1412 3256 dirigit.
1433 3187 1534 3245 Cui
1558 3189 1788 3245 obviam
1812 3206 1943 3262 pro-

302 3281 493 3336 fectus
514 3281 603 3335 est
626 3279 790 3347 Hugo
810 3291 941 3334 cum
968 3277 1316 3333 Francorum
1330 3278 1697 3348 proceribus.
1715 3281 1776 3335 In
1802 3280 1943 3352 ipsis

302 3367 561 3424 littoreis
593 3367 789 3422 arenis
816 3365 972 3438 apud
994 3365 1316 3422 Bononiam
1340 3380 1402 3422 se
1424 3364 1509 3421 illi
1543 3368 1937 3442 committunt,

302 3461 362 3513 ut
396 3459 521 3513 erat
556 3455 832 3526 utrinque
852 3458 1105 3525 pactum.
1128 3452 1268 3510 Inde
1294 3454 1629 3512 Laudunum
1656 3456 1946 3518 deductus

300 3560 368 3601 ac
391 3544 573 3614 regali
599 3542 1006 3599 benedictione
1030 3542 1273 3613 ditatus,
1292 3543 1531 3613 ungitur
1553 3549 1609 3600 et
1631 3551 1946 3604 coronatur

305 3633 378 3690 ab
400 3631 644 3689 Artaldo
662 3630 931 3687 Remensi
955 3630 1419 3703 archiepiscopo,
1443 3634 1836 3703 praesentibus
1859 3651 1948 3692 rc-

302 3720 401 3790 gni
434 3720 792 3792 primoribus
810 3733 875 3775 ac
890 3718 1194 3791 'episcopis
1216 3720 1424 3790 viginti
1444 3725 1504 3776 et
1527 3722 1797 3793 amplius.
1818 3725 1947 3782 Mox

307 3808 701 3879 Burgundiam
734 3809 971 3879 adeunt,
1005 3812 1063 3865 et
1108 3808 1311 3865 urbem
1357 3809 1741 3879 Linguonum,
1772 3827 1946 3883 quam

306 3900 471 3967 Hugo
489 3898 715 3969 Capito,
733 3897 914 3953 frater
927 3897 1081 3967 regis
1097 3897 1346 3969 Rodulfi,
1364 3904 1624 3970 ceperat,
1643 3901 1947 3968 obsident;

306 3986 782 4057 fugientibusque
796 3987 1162 4059 custodibus,
1181 3987 1305 4044 sine
1322 3988 1473 4044 bello
1485 4003 1610 4045 eam
1633 3989 1947 4061 recipiunt,

307 4075 684 4147 acceptisque
716 4075 1022 4132 obsidibus
1060 4078 1132 4132 ab
1163 4076 1458 4149 episcopis
1508 4082 1566 4133 et
1600 4078 1950 4149 primatibus

307 4164 678 4235 Burgundiaa,
713 4164 980 4222 Parisius
1009 4165 1277 4222 redeunt.
1326 4168 1491 4236 Hugo
1535 4167 1772 4237 Magnus
1819 4182 1950 4224 cum

306 4254 545 4323 Hugone
578 4253 779 4326 Capito
810 4253 1084 4311 Richardi
1119 4253 1255 4325 filio,
1283 4255 1498 4326 partita
1531 4254 1687 4311 inter
1717 4269 1778 4311 se
1807 4257 1953 4311 Bur-

305 4342 543 4413 gundia,
569 4356 767 4413 pacem
788 4341 1281 4412 faciunt.(0}zron.
1306 4344 1471 4414 Div.)
1494 4344 1635 4400 Post
1656 4345 1951 4414 Hugonem

308 4430 513 4502 Capito
543 4430 907 4489 Gislebertus
930 4432 1206 4488 ducatum
1231 4431 1507 4488 obtinuit.
1533 4432 1825 4489 Ludovico
1850 4433 1952 4502 igi-

306 4523 404 4577 tur
438 4519 599 4589 regni
623 4519 1188 4576 administrationem
1211 4534 1332 4576 suae
1354 4519 1771 4577 dominationis
1788 4536 1953 4578 exer-

1973 3238 2022 3301 C

2045 626 2317 682 Alberico
2346 624 2618 697 patricio.

2116 718 2279 770 Anno
2312 715 2383 770 ab
2412 714 2523 770 inc.
2560 715 2719 770 Dom.
2753 716 2878 782 937,
2911 709 3236 767 Ludovicus
3268 722 3371 766 rex
3400 710 3473 766 ab
3501 709 3691 779 Hugo-

2044 803 2132 860 nis
2164 817 2223 858 se
2257 801 2667 873 procuratione
2697 802 2949 871 separat.
2985 800 3064 854 Eo
3096 812 3244 853 anno
3272 796 3400 853 caeli
3434 812 3569 868 pars
3599 811 3689 853 ar-

2044 893 2184 948 dere
2214 890 2355 961 visa,
2391 895 2450 945 et
2483 890 2554 945 ab
2585 890 2786 946 eadem
2828 890 2997 959 parte
3043 888 3447 956 Hungarorum
3493 900 3691 957 perse-

2046 979 2251 1050 quutio
2283 979 2591 1048 insequuta
2616 980 2730 1046 est,
2759 991 2869 1046 qua
2894 974 3046 1031 villae
3077 979 3136 1030 et
3167 973 3292 1044 agri
3322 972 3686 1045 depopulati,

2046 1067 2252 1124 domus
2287 1067 2660 1137 basilicasque
2691 1065 3089 1133 conﬂagratae,
3117 1062 3481 1133 captivorum
3508 1062 3690 1119 abdu-

2045 1160 2141 1212 cta
2166 1155 2496 1212 multitudo.
2516 1153 3040 1209 Nonnullastamen
3054 1150 3335 1208 ecclesias
3350 1150 3579 1220 ignibus
3593 1167 3696 1223 ap-

2047 1243 2267 1316 plicitis
2300 1242 2659 1300 succendere
2692 1241 3102 1312 nequiverunt.
3127 1241 3186 1295 In
3219 1238 3470 1295 ecclesia
3502 1240 3691 1296 sancti

2045 1331 2240 1389 Basoli
2273 1347 2404 1389 cum
2446 1330 2678 1402 quidam
2710 1331 3115 1400 Hungarorum
3161 1328 3479 1385 ascendere
3511 1343 3690 1400 super

2048 1420 2233 1477 altare
2265 1421 2457 1477 nitens
2487 1433 2688 1476 arcum
2712 1433 2883 1475 manu
2907 1416 3312 1489 applicuisset,
3338 1432 3541 1474 manus
3562 1417 3695 1487 ejus

2049 1509 2296 1565 adhaesit
2326 1508 2527 1580 lapidi,
2561 1522 2667 1564 nec
2694 1506 2926 1563 omnino
2961 1505 3146 1576 quivit
3174 1505 3367 1575 avelli,
3390 1506 3570 1562 donec
3601 1520 3699 1562 ce-

2050 1597 2196 1653 teris
2211 1612 2413 1653 saxum
2428 1597 2585 1652 circa
2601 1610 2829 1652 manum
2845 1596 3027 1666 ipsam
3044 1594 3441 1651 incidentibus
3464 1598 3692 1665 partem

2050 1685 2233 1757 ipsam
2271 1684 2484 1755 lapidis
2517 1685 2571 1740 in
2605 1684 2860 1740 omnium
2890 1683 3274 1740 admiratione
3310 1684 3571 1754 perferre
3602 1698 3701 1740 co-

2049 1777 2291 1844 geretur
2304 1773 2595 1837 ethnicus.
2616 1772 2856 1838 Quidam
2872 1772 3181 1843 presbyter
3203 1775 3413 1843 captus
3434 1773 3506 1828 ab
3529 1772 3615 1828 eis
3630 1778 3697 1828 et

2051 1861 2311 1919 vinculis
2347 1861 2645 1933 alligatus,
2672 1860 3032 1917 revelatione
3064 1860 3255 1916 divina
3277 1864 3367 1916 est
3391 1859 3694 1917 liberatus.

2054 1950 2160 2016 Qui
2197 1954 2507 2022 postquam
2540 1949 2795 2020 patriam
2825 1949 3175 2019 domumque
3208 1948 3466 2019 repetiit,
3493 1948 3700 2005 retulit

2054 2038 2111 2093 in
2143 2038 2345 2093 eadem
2376 2036 2723 2108 captivitate
2772 2036 2948 2092 fuisse
2993 2036 3334 2093 monachum
3386 2035 3693 2106 quendam,

2052 2126 2416 2183 Hucbaldum
2438 2125 2690 2195 nomine,
2710 2125 3060 2181 Orbacensis
3074 2124 3340 2195 coenobii,
3359 2139 3527 2195 quem
3550 2125 3702 2181 mul-

2053 2214 2235 2271 toties
2266 2214 2483 2269 ethnici
2514 2214 2814 2271 trucidare
2845 2211 3177 2283 voluerunt,
3208 2218 3269 2269 et
3311 2227 3539 2269 carnem
3570 2213 3702 2282 ejus

2053 2302 2313 2360 incidere
2341 2318 2455 2359 non
2484 2303 2811 2359 valuerunt.
2838 2301 3061 2358 Nudum
3093 2316 3232 2371 ergo
3258 2316 3390 2358 eum
3414 2302 3468 2357 in
3493 2302 3685 2359 medio

2055 2392 2307 2464 positum
2340 2392 2575 2460 sagittis
2596 2391 2916 2463 appetiere,
2938 2406 3043 2447 nzsc
3068 2390 3273 2447 saltem
3293 2395 3487 2447 cutem
3502 2391 3704 2447 value-

2055 2485 2192 2536 runt
2210 2493 2503 2550 rumpere.
2531 2478 2887 2535 Resilicbant
2912 2479 2985 2534 ab
3007 2479 3134 2548 ejus
3166 2493 3410 2550 corpore
3438 2480 3694 2550 sagittae,

2058 2568 2219 2638 quasi
2251 2568 2322 2623 ab
2360 2571 2669 2624 adamante
2722 2567 2995 2638 repulsa,
3028 2581 3133 2623 nec
3183 2567 3409 2637 signum
3461 2568 3703 2638 aliquod

2057 2656 2379 2729 apparebat
2409 2657 2467 2712 in
2499 2660 2656 2713 cute.
2695 2656 2897 2713 Gladio
2928 2671 3058 2713 eum
3107 2671 3237 2713 cum
3287 2657 3440 2713 omni
3485 2662 3700 2714 conatu

2056 2746 2166 2803 nisi
2192 2750 2330 2802 sunt
2353 2750 2682 2817 percutere,
2708 2750 2769 2801 et
2790 2745 3165 2802 nihilominus
3188 2760 3326 2802 caro
3351 2746 3701 2802 intemerata

2058 2835 2392 2907 permansit.
2416 2833 2700 2891 Radulfus
2723 2834 2993 2891 Jurensis
3024 2833 3334 2905 Cisalpinae
3365 2834 3560 2891 Gallias
3594 2849 3701 2890 rex

2055 2923 2242 2989 obiit;
2285 2923 2583 2980 Conradus
2628 2923 2912 2979 succedit.
2966 2924 3130 2991 Hugo
3180 2938 3408 2994 quoque
3457 2924 3703 2979 Roberti

2057 3010 2212 3068 illius
2243 3026 2504 3068 sororem
2537 3011 2802 3081 Othonis,
2828 3011 2986 3081 regis
3007 3011 3260 3067 Hcinrici
3298 3012 3488 3081 ﬁliam,
3523 3012 3703 3068 sorti-

2054 3103 2154 3157 tur
2177 3115 2417 3157 uxorem
2450 3099 2694 3170 (Chron.
2722 3100 2890 3172 Die.)
2925 3103 3089 3155 Anno
3120 3099 3377 3156 secundo
3410 3099 3707 3171 Ludovici,

2054 3187 2156 3243 filii
2178 3188 2368 3244 (Iaroli
2388 3188 2704 3259 Simplicis,
2730 3188 3044 3244 ordinatus
3063 3192 3152 3243 est
3189 3188 3438 3243 domnus
3469 3187 3716 3243 Fulche-

2053 3277 2175 3335 rius
2189 3278 2371 3333 abbas
2391 3275 2973 3348 Flaviniacensis,qui
2989 3276 3161 3333 etiam
3185 3276 3339 3333 rexit
3362 3277 3712 3333 Divionense

2055 3365 2389 3436 quindecim
2421 3365 2606 3421 annis.
2643 3364 2799 3433 (Ser.
2836 3364 2965 3421 abb.
2999 3364 3118 3433 FZ.)
3152 3365 3255 3419 Hic
3287 3370 3495 3421 octavo
3545 3379 3698 3420 anno

2055 3454 2358 3524 regiminis
2388 3452 2831 3510 Hierosolimam
2864 3452 3168 3523 profectus
3200 3458 3309 3523 est,
3347 3457 3403 3507 et
3433 3453 3705 3523 reliquiis

2055 3542 2335 3616 pretiosis
2385 3556 2658 3599 reversus
2707 3540 2916 3597 ditavit
2964 3539 3269 3595 ecclesiam
3332 3555 3514 3596 suam.
3549 3540 3709 3597 Obiit

2058 3637 2269 3702 quarto
2296 3630 2584 3687 Kalendas
2612 3628 2762 3700 Maii,
2782 3629 2875 3685 cui
2897 3629 3180 3685 successit
3206 3628 3338 3685 Milo
3373 3630 3713 3699 Magabren-

2059 3721 2166 3792 sis,
2200 3723 2258 3776 et
2292 3717 2663 3791 privilegium
2694 3733 2724 3774 a
2757 3732 2904 3789 papa
2935 3717 3211 3788 optinuit.

2132 3811 2295 3865 Anno
2318 3810 2442 3878 939,
2461 3807 2785 3863 Bernuinus
2800 3805 3187 3862 Virdunensis
3201 3806 3514 3878 episcopus
3526 3806 3674 3862 obiit
3692 3826 3709 3875 ;

2059 3902 2119 3955 et
2152 3897 2563 3953 Lotharienses
2593 3895 2876 3951 Othonem
2910 3910 3104 3965 regem
3130 3910 3299 3952 suum
3323 3895 3619 3965 deserunt,
3644 3900 3713 3951 et

2061 3986 2353 4043 Ludovico
2386 4000 2449 4041 se
2479 3984 2848 4041 committere
2883 3987 3108 4056 parant,
3145 3985 3239 4055 qui
3288 3999 3392 4041 eos
3444 3984 3708 4055 recipere

2062 4075 2295 4133 distulit
2322 4074 2395 4130 ob
2428 4073 2738 4130 amicitiam
2770 4079 3001 4145 pactam
3035 4073 3188 4129 inter
3218 4088 3280 4129 se
3311 4077 3367 4130 et
3391 4072 3704 4130 Othonem.

2061 4166 2280 4222 Iterum
2313 4178 2542 4235 quoque
2574 4178 2850 4235 proceres
2880 4163 3065 4233 regni,
3102 4162 3467 4219 Gislebertus
3495 4162 3613 4218 dux
3643 4167 3708 4218 et

2065 4254 2315 4311 comites
2337 4252 2732 4325 quamplures,
2760 4253 2830 4310 ad
2857 4267 2983 4309 eum
3007 4251 3269 4322 veniunt,
3286 4256 3344 4307 et
3363 4266 3423 4307 se
3448 4250 3528 4306 illi
3553 4265 3711 4307 com-

2066 4343 2325 4400 mittunt.
2344 4341 2617 4413 Episcopi
2643 4356 2780 4398 vero
2803 4342 3088 4397 Othonem
3114 4354 3228 4397 non
3251 4340 3586 4408 deseruere,
3604 4339 3704 4408 qui

2065 4446 2267 4488 eorum
2321 4445 2516 4487 secum
2573 4430 2878 4486 detinebat
2932 4429 3282 4485 obsidatum.
3342 4428 3449 4494 Qui
3504 4428 3708 4483 Rheno

2068 4519 2415 4576 transmisso
2439 4534 2678 4589 regnum
2695 4519 3073 4575 Lothariense
3089 4517 3428 4590 perlustrat,
3445 4521 3505 4572 et
3518 4517 3709 4572 incen-

307 4622 440 4663 cere
471 4607 752 4679 cupienti,
774 4608 1010 4664 nimium
1034 4606 1133 4664 illa
1158 4606 1449 4664 laboriosa
1496 4607 1623 4680 fuit,
1651 4614 1767 4666 tam
1810 4610 1896 4666 sui
1919 4624 1949 4665 a
1980 4611 2034 4675 D
2068 4609 2183 4667 diis
2214 4608 2547 4682 prmdisque
2574 4607 2837 4679 quaedam
2888 4608 3015 4664 loca
3062 4607 3351 4663 devastat.
3401 4607 3480 4661 Eo
3511 4608 3704 4661 autem

308 4696 590 4753 Tetbaldo
612 4696 1059 4753 Carnotensium
1081 4695 1293 4753 comite
1314 4697 1603 4768 captione,
1627 4712 1796 4769 quam
1821 4703 1950 4770 post

312 4786 474 4856 regni
508 4785 1017 4856 recuperationem
1050 4785 1213 4842 vario
1232 4784 1528 4843 instabilis
1551 4787 1799 4844 fortuna:
1822 4803 1954 4860 prc-

308 4880 505 4931 ventu.
543 4872 764 4945 [FLon.]
796 4873 1070 4930 Heinrico
1116 4873 1300 4944 igitur
1346 4889 1554 4945 magno
1596 4876 1952 4948 imperatore

311 4962 417 5019 sub
431 4962 636 5020 iisdem
656 4960 864 5018 diebus
877 4960 1153 5033 obeunte,
1171 4964 1472 5020 contentio
1489 4964 1641 5022 inter
1660 4965 1812 5022 filios
1826 4967 1875 5037 ej
1887 4981 1954 5023 us

311 5051 381 5107 de
405 5065 584 5121 regno
607 5049 885 5120 agitatur.
914 5048 1126 5106 Othoni
1150 5055 1341 5108 tamen
1373 5056 1515 5109 natu
1540 5054 1741 5124 majori
1762 5069 1954 5111 rerum

311 5153 531 5195 summa
559 5138 816 5196 obvenit.
852 5137 972 5209 (fol.
1009 5142 1123 5212 66.)
1154 5140 1411 5198 Iohanne
1430 5157 1661 5213 quoque
1685 5157 1831 5215 papa
1865 5142 1958 5199 Al-

314 5227 496 5283 berici
532 5227 768 5300 patricii
802 5227 984 5284 fratre
1032 5227 1328 5302 defuncto,
1362 5230 1475 5287 Leo
1504 5231 1549 5285 V
1576 5231 1864 5302 succedit,
1898 5235 1956 5287 et

2063 4704 2229 4755 trans
2278 4699 2537 4754 Rhenum
2586 4710 2875 4767 regresso,
2911 4696 3236 4753 Ludovicus
3284 4694 3705 4751 Virdunensem

2067 4788 2212 4859 petit
2250 4800 2477 4859 pagum,
2503 4790 2563 4841 et
2596 4786 2941 4856 quihusdam
2973 4784 3263 4856 episcopis
3286 4782 3711 4854 etprimatibus

2067 4875 2340 4948 receptis,
2358 4874 2695 4931 revertitur.
2720 4873 3088 4929 Gislebertus
3113 4873 3230 4929 dux
3250 4875 3417 4928 trans
3448 4872 3707 4927 Rhenum

2068 4965 2393 5037 przedatum
2409 4963 2728 5034 profectus,
2747 4962 2881 5018 dum
2906 4961 3244 5032 revertitur,
3262 4959 3710 5031 insequentibus

2069 5069 2131 5111 se
2164 5051 2541 5121 adversariis,
2564 5050 2620 5105 in
2641 5051 2861 5107 Renum
2884 5066 3014 5108 cum
3030 5066 3182 5123 equo
3206 5049 3468 5120 insilivit,
3495 5053 3554 5104 et
3578 5061 3712 5104 ene-

2069 5146 2240 5199 catus
2266 5140 2418 5197 ultra
2441 5139 2685 5211 reperiri
2709 5153 2819 5195 non
2846 5140 3056 5211 potuit.
3074 5139 3356 5195 Relictam
3369 5140 3516 5209 ejus,
3534 5136 3712 5193 Otho-

2072 5231 2159 5288 nis
2188 5229 2345 5301 regis
2373 5243 2649 5300 sororem,
2685 5229 3013 5288 Ludovicus
3045 5228 3273 5302 accepit
3304 5242 3563 5285 uxorem.
3600 5229 3712 5284 Du-

1902 5362 2129 5421 ΝΟΤᾸΞ.

383 5482 497 5554 (75)
530 5481 810 5541 Couches.

386 5552 499 5677 ('76?
531 5554 895 5611 Romundum
929 5552 1274 5626 episcopum
1325 5554 1608 5679 languore
1656 5556 1958 5612 detentum

314 5637 470 5679 smcu
499 5624 717 5679 aribus.
739 5625 836 5679 oui
864 5626 1013 5679 bona
1048 5625 1387 5679 monasterii
1453 5626 1757 5679 irinerent-
1782 5625 1958 5679 resis-

499 5624 717 5705 aribus,
739 5625 836 5705 qui
864 5624 1032 5705 bona
1048 5624 1396 5705 monasterii
1411 5624 1757 5705 diriperent,
1782 5625 1964 5705 resis-

313 5697 441 5750 tere
472 5708 580 5751 non
616 5696 883 5767 potuisse
907 5700 1115 5754 auctor
1137 5700 1229 5755 est
1252 5696 1569 5757 Walterius
1589 5696 1881 5759 Eduensis
1903 5696 1961 5754 in

2068 5484 2268 5542 tabula
2299 5500 2411 5565 qua
2439 5486 2598 5565 bona
2618 5485 2690 5542 ab
2720 5486 2974 5543 Amadeo
2997 5484 3442 5565 I‘laviniaoensi
3488 5484 3704 5565 abbate

2072 5555 2421 5636 recuperata
2450 5556 2936 5636 conﬁrmatanpo
2985 5556 3340 5636 idRoberti
3390 5556 3567 5625 regis.
3604 5555 3716 5611 Ma-

2074 5626 2276 5686 billon.
2314 5631 2457 5687 Ann.
2493 5626 2730 5698 Bened.,
2766 5629 2803 5683 S
2830 5628 2898 5684 IV
2938 5643 2991 5699 p.
3024 5629 3146 5683 644.
3182 5628 3244 5681 Κ.
