3922 6410
191 360 303 420 181

1474 360 1972 427 CHRONICON.
2006 397 2088 409 —
2115 362 2269 426 LIB.
2304 363 2352 426 Ι.

3491 362 3607 427 182

192 498 395 552 catum
419 494 570 553 Otho
588 494 834 567 accepit.
864 493 1015 553 Otho
1037 509 1178 553 vero
1200 500 1447 555 cunctos
1466 496 1536 554 ad
1561 511 1624 553 se
1648 496 1844 554 redire
1878 497 1924 558 A
1960 498 2259 556 Remensis
2287 498 2594 572 episcOpii,
2630 497 3129 570 conquerentibus
3166 499 3399 557 clericis
3428 505 3605 572 atque

192 585 390 654 coegit
436 584 865 655 Lotharienses,
899 588 956 640 et
1000 586 1267 656 sequenti
1317 601 1468 643 anno
1518 584 1845 643 Conradum

197 673 551 743 Burgundiae
574 687 770 743 regem
794 672 927 729 dolo
945 673 1123 746 cepit,
1150 674 1529 746 reliquosque
1563 674 1845 747 primates

197 760 313 817 sibi
355 760 706 832 paciﬁcavit.

272 853 436 909 Anno
466 854 586 921 940,
625 850 946 908 indictione
970 856 1058 919 13,
1083 851 1472 909 intronizatus
1504 857 1595 909 est
1618 852 1674 909 in
1707 866 1849 924 pon-

196 939 429 997 tiﬁcatu
460 939 842 996 Virdunensis
884 940 1046 996 urbis
1077 940 1133 996 in
1167 941 1435 1012 partibus
1480 941 1741 998 Saxoniae
1776 956 1849 997 ex

200 1032 536 1098 magnatum
568 1034 736 1085 ortus
772 1028 1041 1100 prosapia
1075 1028 1323 1086 domnus
1358 1030 1763 1101 Berengarius,
1790 1034 1848 1086 et

274 1118 482 1173 Factus
514 1116 822 1188 apostolici
855 1132 1096 1174 consors
1127 1120 1185 1173 et
1217 1132 1454 1190 compar
1486 1118 1740 1189 honoris,

276 1204 469 1261 Laude
500 1204 641 1261 cleri
677 1209 733 1261 et
768 1205 967 1277 populi

273 1294 448 1351 Duxit
475 1292 853 1366 apostolicam
886 1294 1057 1350 factis
1087 1296 1145 1350 et
1177 1295 1407 1351 nomine
1436 1294 1633 1351 vitam.

192 1385 339 1439 Erat
373 1382 525 1438 enim
557 1397 807 1454 corpore
830 1388 1054 1453 castus,
1080 1386 1272 1439 mente
1305 1384 1574 1453 devotus,
1602 1382 1852 1440 affabilis

193 1470 480 1542 alloquio,
510 1471 709 1528 clarus
741 1471 1008 1542 consilio,
1038 1472 1344 1543 prudentia
1379 1473 1684 1544 przeditus,
1712 1480 1853 1530 tem-

191 1561 469 1633 perentia
500 1560 816 1632 discretus,
846 1561 1070 1619 interna
1099 1562 1443 1619 fortitudine
1478 1562 1697 1633 ﬁrmus,
1719 1577 1854 1618 cen-

190 1664 335 1707 sura
366 1650 613 1721 justitiaa
646 1649 898 1721 stabilis,
954 1650 1393 1721 longanimitate
1426 1652 1720 1721 assiduus,
1756 1666 1851 1723 pa-

187 1739 405 1795 tientia
431 1739 734 1810 robustus,
761 1738 1090 1796 humilitate
1117 1744 1477 1812 mansuetus,
1504 1755 1641 1811 erga
1667 1739 1850 1797 delin-

191 1832 450 1899 quentes
475 1844 578 1899 per
598 1828 1058 1900 compassionem
1089 1828 1303 1901 socius,
1331 1844 1433 1900 per
1457 1828 1645 1885 zelum
1676 1829 1847 1886 recti-
1877 1853 1930 1912 Β

186 1916 420 1973 tudinis
450 1923 703 1972 erectus.
740 1916 860 1987 (fol.
889 1916 1020 1987 66’.)
1055 1918 1387 1989 Apparebat
1415 1919 1471 1973 in
1496 1918 1693 1974 verbis
1718 1919 1845 1988 ejus

189 2004 546 2062 inconcussa
571 2004 784 2078 mentis
799 2010 1129 2061 constantia
1149 2005 1608 2077 resplendebant
1628 2006 1682 2061 in
1702 2006 1848 2064 acti-

186 2094 311 2151 bus
344 2097 399 2149 et
435 2093 696 2149 moribus
737 2092 865 2163 ejus
897 2094 1183 2150 virtutum
1219 2094 1489 2165 insignia,

275 2182 557 2239 Omnibus
588 2182 824 2254 hospitii
859 2182 1192 2254 perlargum
1226 2182 1475 2254 praebuit
1514 2198 1700 2252 usum,

270 2272 447 2327 Nemo
476 2276 567 2328 est
598 2275 902 2343 exceptus,
931 2286 1249 2343 perpessus
1281 2286 1448 2328 nemo
1477 2270 1773 2343 repulsam

183 2358 494 2416 Christum
528 2359 671 2416 totis
698 2360 1029 2416 visceribus
1069 2359 1336 2431 diligens,
1370 2365 1427 2417 et
1462 2360 1731 2417 caritatis
1764 2360 1848 2416 in-

180 2452 384 2504 ternm
433 2448 761 2505 visceribus
795 2447 1054 2519 affluens,
1091 2463 1196 2519 pro
1230 2449 1588 2520 pauperibus
1619 2464 1848 2519 semper
1896 2476 1907 2481 -

178 2540 326 2593 erat
356 2536 669 2607 sollicitus,
694 2539 754 2592 et
778 2535 913 2606 quia
946 2537 1099 2593 sicut
1129 2537 1347 2592 Martha
1380 2535 1612 2592 Christo
1644 2550 1849 2607 corpo-

180 2624 343 2682 ralia
364 2625 811 2681 subministrare
836 2625 1137 2694 nequibat,
1156 2625 1209 2680 in
1225 2625 1425 2695 egenis
1443 2624 1603 2681 illum
1631 2625 1854 2684 cotidie

178 2713 524 2771 reﬁciebat.
564 2713 762 2769 Sermo
792 2713 918 2783 ejus
952 2712 1075 2769 sale
1107 2712 1402 2784 conditus,
1441 2729 1556 2784 quo
1591 2714 1848 2785 pondere

178 2802 395 2874 brevis
408 2805 466 2856 et
482 2816 670 2867 rarus,
687 2815 755 2856 eo
774 2800 1044 2872 prudenti
1063 2801 1353 2858 suavitate
1369 2802 1695 2858 habebatur
1718 2816 1850 2874 pre-

180 2892 418 2949 ciosus.
470 2888 761 2959 Diligebat
817 2887 1048 2945 sincero
1096 2894 1152 2944 et
1208 2890 1460 2945 unanimi
1514 2890 1850 2948 dilectionis

181 2979 409 3037 affectu
442 2978 598 3034 inter
625 2978 734 3033 alia
770 2979 1026 3033 membra
1062 2978 1277 3035 Christi
1307 2979 1579 3035 domuum
1612 2978 1851 3036 Fulber-

184 3076 322 3126 tum
358 3068 827 3123 Cameracensem
858 3066 1222 3138 episcopum,
1265 3081 1394 3123 cum
1428 3083 1542 3138 quo
1568 3068 1705 3139 juge
1737 3068 1848 3125 sibi

182 3170 428 3228 semper
453 3154 561 3211 fuit
580 3154 859 3224 studium,
878 3154 1148 3211 veritatis
1170 3154 1542 3211 adversarios
1564 3160 1691 3212 toto
1716 3156 1847 3213 nisu

182 3246 559 3317 impugnare,
586 3246 651 3300 ut
673 3243 727 3298 in
754 3243 1136 3313 sequentibus
1161 3242 1405 3314 quilibet
1427 3248 1620 3315 potest
1646 3244 1851 3301 adver-

180 3340 343 3391 tere.
381 3332 472 3403 (θ.
510 3332 670 3390 Vird.
698 3332 774 3403 2.)
809 3332 937 3388 Fuit
961 3335 1156 3389 autem
1192 3336 1455 3404 tempore
1489 3333 1747 3404 Ottonis,
1775 3333 1847 3391 de

181 3439 311 3496 quo
342 3422 560 3480 dictum
589 3428 681 3479 est
706 3421 858 3493 quod
884 3421 956 3478 ad
981 3421 1339 3494 triumphum
1371 3422 1636 3479 ecclesia:
1668 3424 1849 3496 cmpit

180 3514 335 3570 Otto
359 3526 650 3582 crescere,
678 3511 771 3567 cui
792 3511 1080 3568 successit
1106 3510 1400 3568 secundus
1424 3511 1564 3569 Otto
1579 3511 1651 3569 ad
1670 3511 1851 3585 impe-

180 3602 367 3671 rium,
403 3605 466 3657 ut
498 3601 736 3657 ﬂoreret
768 3599 1064 3657 saeculum.

261 3689 485 3764 [FLon.]
520 3691 684 3745 Anno
718 3689 842 3761 ipso
873 3687 1264 3745 ordinationis
1288 3703 1409 3745 suae
1435 3689 1618 3746 fomes
1640 3689 1852 3761 iniqui-

179 3779 335 3836 tatis
360 3780 520 3848 Hugo
544 3780 783 3848 Magnus
814 3792 945 3834 cum
976 3777 1323 3848 quibusdam
1348 3777 1604 3835 Francize
1628 3783 1687 3835 et
1711 3781 1853 3835 Bur-

177 3866 429 3939 gundize
454 3866 749 3938 episcopis
770 3869 826 3922 et
854 3865 1208 3938 primoribus
1230 3866 1393 3936 regni
1418 3867 1728 3923 Remorum
1752 3867 1850 3924 ob-

184 3958 347 4015 sidet
373 3956 606 4022 urbem;
624 3970 734 4027 qua
757 3956 996 4011 obtenta
1018 3959 1191 4011 sexto
1208 3954 1536 4012 obsidionis
1561 3955 1654 4011 die
1676 3957 1843 4014 Artal

181 4047 330 4102 dum
349 4044 690 4116 episcopum
705 4058 734 4098 a
752 4044 1165 4115 procuratione
1180 4046 1236 4100 et
1253 4047 1548 4113 potestate
1567 4044 1849 4116 episeopii

175 4133 524 4202 juramento
541 4147 603 4188 se
623 4130 901 4203 compulit
927 4131 1219 4201 abdicare,
1248 4145 1525 4188 concessa
1545 4132 1596 4187 ei
1617 4131 1848 4188 abbatia

182 4223 380 4280 sancti
406 4220 598 4278 Basoli
622 4224 679 4277 et
704 4222 1013 4277 Avennaco
1049 4222 1422 4292 monasterio,
1448 4226 1503 4278 et
1527 4221 1613 4278 sic
1644 4220 1849 4278 relicto

186 4313 312 4369 ﬁlio
336 4310 631 4368 Heriberti
656 4311 893 4379 Hugone
912 4309 1278 4381 jam-pridem
1311 4310 1507 4366 Remis
1529 4311 1599 4366 ad
1624 4310 1849 4381 episco-

185 4406 395 4474 patum
419 4399 630 4470 electo,
655 4400 726 4456 ad
750 4398 1114 4455 obsidionem
1134 4398 1392 4456 Lauduni
1421 4404 1719 4470 properat.
1746 4400 1851 4456 Lu-

186 4489 404 4546 dovico
434 4503 575 4545 vero
599 4503 629 4544 a
656 4487 986 4557 Burgundia
1020 4488 1326 4558 redeunte,
1352 4492 1410 4543 et
1432 4491 1732 4559 assumpto
1762 4501 1850 4543 se-

1881 3206 1930 3268 C

1959 586 2255 644 nobilibus
2286 587 2454 644 laicis
2477 587 2573 644 diu
2602 593 2836 659 pastore
2859 586 3058 644 sedem
3082 586 3268 658 ipsam
3290 603 3521 661 vacare,
3544 596 3607 647 et

1961 675 2309 733 deﬁnierunt
2327 676 2809 747 quemadmodum
2826 674 3433 749 Artaldusepiscopus
3450 679 3608 750 jura-

1958 769 2145 835 verat,
2179 765 2335 835 quod
2371 780 2681 837 numquam
2707 765 2777 820 de
2805 765 2929 836 ipso
2952 764 3297 836 episcopatu
3331 780 3396 823 se
3426 766 3607 824 intro-

1959 852 2293 925 mittere,ad
2307 854 2490 925 ipsius
2504 853 2990 925 gubernationem
3008 854 3225 909 reverti
3240 870 3351 911 non
3367 854 3603 927 debere,

1958 946 2017 997 et
2039 945 2098 997 ut
2125 942 2289 1012 Hugo
2321 942 2613 998 Heriberti
2650 941 2825 1012 ﬁlius,
2861 941 2958 1012 qui
2990 941 3157 1012 prius
3181 944 3252 999 ad
3278 943 3462 1015 ipsum
3487 944 3608 1016 epi-

1960 1030 2265 1098 scopatum
2293 1028 2481 1084 fuerat
2502 1029 2664 1085 clero
2687 1028 3021 1100 populoque
3044 1032 3281 1100 petente
3301 1035 3603 1103 evocatus,

1959 1114 2335 1173 ordinaretur
2366 1116 2695 1188 episcopus.
2723 1119 2789 1172 Et
2814 1117 2896 1173 sic
2929 1117 3142 1174 Remos
3175 1117 3459 1174 adeuntes
3487 1119 3609 1191 epi-

1963 1204 2124 1274 scopi
2173 1205 2468 1274 Hugonem
2520 1204 2856 1276 pontiﬁcem
2905 1208 3278 1262 consecrant.
3335 1207 3606 1265 Canonici

1959 1292 2439 1363 Montisfalconis,
2466 1293 2846 1364 oppressione
2870 1293 3057 1365 ipsius
3077 1294 3460 1352 Virdunensis
3487 1297 3609 1367 epi-

1961 1382 2120 1453 SCOpi
2141 1386 2204 1438 ut
2223 1382 2566 1439 asserebant
2584 1382 2958 1456 prmgravati,
2979 1383 3305 1440 coenobium
3328 1399 3497 1442 suum
3517 1386 3611 1443 de-

1960 1476 2182 1540 serunt,
2210 1475 2266 1527 et
2290 1472 2485 1527 Remis
2506 1487 2723 1543 corpus
2748 1472 2937 1528 sancti
2970 1472 3219 1530 Baldrici
3252 1474 3480 1545 patroni
3515 1475 3605 1532 sui

1961 1560 2260 1616 deserunt.
2297 1560 2570 1617 Artaldus
2603 1561 2874 1617 omnibus
2898 1560 3149 1632 perditis
3175 1577 3302 1632 qua;
3328 1562 3601 1635 habebat,

1961 1648 2116 1703 datis
2160 1649 2543 1705 sacramentis
2586 1649 2807 1718 Hugoni
2854 1649 3132 1720 episcopo
3174 1653 3232 1704 et
3272 1650 3602 1723 Ileriberto,

1962 1742 2134 1808 prout
2164 1739 2236 1793 ab
2270 1752 2338 1793 eo
2370 1738 2749 1809 quaesierunt,
2794 1738 3159 1810 redditisque
3196 1739 3306 1794 sibi
3349 1740 3606 1797 abbatiis

1962 1826 2150 1882 sancti
2199 1826 2393 1883 Basoli
2423 1831 2483 1882 et
2514 1829 2822 1883 Avennaoo
2865 1842 2994 1884 cum
3048 1827 3187 1883 villa
3237 1828 3602 1900 Vindenissa,

1960 1930 2159 1986 pacem
2194 1916 2326 1971 fecit
2359 1931 2490 1972 eum
2521 1916 2625 1987 eis,
2652 1920 2713 1972 et
2744 1915 2816 1972 ad
2848 1919 3113 1974 sanctum
3146 1917 3415 1975 Basolum
3448 1919 3607 1975 habi-

1962 2007 2194 2059 taturus
2221 2003 2472 2058 devenit.

2028 2092 2151 2147 Non
2187 2091 2368 2147 multo
2402 2096 2557 2163 post,
2592 2107 2741 2148 anno
2775 2092 2845 2149 ab
2879 2093 2988 2150 inc.
3020 2094 3179 2151 Dom.
3216 2098 3339 2165 962,
3374 2094 3604 2167 legatus

1959 2180 2234 2251 Stephani
2270 2196 2452 2252 papae,
2480 2182 2712 2238 nomine
2739 2184 3039 2253 Damasus,
3062 2183 3378 2256 epis00pus
3408 2188 3604 2244 Romae

1958 2269 2028 2324 ad
2052 2270 2199 2324 hanc
2223 2269 2574 2340 legationem
2606 2272 2994 2342 peragendam
3026 2271 3352 2343 ordinatus,
3375 2273 3606 2333 litteras

1960 2358 2302 2429 apostolica:
2333 2358 2492 2415 sedis
2514 2358 2712 2415 attulit
2742 2360 3104 2432 principibus
3134 2361 3505 2434 Francorum,
3542 2368 3605 2422 ut

1961 2447 2292 2518 reciperent
2314 2461 2510 2517 regem
2534 2463 2697 2505 suum
2729 2449 3101 2506 Ludovicum.
3133 2450 3254 2520 (fol.
3290 2455 3403 2524 67.)
3438 2454 3602 2520 Quod

1960 2534 2004 2591 si
2040 2534 2452 2607 neglexissent,
2479 2542 2538 2593 et
2559 2551 2689 2593 eum
2722 2538 2973 2609 amplius
3002 2539 3301 2596 hostiliter
3332 2543 3602 2614 persequi

1961 2623 2301 2695 voluissent,
2327 2625 2948 2683 excommunicationis
2972 2626 3382 2688 interminatus
3405 2636 3495 2688 est
3522 2631 3607 2689 ul-

1961 2709 2193 2766 tionem.
2230 2710 2427 2781 Legati
2472 2712 2647 2768 etiam
2697 2713 3002 2769 Remensis
3054 2715 3320 2773 ecclesiae
3367 2719 3605 2775 Romam

1961 2799 2124 2855 missi
2159 2795 2460 2857 redierunt
2491 2801 2692 2856 eadem
2725 2801 3069 2873 referentes,
3096 2809 3160 2860 ut
3188 2811 3322 2862 ante
3355 2806 3606 2863 natalem

1958 2887 2181 2944 Domini
2230 2878 2335 2944 rei
2366 2888 2436 2944 ab
2466 2889 2551 2945 eis
2592 2889 2957 2961 reciperetur
3004 2892 3112 2949 sub
3159 2894 3606 2951 comminatione

1960 2977 2370 3049 anathematis,
2405 2978 2501 3049 qui
2535 2984 2593 3035 et
2625 2978 2863 3050 pallium
2895 2981 3119 3051 Hugoni
3151 2996 3180 3038 a
3206 2983 3344 3039 sede
3376 2988 3609 3055 aposto-

1960 3064 2068 3122 lica
2102 3065 2459 3122 detulerunt.
2490 3066 2817 3124 Ludovicus
2841 3067 3021 3138 igitur
3043 3069 3271 3126 obviam
3304 3073 3606 3143 profectus

1961 3153 2170 3210 Othoni
2193 3154 2336 3225 regi,
2364 3155 2677 3211 amicitiam
2703 3155 2973 3212 ﬁrmavit.
2996 3157 3148 3213 Otho
3169 3173 3399 3230 quoque
3417 3162 3606 3231 Ilugo-

1960 3257 2088 3298 nem
2112 3244 2374 3313 Magnum
2400 3244 2523 3314 regi
2550 3243 2846 3301 conciliat.
2882 3246 2998 3302 Hoc
3020 3261 3169 3303 anno
3193 3247 3439 3305 domnus
3459 3249 3602 3321 Odo,

1959 3330 2313 3388 venerabilis
2348 3332 2663 3389 multorum
2699 3334 3182 3391 monasteriorum
3216 3340 3602 3408 restaurator,

1960 3434 2090 3476 cum
2124 3420 2368 3478 multum
2401 3421 2731 3478 laborasset
2764 3422 2817 3477 in
2850 3423 3246 3494 componenda
3278 3440 3417 3496 pace
3452 3425 3607 3482 inter

1959 3509 2257 3580 Hugonem
2300 3524 2494 3581 regem
2533 3510 2716 3566 Italiae
2747 3512 2803 3566 et
2838 3510 3170 3568 Alberieum
3213 3514 3605 3571 Romanorum

1962 3598 2295 3670 patricium,
2339 3599 2484 3655 obiit
2527 3599 2788 3670 Turonis,
2836 3600 3221 3673 sepultusque
3252 3608 3339 3658 est
3374 3602 3445 3658 ad
3478 3617 3607 3660 san-

1962 3690 2120 3744 ctum
2152 3689 2479 3759 Martinum,
2505 3693 2564 3744 et
2586 3689 2873 3747 successit
2894 3690 2945 3745 ei
2964 3689 3231 3767 Heimard
3245 3707 3308 3747 us
3330 3690 3419 3747 vir
3438 3707 3607 3750 vene-

1962 3776 2202 3833 randus.
2245 3778 2400 3833 Tunc
2440 3775 2543 3833 fuit
2592 3777 2772 3833 fames
2816 3792 3023 3848 magna
3062 3792 3166 3851 per
3207 3780 3507 3837 Franciam
3547 3785 3606 3838 et

1960 3865 2371 3935 Burgundiam.

2032 3955 2196 4010 Anno
2219 3953 2290 4009 ab
2315 3953 2425 4010 inc.
2451 3954 2611 4009 Dom.
2647 3956 2771 4024 943,
2805 3953 3130 4012 Willelmus
3160 3955 3419 4014 Rollonis
3452 3957 3607 4014 ﬁlius

1961 4043 2196 4098 occisus
2242 4047 2355 4111 est,
2398 4047 2456 4097 et
2500 4042 2825 4099 Riehardus
2883 4043 3106 4114 primus
3155 4047 3457 4113 successit,
3508 4047 3604 4118 qui

1962 4129 2369 4186 Normanniam
2416 4129 2568 4185 dono
2610 4130 2765 4202 regis
2795 4130 3069 4188 Ludovici
3119 4133 3391 4191 obtinuit.
3444 4138 3607 4206 llugo

1959 4218 2196 4288 Magnus
2230 4216 2577 4274 Normannis
2598 4216 2670 4273 ad
2694 4218 3091 4290 paganismum
3117 4221 3332 4276 reverti
3366 4222 3607 4278 volenti-

1960 4307 2070 4363 bus
2129 4303 2531 4375 congreditur,
2568 4310 2628 4360 et
2668 4319 2738 4361 eo
2770 4321 2920 4361 anno
2981 4305 3229 4364 ducatus
3288 4311 3543 4367 Francize
3575 4326 3605 4366 a

1961 4393 2253 4451 Ludovico
2282 4392 2625 4449 conceditur
2653 4392 2724 4448 ei.
2765 4396 2924 4450 Anno
2963 4397 3230 4466 sequenti
3265 4399 3607 4457 Heribertus

1961 4482 2126 4539 obiit.
2151 4482 2275 4537 Filii
2301 4482 2448 4553 ejus,
2465 4480 2858 4538 mediantibus
2873 4483 3094 4540 Othone
3108 4484 3254 4541 duce
3272 4487 3607 4543 Lotharien-

185 4594 324 4635 cum
361 4577 606 4635 Artaldo
637 4576 938 4650 episc0po,
982 4576 1234 4633 transito
1268 4580 1468 4633 Axona
1504 4575 1678 4634 ﬁuvio
1710 4576 1850 4633 Lau-
1877 4570 1930 4630 D
1961 4570 2108 4627 sium
2142 4576 2200 4626 et
2232 4569 2597 4626 Adalberone
2645 4570 2924 4642 episcopo
2972 4571 3239 4629 Mettensi
3279 4577 3336 4628 et
3367 4576 3605 4645 llugono

186 4668 414 4725 dunum
448 4665 747 4737 tendente,
784 4668 948 4736 [Iugo
979 4680 1109 4723 cum
1135 4665 1258 4722 suis
1281 4665 1489 4723 relicta
1522 4664 1846 4735 obsidione,

190 4756 411 4814 Othoni
461 4755 585 4826 regi
630 4755 858 4813 obviam
904 4754 1376 4826 proﬁciscuntur,
1413 4760 1473 4810 et
1513 4754 1565 4810 ei
1604 4769 1667 4810 se
1698 4769 1851 4810 com-

188 4845 459 4901 mittunt.
479 4844 583 4910 Qui
603 4842 874 4900 Heinrico
896 4843 1061 4899 fratri
1080 4859 1187 4900 suo
1209 4858 1450 4913 regnum
1474 4842 1847 4899 Lothariense

190 4931 588 5004 committens,
623 4947 752 4989 cum
785 4932 1147 4989 diversarum
1177 4931 1438 5001 gentium
1473 4930 1849 4987 multitudine

189 5021 548 5079 Ludovicum
590 5020 648 5078 in
682 5018 1073 5090 Burgundiam
1126 5020 1596 5091 proﬁciscentem
1650 5033 1850 5091 prose-

193 5110 418 5181 quitur,
452 5110 674 5167 habens
704 5124 900 5167 secum
934 5109 1283 5179 Conradum,
1309 5108 1538 5165 Rodulﬁ
1571 5108 1727 5179 regis
1755 5109 1852 5165 Ju-

194 5198 392 5255 rensis
445 5198 663 5270 ﬁlium,,
699 5213 868 5270 quem
921 5197 1138 5254 dudum
1187 5197 1320 5254 dolo
1370 5201 1607 5269 captum
1651 5212 1848 5254 secum

195 5289 517 5358 retinebat,
540 5292 596 5344 et
621 5287 973 5345 obsidibusa
989 5286 1338 5358 quibusdam
1366 5292 1624 5360 acceptis
1647 5286 1716 5342 ad
1743 5300 1850 5343 sua

196 5376 539 5433 revertitur.
1328 5432 1345 5440 -

268 5468 434 5521 Anno
489 5466 561 5521 ab
618 5464 730 5521 inc.
795 5465 949 5522 Dom.
1013 5464 1112 5522 941
1166 5464 1469 5528 Remensis
1524 5463 1848 5522 dioeceseos

195 5553 463 5624 episcopi
495 5551 909 5611 convenientes
931 5553 1085 5625 apud
1111 5552 1489 5610 Suessionem
1513 5552 1569 5608 in
1592 5551 1847 5610 ecclesia

198 5644 536 5698 sanctorum
571 5641 820 5712 Crispini
842 5645 899 5699 et
925 5641 1275 5713 Crispiniani
1308 5645 1564 5699 tractant
1589 5641 1660 5698 de
1683 5645 1843 5700 statu

1964 4659 2132 4729 duce,
2154 4675 2184 4716 a
2207 4659 2497 4716 Ludovico
2527 4659 2908 4730 recipiuntur.
2937 4661 3099 4730 Hugo
3123 4676 3190 4717 eo
3214 4666 3417 4719 tenore
3441 4665 3513 4719 ab
3535 4679 3606 4721 eo

1963 4752 2275 4820 susceptus
2295 4752 2410 4819 est,
2434 4753 2493 4804 ut
2520 4748 2571 4804 ei
2596 4747 2751 4805 aliud
2782 4748 3141 4820 episcopium
3169 4752 3603 4823 provideretur,

1961 4837 2204 4893 Artaldo
2246 4838 2525 4893 Remeuse
2563 4836 2931 4894 redderetur.
2982 4839 3252 4895 Posthzec
3305 4840 3455 4896 Otho
3489 4840 3607 4898 dux

1962 4925 2432 4982 Lothariensium
2451 4924 2616 4995 obiit,
2633 4925 3007 4983 etConradus
3030 4925 3301 4985 ducatum
3327 4928 3600 4985 obtinuit.

2033 5016 2195 5071 Anno
2209 5018 2333 5085 946,
2354 5014 2607 5071 Marinus
2630 5030 2776 5087 papa
2800 5014 3077 5081 decessit,
3094 5022 3148 5072 et
3168 5017 3450 5088 Agapitus
3477 5033 3607 5075 suc-

1959 5104 2174 5174 cessit;
2206 5118 2354 5160 anno
2386 5106 2577 5161 autem
2607 5103 2910 5175 prasterito
2938 5104 3264 5161 Ludovicus
3294 5108 3605 5163 Remorum

1960 5193 2276 5249 obsederat
2303 5192 2523 5263 urbem,
2550 5196 2606 5248 et
2632 5192 2890 5264 acceptis
2914 5193 3515 5265 obsidibusallugoue
3536 5196 3607 5253 de

1960 5282 2257 5340 reddenda
2281 5281 2532 5353 ratione,
2550 5281 2619 5338 de
2635 5282 2848 5354 quibus
2863 5282 3352 5355 interrogaretur,
3370 5286 3443 5341 ab
3457 5286 3609 5342 obsi-

1961 5372 2134 5429 dione
2157 5376 2503 5428 recesserat.
2536 5372 2751 5444 [FLon.]
2778 5371 2915 5427 Inde
2934 5371 3256 5428 Rodomum
3281 5377 3603 5446 profectus,

1961 5461 2096 5518 dolo
2129 5465 2338 5533 captus
2366 5464 2456 5517 est
2479 5474 2510 5517 a
2535 5459 2805 5517 ﬁdelibus
2836 5461 2958 5518 suis
2985 5464 3045 5519 et
3075 5462 3181 5519 sub
3211 5464 3479 5521 custodia
3511 5465 3611 5521 de-

1961 5554 2181 5608 tentus.
2210 5552 2373 5620 Hugo
2400 5564 2630 5621 quoque
2647 5548 2831 5607 Italiae
2852 5564 2882 5605 a
2907 5549 3031 5608 suis
3053 5566 3230 5622 regno
3252 5554 3456 5625 pulsus
3480 5558 3606 5621 est;

1960 5639 2053 5697 cui
2085 5639 2378 5698 successit
2398 5638 2708 5697 Lotharius
2732 5637 2890 5696 ﬁlius
2911 5639 3058 5711 ejus,
3094 5641 3315 5712 llugoni
3339 5656 3477 5698 vero
3496 5641 3626 5696 Ma-'
