3922 6394
351 363 462 427 183

1302 360 1664 424 HUGONIS
1706 357 2062 422 ABBATIS
2104 357 2784 422 FLAVINIACENSIS

3634 356 3752 421 181

346 516 460 573 gno
477 498 548 558 de
562 498 716 567 regis
739 499 1040 573 ereptione
1066 498 1390 573 laborante,
1408 501 1560 561 datis
1584 502 1889 563 obsidibus
1911 501 1994 561 di-
2021 489 2079 557 Δ
2110 503 2349 576 Agapeti
2376 517 2545 571 anno,
2573 500 2731 573 regni
2755 499 2909 571 regis
2933 498 3178 559 Othonis
3198 503 3284 573 13,
3309 497 3583 559 Ludovici
3608 512 3755 571 quo-

352 592 623 661 mittitur,
659 596 714 647 et
750 596 1062 664 susceptus
1096 592 1166 649 ab
1188 608 1255 649 eo
1276 594 1573 651 Tetbaudo
1606 595 1993 652 committitur

353 682 793 740 Carnotensium
828 682 1046 753 comiti,
1072 688 1131 739 et
1156 688 1289 755 post
1311 697 1518 741 annum
1546 700 1723 753 regno
1756 686 1993 742 restitu-

350 779 465 829 tus.
493 772 821 828 Ludovicus
834 777 888 826 et
908 773 1045 829 Otto
1060 773 1434 843 simuljuncti
1454 776 1759 832 Remorum
1788 777 1990 832 urbem

350 860 651 917 obsidione
674 861 1039 929 cireundant,
1066 867 1126 918 et
1150 864 1386 933 llugone
1407 864 1681 935 episcopo
1700 866 1876 922 tertio
1896 867 1994 920 ob-

352 950 599 1006 sidionis
615 950 706 1005 die
724 966 853 1006 cum
880 950 1001 1007 suis
1020 964 1281 1021 egresso,
1302 953 1595 1009 Robertus
1617 955 1992 1010 Trcverensis

350 1044 410 1095 et
442 1038 773 1095 Fridericus
823 1040 1317 1109 Mogunciacensis
1367 1041 1692 1112 Artaldum,
1743 1042 1873 1113 quia
1909 1044 1993 1099 sic

353 1128 509 1184 sedis
540 1130 809 1185 Romanas
843 1129 1167 1185 auctoritas
1197 1130 1690 1201 promulgaverat,
1719 1132 1772 1187 in
1800 1130 1991 1188 sedem

353 1218 693 1274 restituunt.

428 1309 589 1363 Anno
623 1308 891 1378 sequenti
924 1308 1155 1378 utrique
1187 1323 1355 1375 reges
1391 1308 1569 1381 Aquis
1604 1309 1810 1380 pascha
1844 1312 1994 1366 cele-

354 1396 542 1451 brant.
599 1396 861 1465 Synodus
894 1395 1241 1452 denunciata
1291 1396 1443 1453 circa
1497 1398 1747 1455 medium
1782 1401 1995 1455 mensis

353 1484 694 1540 Novembris
719 1484 990 1540 Virdunis
1008 1489 1092 1541 est
1119 1484 1339 1555 habita,
1364 1486 1712 1556 praesidente
1737 1488 1993 1543 Roberto

352 1573 674 1630 Trevirensi
706 1590 834 1630 cum
878 1574 1119 1630 Artaldo
1160 1576 1451 1644 Remensi,
1494 1577 1842 1645 Berengario
1876 1577 1995 1631 Vir-

355 1662 624 1732 dunensi,
664 1662 935 1718 Odalrico
978 1664 1257 1732 Aquensi,
1302 1664 1665 1721 Adalberone
1706 1666 1991 1734 Mettensi,

357 1752 607 1807 Gosleno
622 1750 893 1817 Tullensi,
913 1750 1272 1807 llildebaudo
1288 1753 1763 1821 Transrhenensi,
1781 1754 1994 1809 lsraele

2108 609 2217 663 que
2257 599 2335 663 t3,
2372 608 2547 650 causa
2582 592 2957 648 maximarum
3002 591 3427 648 dissensionum
3460 590 3615 647 inter
3644 592 3753 649 Lu-

2106 684 2374 740 dovicum
2417 697 2610 752 regem
2638 686 2697 737 et
2727 684 3021 750 Hugonem
3063 682 3405 753 principem,
3450 682 3603 738 inter
3644 684 3752 738 Ar-

2106 771 2325 829 taldum
2360 787 2590 842 quoque
2632 773 2968 827 Remensem
3012 771 3512 843 archiepiscopum
3544 776 3603 827 et
3634 774 3752 828 Hu-

2103 878 2309 932 goncm
2335 861 2537 917 illicite
2561 862 2945 917 substitutum
2978 861 3336 933 episcopum,
3364 878 3492 932 quae
3518 866 3750 934 pertur-

2107 953 2384 1009 baverant
2419 966 2585 1006 omne
2620 965 2857 1021 regnum
2890 953 3261 1006 Francorum.
3297 950 3382 1007 Ad
3412 952 3559 1007 hanc
3581 967 3751 1022 syno-

2106 1040 2239 1097 dum
2288 1043 2683 1098 convenerunt
2736 1040 2975 1109 triginta
3016 1039 3130 1096 duo
3162 1039 3422 1112 episcopi
3457 1040 3654 1098 Galliae
3686 1046 3750 1098 et

2106 1130 2445 1197 Germanize,
2481 1144 2627 1198 quos
2660 1128 2895 1198 dignum
2936 1129 3329 1197 judicavimus
3362 1131 3751 1187 subteranno-

2108 1222 2278 1273 tare:
2322 1218 2616 1273 Robcrtus
2658 1218 3040 1286 Trevirensis,
3092 1216 3372 1274 Artaldus
3420 1219 3743 1290 Bernensis,

2108 1308 2451 1363 Fred-ricus
2472 1307 2983 1376 Mogonciacensis,
3008 1307 3327 1375 Wigfridus
3354 1307 3744 1380 Coloniensis,

2108 1396 2479 1451 Adaldoehus
2518 1395 3085 1464 Hammaburgensis,
3132 1394 3514 1452 llildeboldus
3554 1396 3750 1453 Mimo-

2105 1483 2646 1553 garnorverdensis,
2670 1483 3275 1552 GoslenusTullensis,
3303 1482 3588 1539 Adalbero
3609 1485 3748 1538 Met-

2108 1573 2312 1641 tensis,
2348 1573 2733 1641 Berengarius
2764 1572 3166 1638 Virdunensis,
3210 1572 3520 1628 Fulbertus
3552 1573 3752 1629 Came-

2108 1662 2385 1729 racensis,
2411 1662 3123 1726 Rodulfuslmudunensis,
3146 1661 3363 1716 Richoo
3382 1663 3753 1717 Wormacen-

2109 1751 2211 1818 sis,
2246 1749 2623 1807 Reimboldus
2664 1750 2974 1821 Spirensis,
3010 1751 3208 1820 Poppo
3236 1749 3747 1819 Wirsiburgensis,

359 1838 938 1910 Brittone,pr:esente
958 1840 1996 1912 Brunoneabbatct‘ratreregisOtho-
2024 1848 2078 1909 B
2110 1839 2450 1896 Chonradus
2490 1839 2973 1907 Constantiensis,
3019 1838 3301 1894 Odericus
3344 1839 3748 1908 Augustensis,

356 1927 463 1991 nis,
501 1928 797 1995 Agenoldo
820 1931 877 1983 et
911 1927 1173 1998 Odilone,
1206 1945 1333 1984 cum
1367 1929 1498 1985 aliis
1531 1930 1876 1999 quihusdam
1910 1946 1998 1987 ve-

358 2016 718 2072 nerabilibus
749 2016 1077 2073 abbatibus.
1116 2018 1377 2088 Synodus
1406 2024 1596 2074 autem
1629 2019 1753 2075 haec
1784 2022 1856 2075 ob
1888 2022 1995 2076 hoc

357 2104 598 2159 Virduni
623 2105 970 2161 (lenunciata
995 2107 1121 2176 fuit,
1145 2107 1311 2163 utsic
1331 2107 1520 2162 saltim
1541 2108 1850 2163 interesset
1872 2124 1997 2163 eon-

359 2194 555 2248 vcntui
582 2194 990 2264 episcoporum
1018 2197 1294 2265 praefatus
1315 2196 1695 2252 Virdunensis
1717 2198 1998 2265 Berenga-

358 2281 500 2350 rius,
534 2282 699 2351 cujus
730 2286 889 2337 tanta
922 2288 1084 2339 esset
1121 2284 1463 2353 auctoritas,
1499 2288 1559 2340 ut
1592 2284 1885 2355 inprobari
1918 2284 1998 2339 vi-

358 2370 616 2437 deretur,
637 2371 786 2441 quod
803 2372 1288 2428 constantissime
1314 2372 1639 2429 nobilitatis
1659 2373 1783 2442 ejus
1801 2378 2000 2429 auten-

359 2460 469 2514 tica
516 2461 829 2530 przesentia
879 2476 990 2516 non
1045 2463 1441 2517 roboraretur.
1499 2461 1582 2517 Ad
1636 2477 1805 2532 quam
1840 2464 1998 2527 llugo

358 2554 635 2604 evocatus
655 2549 933 2605 missisad
950 2564 1079 2606 cum
1096 2549 1497 2605 deducendum
1514 2550 1811 2621 episcopis
1834 2551 2000 2605 Adal-

358 2635 575 2692 bcrone
600 2642 656 2692 et
682 2637 947 2706 Goslcno,
981 2639 1179 2694 venire
1212 2637 1418 2695 noluit.
1445 2640 1725 2695 Universa
1750 2654 1889 2695 vero
1912 2655 2001 2708 sy-

357 2725 544 2782 nodus
579 2726 819 2782 Artaldo
852 2728 1134 2784 Remense
1180 2727 1471 2797 adjudicat
1526 2728 1907 2799 episcopium,
1942 2732 1999 2784 et

362 2814 572 2871 iterum
604 2815 882 2872 indicitur
916 2816 1168 2886 synodus
1201 2817 1400 2873 Idibus
1435 2816 1715 2885 Januarii,
1747 2831 1875 2887 qua}
1907 2816 2001 2872 die

362 2907 583 2959 statuta
614 2904 908 2959 celebrata
950 2909 1034 2960 est
1073 2905 1125 2959 in
1160 2905 1405 2961 ecclesia
1447 2904 1631 2961 sancti
1672 2905 1831 2959 Petri
1866 2910 2000 2961 ante

361 2996 736 3062 prospectum
761 2992 940 3046 castri
963 2993 1196 3048 Mosomi
1213 3010 1242 3048 a
1258 2994 1467 3049 domno
1489 2993 1744 3048 Roberto
1767 2993 2001 3049 ceteris-

362 3095 472 3147 que
504 3080 867 3136 Trevirensis
900 3081 1224 3137 dioeceseos
1253 3082 1543 3152 episc0pis
1572 3084 1627 3138 et
1654 3082 1997 3151 quibusdam

362 3167 679 3269 Rem-ensis.
718 3168 810 3264 Ad.
832 3184 1003 3269 quam
1041 3170 1275 3269 veniens
1318 3172 1479 3239 llugo
1526 3170 1709 3269 noluit
1752 3169 1995 3269 ingredi,
2033 3207 2081 3269 Ο

363 3257 465 3311 sed
489 3256 716 3312 litteras
740 3256 896 3313 misit
916 3258 1024 3314 sub
1050 3260 1278 3315 nomine
1304 3259 1545 3331 Agapeti
1572 3274 1736 3330 papa)
1760 3274 1863 3330 per
1887 3259 2003 3315 cle-

364 3346 546 3401 ricum
595 3361 782 3411 suum,
817 3347 911 3417 qui
945 3361 1045 3403 eas
1078 3349 1253 3404 Roma
1289 3348 1601 3417 detulerat,
1635 3348 1742 3404 hoc
1773 3352 2001 3405 tantum

362 3434 750 3504 continentes,
774 3440 833 3490 ut
854 3435 905 3490 ei
926 3436 1207 3492 Remense
1241 3436 1590 3492 redderetur
1620 3436 2001 3507 episcopium.

345 3522 487 3586 ,(t‘ol.
510 3521 640 3592 67’.)
666 3524 808 3589 Quia
834 3538 972 3580 vero
994 3525 1286 3582 Robcrtus
1302 3526 1686 3594 Trevirensis,
1706 3523 2005 3581 deferente

364 3609 671 3665 Frcderico
688 3612 1147 3681 Moguuciacensi
1172 3628 1366 3669 coram
1393 3613 1629 3684 regibus
1644 3612 2008 3685 ctepiscopis

366 3694 561 3752 Galliae
577 3702 633 3751 et
648 3698 965 3755 Germania;
983 3698 1314 3756 mandatum
1336 3699 1643 3769 legationis
1669 3702 2007 3773 apostolicae

367 3788 1041 3856 susceperat,etpartcm
1060 3786 1840 3861 jussionisjamexpleverat,
1858 3806 2010 3847 com-

367 3873 521 3927 muni
558 3872 795 3928 decreto
820 3874 1106 3941 sancitum
1131 3881 1219 3931 est
1247 3882 1309 3932 ut
1334 3878 1482 3948 quod
1521 3880 1870 3949 regulariter
1902 3896 2011 3935 c03-

370 3964 529 4031 ptum
566 3961 773 4030 fuerat,
802 3963 1084 4019 canonice
1111 3970 1595 4035 pertractaretur.
1625 3968 1832 4039 Sicque
1865 3968 2011 4025 reci-

334 4042 335 4045 “
370 4053 492 4104 tato
515 4049 774 4120 capitulo
802 4048 867 4105 19
890 4052 1365 4122 Carthaginensis
1387 4056 1617 4112 concilii
1640 4058 1711 4113 de
1734 4062 2009 4114 accusato

367 4143 427 4194 et
457 4145 820 4208 accusatore,
845 4142 1163 4200 secundum
1192 4144 1374 4216 ipsius
1395 4147 1637 4217 capituli
1661 4148 2010 4205 sententiam

368 4228 673 4283 diﬂlnitnm
700 4234 875 4286 estut
902 4232 1142 4288 Artaldo
1172 4235 1512 4291 Remensem
1549 4242 1782 4291 tenente
1815 4251 2011 4307 parro-

368 4316 556 4373 chiam
586 4318 747 4387 Hugo
771 4333 799 4373 a
823 4321 1227 4378 communione
1259 4329 1319 4379 et
1350 4325 1628 4393 regimine
1662 4325 2006 4395 abstineret,

370 4405 552 4463 donec
576 4407 645 4463 ad
670 4407 1053 4465 universalem
1079 4411 1362 4480 synodum
1385 4413 1654 4470 Kalendis
1678 4414 1918 4483 Augusti
1946 4428 2011 4470 se

370 4500 727 4568 purgaturus
762 4504 1118 4555 occurreret.
1165 4498 1328 4566 Quod
1370 4502 1688 4575 capitulum
1725 4504 1778 4558 in
1805 4503 2010 4560 charta

2107 1928 2431 1984 Tetbardus
2448 1927 2993 1993 llildinehemensis,
3013 1928 3343 1983 Bernardus
3360 1926 3755 1983 Alfursteden-

2110 2019 2205 2083 sis,
2233 2018 2393 2074 Dudo
2419 2017 2980 2083 Paderbrunnensis,
3007 2016 3358 2073 Farabertus
3376 2016 3748 2086 Tungrensis,

2112 2108 2423 2177 Lioptacus
2442 2106 2816 2173 Ribunensis,
2833 2104 3072 2160 Michael
3097 2105 3577 2175 Radisponensis,
3602 2105 3753 2159 Dod-

2110 2196 2183 2251 do
2200 2194 2727 2263 Osneburggensis,
2743 2195 2944 2249 Everis
2960 2194 3294 2263 Mindensis,
3313 2192 3755 2249 BaldricusTra-

2103 2283 2405 2352 jectensis,
2424 2282 2711 2338 lleroldus
2739 2280 3199 2351 Salebnrgensis,
3227 2280 3580 2337 Adalbertus
3613 2282 3754 2336 Baz-

2110 2373 2356 2439 soensis,
2403 2371 2799 2427 Starcbannus
2840 2370 3205 2439 Eistctensis,
3250 2371 3468 2427 llorath
3515 2369 3755 2426 Sleowi-

2107 2461 2321 2525 censis,
2356 2459 2701 2515 Wichardus
2747 2459 3104 2523 Basiliensis,
3155 2460 3384 2515 Liet‘dac
3417 2459 3747 2531 Ripuensis.

2112 2550 2231 2611 (fol.
2268 2550 2381 2617 68.)
2417 2549 2834 2604 Residentihus
2868 2563 3007 2617 ergo
3026 2547 3489 2620 hispraesnlibus
3521 2548 3576 2603 in
3609 2563 3756 2620 prae-

2111 2638 2266 2694 dicta
2282 2637 2531 2694 ecclesia
2558 2641 2691 2709 post
2719 2638 3053 2708 praemissas
3079 2653 3283 2709 preces
3295 2636 3610 2694 secundum
3625 2652 3758 2693 con-

2112 2727 2479 2784 suetudinem
2501 2725 2835 2783 celebrandl
2859 2726 3111 2795 concilii,
3133 2732 3192 2782 et
3214 2726 3647 2798 postlectiones
3670 2741 3758 2783 sa-

2111 2832 2227 2873 crae
2246 2816 2643 2886 auctoritatis,
2669 2817 2951 2886 ingressis
2973 2815 3249 2886 gloriosis
3267 2816 3505 2887 regibus
3527 2816 3755 2872 Othone

2112 2910 2168 2961 et
2206 2906 2495 2962 Ludovico
2525 2910 2583 2961 et
2618 2905 2785 2961 simul
2825 2905 3240 2977 residentibus,
3280 2911 3414 2977 post
3451 2904 3757 2962 allocutio-

2114 3010 2241 3050 nem
2267 2995 2465 3051 Marini
2490 2994 2649 3051 sedis
2673 2994 3011 3066 apostolicae
3037 2995 3234 3065 legati,
3261 3009 3507 3065 surgens
3529 3010 3626 3051 rex
3647 2995 3757 3052 Lu-

2114 3084 2356 3140 dovicus
2388 3099 2418 3139 a
2451 3083 2635 3140 latere
2668 3089 2727 3139 et
2755 3099 3035 3141 consessu
3068 3084 3262 3139 domni
3296 3082 3540 3140 Othonis
3573 3084 3751 3155 regis,

2115 3173 2593 3245 proclamationis
2624 3187 2745 3229 suae
2778 3173 3195 3243 querimoniam
3225 3170 3523 3245 propalam
3555 3186 3755 3228 coram

2116 3262 2308 3332 legato
2326 3262 2661 3333 ceterisque
2686 3261 3132 3318 considentibus
3156 3262 3452 3334 episcopis
3476 3262 3761 3331 referens,

2117 3351 2369 3423 qualiter
2393 3352 2716 3408 accersitus
2738 3352 2860 3407 sita
2877 3351 3283 3407 transmarinis
3303 3351 3635 3421 regionibus
3656 3364 3762 3422 per

2117 3441 2345 3510 legatos
2376 3440 2637 3509 Hugonis
2660 3444 2716 3495 et
2746 3439 3068 3511 principum
3102 3440 3359 3495 Franciae
3383 3440 3453 3495 ad
3477 3439 3767 3512 accipien-

2118 3527 2250 3584 dum
2273 3532 2531 3599 paternae
2550 3527 2915 3584 haereditatis
2939 3541 3200 3597 regnum,
3227 3531 3284 3583 et
3303 3531 3646 3585 cunctorum
3670 3543 3768 3585 vo-

2118 3617 2195 3673 tis
2208 3621 2267 3673 et
2282 3616 2801 3673 acclamationibus
2825 3621 3206 3673 consecratus
3220 3616 3289 3672 ad
3304 3616 3527 3688 apicem
3548 3617 3765 3687 regalis

2120 3705 2531 3761 moderaminis
2553 3704 2952 3774 obtinendum,
2980 3709 3179 3776 postea
3204 3720 3340 3761 vero
3364 3704 3436 3760 sit
3462 3720 3490 3761 a
3518 3707 3763 3777 praefato

2120 3797 2357 3864 llugone
2399 3793 2551 3850 dolis
2590 3794 2910 3864 appetitus,
2944 3797 3000 3849 et
3036 3793 3513 3864 comprehensus,
3555 3798 3610 3849 et
3653 3810 3763 3865 per

2122 3898 2330 3939 annum
2362 3883 2651 3952 integrum
2686 3884 2791 3938 sub
2822 3881 3091 3939 custodia
3126 3882 3422 3939 detentus.
3447 3884 3525 3937 De
3551 3882 3765 3953 quibus

2119 3972 2391 4028 omnibus
2424 3971 2592 4027 malis
2623 3971 2670 4027 si
2704 3971 2835 4041 quis
2864 3971 3148 4041 objiceret
3180 3970 3333 4042 quod
3366 3971 3454 4027 sui
3491 3972 3766 4030 facinoris

2120 4075 2296 4117 causa
2332 4060 2441 4116 ista
2472 4058 2660 4115 omnia
2695 4073 3006 4131 perpessus
3034 4064 3216 4121 esset,
3244 4059 3375 4115 inde
3400 4074 3457 4116 se
3484 4060 3646 4130 juxta
3672 4074 3765 4131 sy-

2120 4148 2328 4206 nodale
2347 4148 2627 4221 judicium
2643 4148 2871 4218 etregis
2889 4148 3133 4204 Othonis
3159 4148 3603 4219 praeceptionem
3628 4164 3764 4220 pur-

2119 4242 2307 4309 garet,
2330 4242 2429 4294 aut
2448 4237 2765 4293 certamine
2786 4237 3067 4306 singulari
3091 4237 3450 4293 defenderet.
3476 4238 3612 4293 Post
3635 4237 3761 4294 haec

2122 4326 2400 4383 Artaldus
2422 4325 2724 4381 Remensis
2747 4324 2902 4380 dixit
2918 4339 3153 4381 causam
3178 4325 3299 4381 litis
3323 4325 3474 4381 inter
3492 4324 3677 4397 ipsum
3700 4330 3764 4382 et

2122 4417 2415 4485 Hugonem
2441 4413 2645 4471 illicite
2669 4413 2777 4470 sibi
2800 4412 3187 4469 substitutum
3210 4414 3568 4485 episcopum.
3605 4414 3766 4482 lnge-

2125 4510 2253 4561 stus
2275 4504 2469 4576 itaque
2493 4503 2724 4575 quidam
2747 4502 3005 4573 Hugonis
3023 4500 3485 4559 clericusattulit
3512 4501 3761 4571 litteras,

368 4584 751 4658 descriptum,
776 4590 834 4642 et
858 4587 908 4642 ei
936 4588 1175 4644 missum
1207 4595 1319 4660 est,
1346 4590 1617 4660 adjuncta
1649 4592 2005 4648 deﬁnitione.
2040 4580 2094 4641 D
2124 4608 2394 4649 asserens
2443 4592 2552 4648 sibi
2585 4606 2684 4647 eas
2713 4590 2882 4645 datas
2913 4591 2984 4645 ab
3015 4591 3145 4661 ipso
3188 4590 3409 4646 vicario
3456 4591 3669 4659 Romae,
3703 4591 3763 4646 in

370 4675 548 4742 Quam
581 4678 812 4746 postera
847 4676 939 4731 die
972 4678 1467 4752 retransmittens,
1503 4681 1795 4737 mandavit
1826 4695 1885 4736 sc
1915 4695 2013 4735 ne-

368 4778 657 4834 quaquam
697 4764 1091 4822 obediturum.
1137 4768 1367 4823 Interea
1413 4768 1891 4840 proclamationis
1920 4769 2014 4823 lit-

368 4854 512 4908 terae
545 4867 574 4907 a
608 4852 818 4908 domno
851 4854 1092 4911 Artaldo
1120 4855 1453 4926 diriguntur
1489 4858 1557 4912 ad
1589 4858 1783 4914 sedem
1812 4858 2015 4912 Roma-

367 4955 517 4995 nam.
554 4941 811 4996 Domnus
840 4940 1017 5011 igitur
1050 4944 1334 5015 Agapitus
1364 4960 1507 5018 papa
1533 4946 1813 5003 vicarium
1847 4959 2012 5002 suum

368 5027 647 5084 Marinum
677 5028 1013 5102 episcopum
1043 5032 1223 5088 mittit
1249 5034 1319 5090 ad
1345 5034 1628 5091 Othonem
1658 5048 1852 5105 regem
1887 5048 2017 5105 pro-

372 5120 503 5186 pter
552 5119 976 5186 aggregandam
1031 5120 1364 5189 generalem
1424 5123 1727 5192 synodum.
1781 5123 2014 5178 Litterae

373 5218 605 5274 quoque
657 5205 845 5275 ipsius
894 5208 1198 5279 speciatim
1251 5210 1442 5265 missae
1485 5214 1621 5265 sunt
1669 5210 2014 5281 quibusdam

374 5291 575 5347 Gallize
606 5296 664 5347 et
706 5295 1028 5351 Germania:
1065 5295 1378 5368 episcopis,
1421 5302 1482 5355 ut
1524 5300 1903 5357 convenirent
1944 5303 2013 5359 ad

370 5381 610 5437 eandem
643 5384 943 5453 synodum.

443 5472 769 5541 Aggregata
790 5476 879 5528 est
902 5487 1041 5541 ergo
1066 5472 1345 5545 praedicta
1380 5477 1632 5548 synodus
1663 5478 1718 5536 in
1752 5480 2017 5551 Engilen-

372 5555 521 5612 heim
545 5558 763 5629 palatio
786 5559 966 5627 regali
985 5558 1037 5613 in
1053 5560 1301 5619 ecclesia
1328 5563 1516 5621 sancti
1540 5566 1804 5640 Remigii,
1824 5574 1856 5625 7
1874 5568 2016 5626 ldus

369 5645 541 5715 Junii,
577 5661 625 5700 a.
672 5649 796 5713 948,
847 5646 1165 5703 indictione
1196 5654 1249 5721 6,
1294 5653 1473 5709 tertio
1524 5660 1773 5727 papatus
1822 5657 2015 5713 domui

2126 4683 2338 4753 quibus
2371 4681 2653 4753 scriptum
2678 4685 2805 4737 erat
2830 4679 2985 4749 quod
3006 4679 3202 4735 cuncti
3231 4679 3532 4735 Remensis
3553 4678 3766 4734 dioece-

2126 4786 2259 4827 seos
2280 4770 2539 4842 episcopi
2561 4785 2666 4841 pro
2686 4768 3121 4825 restauratione
3140 4768 3400 4838 Hugonis
3418 4767 3650 4823 easdem
3670 4766 3765 4821 lit-

2126 4864 2285 4915 teras
2314 4861 2507 4915 Romaa
2547 4857 2904 4913 direxerant.
2943 4856 3101 4922 Quod
3139 4871 3271 4911 mox
3303 4856 3628 4912 refutarunt
3662 4858 3766 4911 Ar-

2126 4947 2320 5005 taldus
2352 4946 2654 5003 Remensis
2684 4950 2738 5002 et
2774 4945 3085 5002 Fulbertus
3104 4944 3540 5000 Cameracensis
3569 4947 3625 4999 et
3657 4944 3767 5000 Ro-

2126 5036 2342 5107 dulfus,
2362 5036 2530 5106 quiin
2544 5035 2762 5092 eisdem
2778 5034 2998 5090 litteris
3015 5033 3489 5105 nominabantur,
3503 5037 3769 5089 astruen-

2126 5128 2217 5179 tes
2241 5121 2395 5194 quod
2412 5136 2510 5178 eas
2533 5135 2824 5191 nunquam
2849 5125 3014 5176 antea
3036 5120 3347 5175 audierunt
3363 5118 3454 5174 vel
3474 5116 3767 5188 viderunt,

2126 5226 2312 5283 neque
2337 5211 2392 5266 in
2414 5226 2612 5268 earum
2643 5209 3009 5280 delegatione
3044 5223 3346 5265 assensum
3371 5208 3767 5279 praebuerunt.

2124 5302 2441 5371 Postquam
2460 5315 2601 5370 ergo
2623 5299 2853 5355 delator
2871 5298 3022 5354 idem
3044 5296 3277 5369 publice
3298 5297 3638 5354 confutatus
3659 5300 3773 5367 est,

2128 5389 2445 5447 secundum
2464 5388 2746 5460 judicium
2765 5401 3050 5443 canonum
3075 5386 3420 5441 diaconatus
3439 5399 3552 5454 quo
3576 5384 3774 5454 funge-

2127 5478 2303 5535 batur
2332 5477 2520 5535 ot’tlcio
2554 5475 2856 5544 multatus,
2886 5491 2912 5530 a
2939 5489 3221 5531 consessu
3254 5472 3457 5546 synodi
3490 5473 3778 5529 abscessit

2128 5567 2498 5639 reprobatus.
2524 5564 2765 5621 Artaldo
2794 5564 2971 5634 igitur
2992 5562 3230 5636 praesuli
3249 5563 3530 5619 Remense
3551 5561 3780 5633 episco-

2130 5657 2285 5728 pium
2324 5653 2720 5724 adjudicatum
2751 5657 2842 5709 est
2867 5654 3036 5725 juxta
3074 5663 3361 5710 canonum
3404 5651 3672 5709 instituta
3711 5657 3773 5707 et
