3922 6414
208 375 320 438 185

1461 374 1959 438 ΟΗΒΟΝΙΟΟΝ.
1995 411 2070 422 --
2107 375 2255 437 LIB.
2300 377 2341 436 l.

3507 368 3618 433 186

204 516 542 572 sanctorum
574 514 807 588 patrum
841 510 1099 574 decreta.
1142 513 1401 574 Secunda
1447 516 1730 576 sessionis
1764 517 1856 576 die
1888 514 1942 576 Α
1983 518 2257 576 mundum
2282 531 2395 575 non
2420 529 2548 575 esse
2574 535 2588 582 :
2611 531 2718 584 non
2746 514 2988 574 timebat
3013 519 3356 588 egestatem,
3382 513 3513 588 quia
3538 514 3623 573 ni-

209 605 588 675 suggestione
621 606 860 661 Roberti
893 606 1252 662 Trevirensis
1286 613 1340 662 et
1379 609 1708 676 Berengarii
1736 610 1860 663 Vir-

209 693 492 749 dunensis
518 694 572 748 in
593 696 888 763 Hugonem
912 697 1215 750 Remensis
1240 698 1396 752 sedis
1425 699 1749 753 invasorcm
1769 715 1859 766 sy-

208 782 419 838 nodale
441 788 743 852 peractum
768 784 1179 851 estjudicium.
1210 787 1344 839 Nam
1380 787 1699 841 secundum
1732 801 1860 841 san-

207 873 434 925 ctorum
470 871 738 927 instituta
769 887 1074 938 canonum,
1112 874 1346 928 decreta
1384 879 1612 945 patrum
1663 876 1860 930 beato-

210 974 335 1015 rum
371 960 536 1029 Sixti,
561 961 895 1030 Alexandri,
925 962 1262 1030 Innocentii,
1289 963 1522 1033 Zosimi,
1559 965 1856 1034 Bonifacii,

210 1047 524 1117 Caelestini,
554 1049 778 1116 Leonis,
804 1051 1124 1120 Symmachi
1161 1054 1215 1104 et
1249 1057 1597 1107 carterorum
1631 1067 1862 1107 excom-

211 1137 656 1192 municaverunt
690 1143 748 1192 et
783 1154 810 1193 a
845 1140 1068 1207 gremio
1100 1140 1303 1196 matris
1334 1141 1600 1196 ecclesia)
1635 1143 1862 1210 repule-

211 1230 348 1280 runt
372 1240 525 1295 eum,
546 1227 731 1283 donec
763 1227 832 1281 ad
865 1228 1266 1297 paenitentiam
1300 1234 1354 1281 et
1383 1229 1610 1296 dignam
1635 1230 1862 1285 veniret

211 1315 690 1370 satisfactionem.
717 1317 958 1371 (laeteris
983 1317 1189 1372 diebus
1215 1318 1414 1387 synodi
1440 1322 1755 1374 tractatum
1773 1324 1862 1374 est

213 1403 284 1458 de
306 1403 548 1458 incestis
561 1404 688 1472 conj
702 1403 848 1471 ugiis
863 1409 918 1458 et
936 1404 1203 1459 ecclesiis
1219 1421 1346 1474 qua:
1363 1406 1672 1475 dabantur,
1692 1407 1861 1462 immo

211 1491 614 1548 vendebantur
651 1494 1010 1562 presbyteris
1046 1494 1099 1548 in
1134 1494 1400 1564 partibus
1427 1496 1766 1564 Germanize,
1803 1500 1863 1550 ct

214 1578 508 1636 dabantur
538 1582 704 1636 laieis
738 1582 961 1650 illicito,
999 1588 1055 1637 ct
1089 1583 1446 1653 prohibitura
1480 1600 1542 1638 ac
1576 1590 1861 1639 statutum

210 1683 282 1722 ne
315 1668 368 1724 id
404 1671 634 1726 omnino
676 1675 1127 1740 przesumeretur
1165 1671 1235 1725 ab
1278 1673 1490 1741 aliquo.
1526 1675 1862 1728 Tractatum

211 1761 305 1812 est
339 1763 396 1813 et
433 1759 504 1814 de
533 1759 662 1815 aliis
696 1760 895 1814 multis
929 1760 1193 1815 ecclesia:
1236 1760 1610 1817 utilitatibus.

287 1847 512 1903 Interea
549 1863 648 1904 rex
683 1849 831 1902 Otho
864 1855 1105 1917 rogatus
1144 1864 1172 1903 a
1210 1850 1501 1905 Ludovico
1536 1851 1861 1906 Conradum
1899 1889 1948 1947 Β

211 1933 420 1990 ducem
453 1952 581 1992 cum
616 1938 1096 1993 Lothariensibus
1118 1939 1167 1992 in
1195 1954 1321 2006 ejus
1351 1940 1528 1993 mittit
1555 1940 1863 2006 auxilium,

214 2028 272 2077 et
307 2025 439 2081 dum
473 2031 864 2096 congregatur
912 2027 1228 2092 exercitus,
1262 2029 1540 2083 Artaldus
1605 2034 1868 2083 moratur

211 2127 344 2168 cum
364 2115 724 2184 Trevirense,
747 2130 845 2170 rex
873 2115 1201 2170 Ludovicus
1229 2132 1356 2172 cum
1387 2118 1552 2185 duce,
1579 2117 1868 2172 Itodulfus

214 2201 614 2258 Laudunensis
637 2219 765 2259 cum
802 2203 1090 2259 Albcronc
1126 2205 1417 2260 Mettensi.
1445 2207 1750 2260 Exercitus
1776 2207 1872 2258 Lo-

212 2290 593 2347 thariensium
645 2294 952 2348 Mosomum
1003 2293 1180 2363 capit,
1217 2298 1272 2347 ct
1313 2295 1688 2350 munitionem
1743 2310 1871 2364 qua}

211 2379 430 2436 dicitur
461 2383 619 2436 Mons
662 2385 874 2436 acutus
907 2385 1045 2436 ante
1085 2383 1420 2438 Laudunum
1472 2384 1650 2454 capit.
1689 2386 1871 2439 Porro

210 2470 468 2542 epis00pi
490 2471 899 2526 Lotharienses
924 2472 1260 2526 Laudunum
1287 2473 1552 2541 veniunt,
1575 2475 1868 2540 Ilugonem

214 2573 289 2613 ex
328 2564 489 2629 parte
522 2559 722 2615 Marini
755 2567 982 2626 vocant,
1011 2566 1069 2614 et
1095 2560 1179 2614 sic
1206 2560 1276 2615 ad
1311 2575 1410 2615 sua
1448 2561 1713 2615 redeunt.
1745 2561 1863 2628 (fol.

211 2645 348 2717 68’.)
365 2648 528 2716 I-Iugo
549 2661 689 2702 vero
712 2647 985 2718 princeps
1010 2648 1435 2703 Suessionicam
1464 2651 1663 2704 urbem
1687 2665 1870 2720 oppu-

215 2740 380 2803 gnat,
406 2739 648 2789 matrem
673 2734 976 2790 ecclesiam
997 2751 1124 2791 cum
1155 2741 1317 2806 parte
1343 2736 1602 2792 civitatis
1633 2751 1870 2792 succen-

222 2824 332 2891 dit,
349 2823 404 2877 in
429 2823 699 2877 Remensi
723 2824 1024 2880 territorio
1047 2824 1218 2879 villas
1240 2840 1366 2878 cum
1393 2825 1719 2881 hominibus
1744 2842 1870 2881 suc-

227 2911 445 2980 cendit,
471 2915 524 2966 et
555 2911 735 2966 multa
770 2912 915 2967 mala
950 2912 1088 2980 agit.
1113 2914 1223 2968 Pro
1251 2913 1463 2982 quibus
1488 2920 1543 2967 et
1570 2913 1700 2968 aliis
1729 2913 1870 2969 mul-

215 3000 312 3069 tis,
335 3005 394 3055 et
419 3000 553 3070 quia
571 3005 814 3055 vocatus
829 3001 895 3055 ad
922 3001 1234 3056 concilium
1263 3001 1458 3057 venire
1484 3001 1688 3069 noluit,
1707 3019 1735 3057 a
1761 3005 1869 3057 Ma-

222 3089 350 3144 rino
371 3092 428 3143 et
453 3088 582 3144 aliis
605 3088 899 3159 episcopis
924 3090 1178 3144 Francize
1197 3093 1253 3144 et
1271 3091 1866 3147 RobertoTrevirensi

222 3178 490 3247 sequenti
539 3177 756 3247 synodo
795 3179 1331 3235 exeommunicatur
1372 3180 1524 3249 apud
1576 3180 1864 3235 Treviros.

223 3268 578 3323 Czeterorum
593 3281 732 3323 vero
746 3267 1156 3338 episcoporum
1185 3268 1645 3324 Lothariensium
1661 3274 1715 3323 et
1736 3271 1869 3324 Ger—
1899 3245 1946 3307 C

221 3370 518 3413 manorum
551 3355 746 3413 nullus
782 3357 857 3412 ibi
883 3357 1066 3412 affuit.
1095 3357 1318 3422 Quibus
1342 3358 1594 3428 expletis
1616 3357 1868 3413 Marinus

218 3445 381 3502 vadit
412 3445 715 3501 Saxoniam
748 3443 818 3500 ad
853 3446 1358 3501 consecrationem
1412 3446 1724 3502 Vuldensis
1754 3461 1870 3502 mo-

221 3535 486 3604 nasterii,
522 3539 578 3589 et
623 3535 704 3590 sic
737 3536 974 3590 Romam
1025 3535 1365 3590 revertitur.

293 3625 454 3677 Anno
480 3621 745 3692 sequenti
773 3623 1025 3692 domnus
1052 3625 1346 3692 Agapetus
1371 3637 1514 3693 papa
1529 3624 1869 3679 Romzecon-

219 3711 417 3769 cilium
452 3711 673 3782 habuit,
707 3711 760 3765 in
796 3726 905 3781 quo
937 3711 1302 3767 conﬁrmavit
1333 3725 1395 3766 ea
1443 3726 1569 3780 qua:
1621 3711 1674 3766 in
1726 3727 1869 3784 prte-

220 3802 338 3857 fata
373 3800 594 3871 synodo
628 3807 754 3856 acta
790 3805 946 3856 sunt.
973 3801 1189 3872 [non]
1216 3802 1356 3856 Post
1389 3803 1508 3856 haec
1539 3801 1868 3858 Ludovicus

220 3895 276 3945 et
311 3891 470 3958 Hugo
498 3894 784 3959 pacantur
827 3890 896 3944 ad
948 3889 1215 3954 invicem,
1251 3889 1642 3945 mediantibus
1693 3894 1868 3959 atque

223 3993 322 4047 seq
335 3977 547 4034 uestris
573 3977 837 4033 Conrado
853 3978 1019 4045 duce,
1039 3978 1483 4046 IIugoneNigro,
1505 3978 1867 4034 Adalberone

222 4071 282 4122 et
308 4065 582 4121 Fulberto
607 4065 925 4136 episcopis.
946 4065 1095 4120 Otho
1120 4080 1351 4135 quoque
1376 4081 1479 4121 rex
1503 4067 1787 4122 chedos
1810 4071 1866 4121 et

223 4155 527 4224 Hungaros
546 4154 654 4209 sibi
688 4155 903 4209 subdit.
935 4154 1318 4222 Bcrengarius
1342 4153 1572 4223 quidam
1596 4155 1867 4224 princeps

222 4243 427 4311 Italiae,
455 4257 697 4313 veneno,
719 4248 779 4298 ut
801 4243 1005 4311 fertur,
1025 4248 1232 4298 necato
1257 4243 1530 4297 Lothario
1558 4258 1691 4311 rege
1714 4244 1870 4310 regis

221 4331 479 4400 Hugonis
513 4331 648 4400 ﬁlio,
686 4346 788 4385 rex
816 4331 1064 4387 edicitur
1106 4330 1306 4385 Italiae.
1344 4332 1526 4386 Porro
1569 4345 1670 4386 rex
1718 4332 1866 4386 Otho

222 4420 458 4491 Papiam
484 4420 659 4490 cepit.
679 4422 813 4475 Cum
839 4421 990 4475 enim
1019 4420 1126 4475 iret
1153 4420 1205 4473 in
1234 4420 1477 4485 Italiam,
1515 4421 1867 4489 Berengario

221 4509 472 4580 praefato
507 4509 559 4563 in
589 4509 714 4578 ejus
745 4509 995 4564 adventu
1035 4508 1311 4577 fugiente,
1348 4523 1449 4563 rex
1480 4508 1739 4563 eamdem
1777 4524 1868 4564 ur-

1974 609 2091 664 chil
2121 608 2366 680 sapienti
2401 607 2603 664 deesse
2637 608 2879 676 sciebat,
2916 613 2971 663 et
3014 608 3106 664 cui
3156 612 3320 663 totus
3367 605 3618 663 mundus

1975 697 2134 752 locus
2166 699 2241 751 sit
2265 698 2617 752 divitiarum.
2648 697 2942 753 Laudabat
2977 697 3162 753 virum
3199 697 3293 767 qui
3330 711 3470 753 auro
3504 711 3621 751 mo-

1975 787 2092 840 veri
2130 787 2404 854 nesciret,
2431 789 2826 856 contemptum
2856 787 3098 841 haberet
3133 785 3488 854 divitiarum,
3520 787 3615 855 qui

1973 873 2135 930 velut
2156 890 2226 928 cx
2251 891 2382 930 arce
2408 875 2650 943 quadam
2677 876 3002 945 despiceret
3023 875 3212 929 homin
3226 891 3314 929 um
3331 874 3620 945 cupidita-

1974 968 2083 1030 tes,
2112 967 2171 1017 et
2201 979 2327 1018 cum
2355 965 2636 1033 propheta
2664 964 2715 1017 in
2745 963 3012 1019 laudibus
3034 964 3188 1020 illius
3211 962 3572 1018 exclamabat
3603 982 3613 1016 :

1978 1051 2123 1115 Qm’s
2145 1053 2247 1107 est.
2279 1052 2562 1121 inquiens,
2589 1054 2645 1108 et
2673 1052 3050 1108 law/labims
3077 1059 3245 1109 cum?
3266 1051 3434 1108 Fecit
3461 1053 3618 1108 enim

1970 1140 2284 1196 mirabilia
2314 1141 2377 1195 in
2401 1142 2529 1196 rita
2550 1155 2658 1197 sua
2691 1141 2880 1203 (Eccli
2914 1157 3061 1206 xxxr,
3092 1149 3166 1198 9).
3199 1139 3612 1196 Admirandum

1975 1229 2204 1283 dicebat
2239 1230 2332 1299 qui
2368 1230 2602 1285 divitias
2629 1236 2954 1300 sperneret,
2981 1244 3126 1300 quas
3153 1230 3419 1301 plerique
3446 1228 3619 1285 saluti

1976 1318 2224 1388 propriae
2249 1319 2652 1388 prtetulerunt.
2675 1320 3010 1374 Declinabat
3033 1319 3358 1387 avaritiam,
3384 1323 3445 1373 et
3465 1317 3617 1373 omni

1977 1407 2169 1463 studio
2189 1407 2528 1462 intendebat
2543 1424 2610 1462 ne
2628 1408 2764 1477 quid
2783 1409 2996 1464 faceret
3013 1407 3615 1477 adversusjustitiam,

1977 1495 2077 1550 sed
2104 1495 2156 1549 in
2184 1497 2451 1551 omnibus
2477 1497 2751 1566 epcribus
2773 1499 3100 1554 custmliret
3124 1513 3267 1553 eam.
3287 1496 3623 1565 Rcdargue-

1979 1583 2076 1637 bat
2109 1584 2533 1654 delinquentes,
2563 1586 2779 1642 nullius
2809 1587 2859 1640 in
2890 1587 3111 1654 judicio
3146 1601 3452 1657 personam
3477 1584 3623 1640 acci-

1977 1673 2193 1742 piebat,
2221 1674 2406 1741 gratia
2434 1675 2655 1744 aberat,
2680 1690 2987 1730 causarum
3013 1675 3221 1730 merita
3244 1673 3623 1738 decernebat,

1978 1762 2682 1830 gravissimumjudicans
2742 1779 3052 1834 pauperem
3113 1764 3476 1818 innocentem
3535 1777 3623 1817 ar-

1979 1864 2178 1917 guere,
2207 1850 2442 1905 divitem
2474 1867 2754 1907 excusare
2788 1867 2948 1908 reum
2983 1853 3188 1923 culpa).
3212 1855 3268 1906 In
3295 1865 3466 1907 causa
3501 1849 3619 1918 Dei,

1983 1938 2078 1991 ubi
2112 1940 2534 1994 communionis
2570 1941 2890 2010 periculum
2934 1945 3194 2008 noverat,
3231 1941 3404 1996 etiam
3457 1939 3624 1994 dissi-

1983 2025 2203 2081 mulare
2238 2036 2538 2097 peceatmn
2573 2029 2804 2084 dicebat
2836 2045 2942 2085 non
2977 2029 3100 2085 leve
3129 2048 3142 2096 ;
3176 2026 3618 2085 commendabat

1985 2115 2135 2169 enini
2159 2117 2470 2172 sedulitate
2493 2118 2979 2173 existimationem
3007 2133 3187 2187 suam,
3205 2123 3268 2173 ut
3287 2117 3626 2172 obstruere-

1985 2207 2166 2259 turos
2199 2208 2450 2259 omnium
2477 2206 2667 2275 iniqua
2697 2206 2850 2275 loqui
2872 2206 3209 2262 volentium.
3238 2205 3626 2275 Spectabatur

1984 2294 2055 2346 ab
2079 2293 2344 2348 omnibus
2362 2294 2743 2349 admiratione
2759 2295 3058 2365 sapientiae
3073 2299 3131 2349 et
3146 2308 3340 2348 amore
3354 2291 3622 2361 justitia),

1986 2380 2351 2451 prudentiam
2378 2382 2595 2437 habens
2620 2383 2782 2438 vocis
2807 2383 3141 2437 testimonio
3167 2397 3297 2437 reos
3321 2382 3624 2437 confutare

1982 2476 2041 2524 et
2074 2470 2438 2538 convincere,
2459 2471 2746 2539 justitiam
2783 2487 3008 2541 quoque
3038 2475 3314 2527 nocentes
3340 2468 3626 2540 supplicio

1983 2560 2141 2627 dare,
2181 2559 2523 2614 innocentes
2558 2560 2904 2616 subducere.
2935 2561 3016 2615 Ad
3041 2560 3226 2615 omnia
3252 2558 3625 2614 habundabat

1983 2649 2153 2703 animi
2190 2648 2315 2717 ejus
2348 2649 2570 2704 directa
2596 2649 2959 2720 simplicitas,
2986 2649 3258 2704 vincebat
3282 2648 3335 2701 in
3360 2647 3628 2702 omnibus

1981 2738 2260 2807 cperibns
2292 2737 2417 2806 ejus
2451 2738 2763 2793 utilitatem
2798 2739 3092 2806 honestas,
3118 2752 3229 2792 non
3264 2737 3627 2791 honestatem

1983 2826 2224 2881 utilitas.
2247 2826 2430 2882 Niebil
2461 2827 2510 2880 in
2535 2842 2603 2881 eo
2631 2831 2753 2882 arte
2777 2825 3247 2895 clieitum,niehil
3275 2831 3402 2880 erat
3426 2824 3626 2880 fraude

1981 2916 2390 2984 compositum,
2444 2916 2595 2985 quod
2645 2921 2870 2972 careret
2922 2915 3128 2970 merito
3205 2913 3622 2985 simplicitatis.

1983 3003 2102 3070 (fol.
2138 3007 2252 3075 69.)
2286 3007 2565 3060 Servabat
2600 3019 2768 3074 quam
2820 3004 3062 3060 maxime
3114 3002 3463 3059 naturaliter
3492 3001 3629 3056 insi-

1979 3095 2095 3147 tam
2131 3093 2242 3147 sibi
2276 3092 2531 3162 regulam
2560 3093 2806 3162 justitize
2830 3108 2942 3149 non
2967 3093 3262 3148 declinare
3283 3107 3312 3147 a
3335 3105 3494 3161 vero,
3520 3104 3623 3145 vas

1982 3196 2148 3236 suum
2168 3181 2219 3235 in
2239 3183 2554 3236 sanctitate
2574 3182 3263 3252 possidere,honestatem
3278 3181 3506 3251 opibus,
3525 3179 3623 3235 ho-

1981 3271 2246 3334 noribus,
2265 3270 2650 3339 dignitatibus
2674 3271 2984 3340 przeferre;
3012 3269 3186 3325 nichil
3211 3270 3267 3324 in
3292 3284 3352 3324 se
3376 3283 3504 3324 esse
3533 3281 3626 3338 pa-

1981 3357 2237 3414 tiebatur
2254 3359 2585 3414 simulatum
2602 3363 2657 3413 et
2681 3359 2899 3429 fictum,
2919 3359 3067 3428 quod
3096 3358 3232 3412 licet
3257 3358 3312 3411 in
3339 3356 3626 3428 principio

1981 3452 2284 3517 vernaret,
2309 3448 2363 3503 in
2396 3462 2677 3518 processu
2711 3448 3099 3518 dissiparetur
3149 3450 3208 3508 ut
3255 3444 3533 3502 ﬂosculus
3564 3449 3622 3500 et

1981 3535 2329 3606 solveretur,
2367 3537 2503 3606 quin
2538 3537 2732 3607 potius
2764 3552 2962 3592 verum
3024 3540 3082 3591 et
3133 3535 3423 3592 sincerum
3471 3533 3625 3603 quod

1981 3624 2096 3679 alta
2123 3625 2319 3680 radice
2345 3625 2710 3680 fundaretur.
2730 3625 2818 3681 Sic
2845 3640 2946 3695 per
2964 3624 3242 3680 exercitia
3270 3623 3405 3678 boni
3427 3622 3624 3692 operis

1982 3715 2218 3769 formam
2245 3714 2420 3768 dabat
2446 3714 2700 3769 subditis
2735 3714 2806 3769 ad
2841 3713 3175 3769 felicitatem
3207 3710 3447 3766 tendere
3480 3725 3626 3766 sem-

1979 3804 2227 3874 piternze
2252 3802 2484 3873 quietis.
2517 3805 2677 3858 Anno
2704 3802 2884 3872 igitur
2901 3801 3276 3873 episcopatus
3296 3800 3384 3856 sui
3409 3799 3626 3856 duode-

1981 3892 2155 3958 cimo,
2200 3892 2271 3946 ab
2322 3891 2717 3946 incarnatione
2768 3890 2986 3945 Domini
3037 3893 3160 3959 951,
3196 3888 3491 3944 indict.....
3534 3887 3622 3956 "3,

1982 3980 2188 4035 videns
2204 3979 2351 4035 filios
2368 3995 2506 4034 suos
2523 3985 2583 4034 ut
2611 3985 2824 4035 terram
2853 3978 3152 4034 fecundam
3179 3979 3414 4034 sincero
3439 3976 3620 4032 tritici

1979 4081 2160 4136 grano
2177 4068 2538 4136 seminatam,
2555 4073 2610 4122 et
2631 4067 2923 4138 puriorem
2940 4072 2996 4121 et
3024 4067 3354 4122 uberiorem
3376 4079 3624 4120 messem

1982 4155 2440 4225 promittentem,
2469 4155 2916 4225 multiplicatum
2937 4153 3184 4209 reddere
3210 4154 3364 4224 quod
3389 4168 3628 4223 accepe-

1983 4246 2132 4311 rant,
2151 4247 2207 4297 et
2229 4243 2434 4298 dolens
2453 4244 2733 4311 quosdam
2758 4258 2959 4297 eorum
2986 4242 3352 4312 perfectioris
3374 4241 3507 4297 vita}
3533 4241 3632 4297 de-

1983 4330 2199 4386 siderio
2231 4337 2289 4385 et
2319 4330 2547 4386 altioris
2576 4331 2858 4400 propositi
2883 4345 3078 4385 amore
3102 4330 3534 4386 ferventissimo
3558 4329 3628 4385 ad

1982 4420 2202 4475 vicinas
2234 4419 2501 4474 dioceses
2531 4419 2914 4488 commigrare
2954 4424 3009 4473 et
3058 4419 3442 4474 mzmasticum
3475 4418 3631 4474 ordi-

1982 4524 2131 4576 nem,
2155 4508 2284 4578 quia
2312 4509 2364 4562 in
2394 4508 2514 4579 ipsa
2541 4507 2890 4563 Virdunensi
2917 4508 3057 4563 urbe
3080 4521 3191 4562 non
3216 4506 3625 4562 inveniebatur

223 4599 354 4653 bem
387 4597 733 4667 ingreditur,
761 4602 820 4652 et
853 4611 1089 4652 uxorem
1125 4596 1380 4652 Lotharii
1406 4597 1561 4665 regis
1584 4597 1863 4666 defuncti,
1898 4602 1952 4662 D
1985 4599 2076 4664 (θ.
2120 4598 2277 4653 Vird.
2305 4602 2386 4666 2),
2411 4596 2547 4652 alibi
2567 4596 3310 4666 expetere,communicato
3333 4595 3474 4650 cleri
3497 4610 3629 4666 pro-

223 4701 486 4742 sororem
524 4687 768 4741 Conradi
805 4685 961 4755 regis
986 4685 1268 4755 Jurensis,
1304 4685 1606 4755 conjugem
1640 4686 1870 4758 accepit

226 4773 627 4831 Adheleidam.
664 4775 863 4845 Sopita
897 4775 1074 4842 igitur
1106 4774 1529 4846 aliquantulum
1561 4789 1869 4844 perverso-

227 4877 351 4918 rum
384 4862 717 4932 insolentia,
738 4864 966 4918 donnus
995 4865 1380 4932 Berengarlus
1403 4863 1732 4918 commissis
1758 4863 1867 4918 sibi

223 4951 434 5006 ovibus
455 4950 755 5022 exemplar
767 4955 823 5006 et
840 4951 1138 5022 speculum
1160 4951 1338 5007 totius
1355 4951 1655 5020 religionis
1671 4956 1730 5007 et
1747 4967 1872 5007 san-

223 5039 452 5096 ctitatis
475 5040 682 5108 factus,
711 5041 987 5095 studebat
1012 5039 1066 5094 in
1098 5055 1161 5096 se
1192 5039 1437 5111 primum
1469 5045 1525 5095 et
1554 5041 1635 5096 sic
1661 5041 1714 5094 in
1742 5041 1872 5095 sub-

224 5129 384 5185 ditos
405 5128 573 5184 noxia
606 5133 660 5183 et
694 5129 984 5199 superflua
1022 5142 1308 5198 resecare,
1344 5130 1660 5200 depravata
1693 5129 1873 5184 corri-

222 5232 384 5287 gere,
412 5220 632 5284 sancta,
661 5217 905 5273 honesta
930 5222 988 5272 et
1018 5217 1180 5272 utilia
1207 5224 1504 5288 appetere.
1531 5218 1870 5273 Preferebat

225 5319 459 5377 semper
491 5307 795 5362 honestum
831 5304 958 5360 utili
989 5323 1002 5371 ;
1036 5305 1194 5361 nullo
1225 5310 1473 5374 terrore,
1502 5305 1660 5362 nullo
1692 5308 1868 5375 metu,

225 5384 255 5451 ἐξ
282 5393 437 5451 nulla
465 5393 999 5450 adulationeavero
1025 5393 1450 5450 deﬂectendum
1469 5395 1730 5464 putabat.
1752 5396 1871 5450 Non

224 5483 557 5553 refugiebat
583 5481 840 5551 exilium,
873 5483 1006 5553 quia
1040 5487 1281 5540 noverat
1332 5483 1579 5555 sapienti
1624 5483 1869 5555 patriam

1982 4701 2299 4755 cei-umque
2334 4685 2580 4740 consilio
2614 4685 2668 4739 in
2702 4685 2960 4754 sepefata
2993 4682 3257 4739 aecclesia
3289 4686 3625 4739 sanctorum

1983 4773 2384 4846 apostolorum
2409 4772 2565 4828 Petri
2590 4778 2646 4828 et
2672 4773 2826 4830 Pauli
2844 4773 3064 4829 honore
3081 4771 3368 4840 dedicata,
3387 4772 3629 4842 ubipre-

1983 4864 2177 4920 ciosus
2202 4862 2423 4917 Domini
2457 4863 2760 4917 confessor
2793 4862 3037 4917 Vitonus
3065 4875 3194 4916 cum
3227 4861 3351 4916 suis
3381 4859 3630 4930 quiescit

1984 4958 2043 5007 et
2068 4955 2382 5007 veneratur
2402 4950 2930 5021 prmdecessoribus
2952 4954 3006 5005 et
3026 4947 3493 5018 successoribus,
3512 4963 3631 5004 mo-

1986 5042 2298 5097 nachorum
2334 5039 2547 5108 delegit
2581 5038 2894 5094 turmulam
2928 5052 3265 5108 aggregare,
3294 5037 3388 5108 qui
3415 5038 3472 5092 et
3498 5051 3628 5107 pro-

1987 5130 2225 5201 pensius
2274 5128 2487 5184 divinis
2534 5126 2900 5183 deservirent
2949 5127 3230 5195 cultibus,
3264 5130 3320 5181 et
3360 5124 3628 5181 omnibus

1987 5217 2218 5273 Christo
2236 5218 2517 5272 adherere
2542 5216 2876 5272 volentibus
2899 5217 3136 5270 formam
3161 5214 3367 5270 darent
3397 5213 3630 5269 humili-

1987 5306 2126 5362 tatis
2154 5311 2212 5361 et
2245 5306 2562 5375 patientiae,
2592 5310 2651 5362 ut
2685 5304 2774 5360 vel
2801 5305 2885 5360 sic
2909 5319 3020 5359 non
3044 5306 3396 5372 cogerentur
3419 5301 3488 5356 ad
3513 5301 3626 5358 alia

1987 5395 2264 5450 secedere
2280 5394 2375 5464 qui
2392 5393 2673 5449 haberent
2690 5397 2951 5463 paratum
2976 5406 3096 5462 prae
3119 5391 3308 5448 oculis
3333 5389 3628 5462 specimen

1989 5482 2308 5553 religionis.
2345 5484 2413 5536 Et
2450 5483 2661 5537 factum
2695 5484 2781 5536 est
2815 5481 3008 5536 divina
3057 5483 3409 5551 cooperante
3438 5479 3629 5549 gratia

1588 5597 1824 5652 VARIE
1869 5597 2058 5652 LECTI
2067 5596 2158 5651 ON
2165 5597 2262 5651 ES.

299 5695 368 5731 ³⁸⁸
398 5707 679 5752 numerus
709 5694 802 5752 IX
829 5694 990 5752 deest
1012 5695 1078 5752 in
1103 5709 1150 5752 ο.
