3922 6400
326 356 438 419 18⁵7

1262 349 1631 413 HUGONIS
1672 349 2031 413 ABBATIS
2076 349 2787 413 FLAVINIACENSES

3620 351 3756 414 188

324 494 384 545 et
416 487 508 545 sui
540 484 866 543 sacerdotis
896 483 1094 541 cordis
1118 481 1318 567 intima
1348 479 1768 552 perlustrante,
1791 484 1857 536 ut
1878 480 1974 536 de-
2006 481 2057 540 A
2086 482 2357 539 ciderunt
2389 480 2479 539 vel
2512 480 2813 551 sanguinis
2846 481 2942 551 qui
2965 452 3183 538 effusus
3208 479 3406 549 fuerit,
3432 479 3558 537 sive
3583 480 3752 538 vice-

326 575 609 633 siderium
633 577 920 642 sanctum,
947 571 1104 642 quod
1128 568 1353 629 diutina
1379 568 1756 625 meditatione
1773 583 1976 625 conce-

328 670 488 738 ptum
513 662 792 719 dilatione
807 664 1097 730 creverat,
1116 658 1253 714 felix
1266 661 1728 729 consequeretur
1742 662 1801 712 et
1816 656 1975 713 celer

326 753 589 821 effectus,
622 753 679 806 et
714 748 994 805 desiderii
1024 747 1115 804 sui
1149 752 1290 817 quot
1319 750 1528 811 testes,
1565 750 1654 801 tot
1684 745 1970 801 inveniret

329 844 749 912 cooperatores
763 843 822 893 et
838 836 1155 906 adjutores.
1173 833 1597 906 Expulsisergo
1611 833 1845 890 clericis
1858 849 1975 890 mo-

327 926 900 996 nachosintroduxit,
919 926 1131 996 quibus
1145 928 1202 979 et
1227 938 1298 979 ex
1316 937 1416 980 sua
1432 923 1797 994 proprietate
1821 927 1879 977 et
1903 921 1973 977 de

327 1019 505 1074 rebus
539 1016 743 1071 matris
773 1014 1060 1071 acclesia
1091 1027 1313 1069 annuos
1346 1015 1666 1084 proventus
1680 1010 1971 1067 redituum

326 1111 383 1163 et
416 1106 611 1162 victus
643 1104 1012 1175 vestitusque
1062 1101 1390 1159 necessaria
1438 1100 1878 1172 praordinavit,
1913 1103 1973 1154 et

327 1209 583 1265 congrua
620 1193 977 1250 officinarum
1024 1189 1357 1247 habitacula
1390 1188 1764 1261 praparavit,
1797 1188 1975 1258 magi-

326 1288 483 1340 stros
517 1283 717 1354 operis
749 1280 1130 1338 conducendo
1152 1284 1210 1335 et
1234 1292 1521 1349 expensas
1550 1276 1884 1346 tribuendo,
1908 1280 1972 1332 ut

327 1370 836 1429 inveniretanima
862 1385 983 1426 sua
1006 1368 1267 1439 requiem
1293 1371 1425 1437 post
1450 1366 1705 1422 laborem
1730 1365 1787 1421 in
1806 1364 1976 1421 atriis

325 1459 712 1531 Hierusalem,
732 1474 859 1530 qua
883 1455 1512 1524 utcivitasedificatur,
1528 1453 1974 1525 etparticipatio

326 1551 454 1621 ejus
487 1549 544 1605 in
597 1548 655 1603 id
701 1533 907 1620 ipsum.
970 1547 1254 1602 Abbatcm
1303 1558 1534 1615 quoque
1579 1544 1665 1599 eis
1715 1542 1976 1599 instituit

325 1638 729 1707 llumbertum,
758 1636 829 1692 de
851 1635 1096 1692 cenobio
1128 1634 1315 1690 sancti
1349 1632 1487 1703 Apri
1521 1632 1708 1689 virum
1741 1630 1977 1701 religio-

327 1742 474 1797 sum,
511 1730 572 1782 ut
620 1726 676 1781 in
726 1725 930 1781 charta
981 1738 1153 1779 manu
1200 1721 1329 1791 ejus
1379 1721 1607 1791 signata
1656 1720 1971 1790 invenitur,

329 1830 499 1886 quam
530 1815 706 1869 etiam
740 1814 834 1869 hic
864 1812 1217 1869 subnectere
1248 1824 1426 1882 opere
1456 1808 1717 1882 precium
1753 1808 1977 1879 judica-

326 1903 533 1959 vimus.
568 1904 669 1958 Est
701 1906 894 1958 autem
929 1899 1258 1972 hujusmodi
1294 1918 1306 1953 :

402 2011 431 2044 «
463 1991 702 2048 Noverit
732 1990 986 2047 omnium
1012 1988 1437 2045 catholicorum
1459 1992 1576 2044 tam
1597 1986 1975 2059 prasentium

330 2095 500 2153 quam
526 2082 856 2137 futurorum
878 2078 1186 2149 industria,
1212 2076 1366 2149 quod
1388 2091 1494 2147 ego
1528 2078 1587 2132 Β.
1614 2079 1832 2132 sancta
1857 2075 1979 2131 Vir-

329 2169 609 2227 dunensis
640 2168 905 2225 ecclesia
939 2167 1171 2223 nomine
1221 2181 1335 2223 non
1384 2165 1594 2221 merito
1644 2164 1975 2236 episcopus,

331 2273 482 2314 anno
512 2272 654 2315 mea
686 2257 1077 2315 ordinationis
1109 2255 1478 2325 duodecimo,
1513 2268 1734 2311 memor
1763 2257 1979 2310 nostra

328 2346 596 2404 ecclesia
630 2348 897 2416 fratrum,
932 2360 1179 2416 quorum
1211 2344 1457 2400 maxima
1510 2357 1645 2416 pars
1691 2342 1978 2399 dominica

328 2438 505 2493 verba
520 2435 722 2507 sepius
737 2436 1095 2506 sequebatur
1114 2433 1388 2490 dicentia:
1408 2432 1695 2488 «Vendite
1708 2446 1836 2502 qua
1853 2445 1980 2502 pos-

328 2524 554 2595 sidetis,
589 2529 645 2580 et
679 2524 813 2580 date
845 2523 1221 2581 elemosinam
1254 2524 1415 2590 (Luc.
1453 2536 1552 2591 xu,
1585 2526 1703 2591 55),
1733 2524 1793 2575 et
1815 2520 1982 2576 habe-

326 2614 469 2670 bitis
518 2614 861 2670 thesaurum
912 2612 968 2667 in
1017 2611 1183 2683 calo,
1237 2616 1298 2667 et
1345 2609 1651 2680 sequimini
1689 2623 1778 2665 me
1813 2610 1974 2675 (Luc.

327 2717 485 2773 xviii,
512 2708 628 2770 22).
664 2721 693 2754 »
728 2701 1020 2771 fugientes
1051 2705 1287 2757 terrena
1317 2704 1373 2755 et
1404 2703 1665 2754 amantes
1693 2697 1976 2768 calestia,

329 2796 546 2848 nostra
598 2790 1077 2861 congregationis
1122 2789 1316 2846 locum
1368 2789 1663 2856 deserere,
1697 2792 1754 2841 et
1787 2801 1981 2842 mona-

326 2881 548 2937 chicam
600 2880 782 2936 vitam
837 2882 1156 2948 sumentes,
1200 2877 1444 2933 cenobia
1493 2879 1661 2932 extra
1718 2878 1979 2931 nostram

330 2967 704 3041 parrochiam
764 2966 1130 3038 temptabant
1190 2965 1392 3032 adire;
1449 2980 1520 3022 ne
1590 2964 1646 3020 in
1724 2968 1981 3036 postmo-

329 3057 464 3114 dum
488 3061 700 3113 .nostra
733 3054 980 3112 ecclesia
1014 3054 1085 3110 de
1120 3054 1359 3127 proprio
1392 3053 1671 3110 thesauro
1696 3068 1798 3110 suo
1819 3057 1982 3124 pate-

329 3150 493 3202 retur
528 3145 863 3217 dampnum:
896 3144 1016 3214 (fol.
1052 3144 1183 3216 69’.)
1220 3144 1449 3199 favente
1495 3142 1728 3199 seniore
1773 3145 1980 3199 nostro

2086 570 2489 640 dominarium,
2525 568 2822 641 placitum,
2856 574 2914 624 et
2947 582 3180 624 cursum
3204 582 3391 638 aqua,
3415 582 3514 623 seu
3536 583 3750 626 corre-

2085 659 2339 730 ptionem
2365 657 2618 714 omnium
2641 671 3064 724 mensurarum,
3084 656 3349 727 exceptis
3372 655 3581 711 alodiis
3604 672 3749 727 qua

2053 748 2348 805 -homincs
2382 751 2581 803 tenent
2615 745 2688 802 ad
2722 745 3001 817 placitum
3032 744 3305 816 generale
3327 745 3744 817 respicientes,

2081 842 2138 894 et
2199 834 2447 909 publica
2501 834 2610 892 via
2660 834 3011 899 transitum;
3065 833 3137 890 ad
3207 833 3464 891 Ballonis
3507 839 3746 892 curtem

2080 939 2280 983 mansa
2314 939 2416 981 sex
2440 942 2455 993 ;
2478 924 2548 979 ad
2584 922 2926 981 Frasnidum
2963 935 3160 979 mansa
3186 927 3437 993 quatuor
3463 941 3477 991 ;
3502 923 3573 979 ad
3597 926 3748 982 Cru-

2079 1030 2204 1072 cem
2225 1013 2538 1071 ecclesiam
2562 1026 2734 1069 unam
2753 1030 2768 1080 ;
2788 1011 2859 1067 ad
2887 1011 3156 1068 Castonis
3179 1014 3402 1067 curtem
3427 1013 3744 1071 ecclesiam

2081 1119 2251 1160 unam
2278 1120 2293 1168 ;
2326 1101 2396 1158 ad
2428 1103 2643 1157 Novam
2677 1099 2872 1156 villam
2891 1098 3221 1157 acclesiam
3246 1114 3417 1155 unam
3440 1116 3569 1156 cum
3593 1101 3748 1159 dua~

2084 1194 2193 1250 bus
2243 1190 2487 1263 capellis
2537 1190 2661 1246 suis
2706 1194 2763 1245 et
2798 1204 2927 1245 cum
2962 1204 3072 1245 una
3104 1187 3352 1244 ecclesia
3387 1188 3441 1243 in
3475 1190 3740 1247 Marcum

2080 1282 2219 1340 villa
2250 1280 2363 1337 sita
2394 1279 2463 1336 ad
2501 1279 2801 1351 prafatam
2835 1279 3009 1335 Nova
3044 1276 3197 1334 villa
3227 1277 3523 1333 abbatiam
3554 1280 3746 1350 perti-

2083 1375 2292 1438 nente;
2326 1370 2381 1425 in
2413 1369 2615 1425 eadem
2650 1365 2906 1424 Marculfi
2940 1371 3108 1424 curte
3134 1380 3331 1423 mansa
3358 1367 3465 1423 tria
3489 1384 3618 1425 cum
3638 1369 3745 1425 sil-

2085 1461 2174 1519 vis
2206 1464 2263 1515 et
2295 1458 2502 1531 pratis,
2537 1462 2597 1514 et
2627 1456 2700 1513 ad
2732 1458 2949 1513 Novam
2979 1456 3178 1512 villam
3236 1470 3431 1513 mansa
3480 1462 3742 1528 quatuor

2085 1564 2214 1606 cum
2246 1548 2412 1604 silvis
2442 1550 2499 1602 et
2535 1546 2721 1618 pratis
2762 1545 2834 1602 ad
2881 1544 3141 1601 eamdem
3182 1546 3506 1602 acclesiam
3555 1547 3744 1618 perti-

2086 1638 2362 1693 nentibus
2390 1640 2450 1691 et
2473 1635 2701 1707 pictura
2731 1634 2913 1691 vinea
2938 1648 3047 1691 una
3071 1638 3129 1689 et
3154 1633 3483 1691 molendino
3506 1650 3616 1692 uno
3640 1650 3744 1693 su-

2088 1741 2191 1799 per
2223 1726 2421 1781 Elnam
2453 1723 2752 1781 fluviolnm
2786 1723 2900 1780 sito
2927 1766 2943 1791 ,
2974 1728 3031 1779 et
3066 1722 3137 1779 ad
3180 1722 3378 1779 villam
3426 1725 3739 1781 Parridum

2088 1814 2441 1871 nominatam
2472 1812 2778 1870 ecclesiam
2811 1827 2981 1869 unam
3014 1827 3146 1869 cum
3176 1812 3394 1869 mensis
3440 1814 3739 1870 sexdecim

2090 1904 2243 1960 inter
2273 1902 2599 1959 Cosantiam
2629 1906 2686 1957 et
2722 1901 2962 1957 Buniam
2994 1901 3126 1958 sitis
3154 1904 3215 1956 et
3255 1901 3585 1960 molendino
3616 1917 3741 1960 uno

2087 1994 2146 2049 et
2180 1990 2326 2048 silva
2361 1990 2586 2062 pratis;
2617 1994 2676 2046 et
2707 1989 2780 2045 ad
2812 1989 3064 2045 llarbodi
3098 1989 3294 2046 villam
3330 1990 3384 2046 in
3414 1991 3602 2063 Vapra
3639 2006 3743 2048 ec-

2089 2080 2323 2137 clesiam
2353 2092 2523 2134 unam
2556 2082 2613 2133 et
2648 2091 2847 2133 mansa
2880 2076 2994 2133 duo
3026 2081 3083 2133 et
3118 2077 3480 2147 quartarium
3517 2093 3692 2135 unum
3723 2097 3741 2146 ;

2087 2172 2144 2225 et
2181 2168 2252 2224 ad
2286 2167 2577 2224 Liniacum
2611 2170 2877 2237 quartam
2913 2170 3136 2237 partem
3177 2166 3348 2223 unius
3376 2165 3645 2224 ecclesia
3678 2172 3743 2224 et

2088 2272 2351 2313 mansum
2383 2271 2558 2312 unum
2585 2260 2645 2311 et
2679 2255 2961 2325 quartarii
2994 2258 3116 2312 tres
3147 2260 3205 2310 et
3239 2255 3630 2312 molendmum
3656 2255 3745 2312 di-

2087 2346 2327 2404 midium
2352 2360 2481 2402 cum
2506 2344 2647 2401 silva
2675 2348 2735 2399 et
2760 2344 2945 2415 pratis
2971 2361 2985 2410 ;
3009 2343 3143 2399 etin
3168 2344 3436 2401 Barrensi
3458 2344 3742 2403 comitatu

2089 2449 2289 2492 mansa
2321 2433 2436 2490 duo
2470 2433 2524 2489 in
2548 2432 2684 2489 villa
2708 2432 2927 2488 Villare
2952 2432 3267 2489 nominata.
3292 2432 3565 2490 Dedimus
3588 2449 3745 2506 pra-

2089 2528 2251 2581 terea
2282 2537 2355 2579 ex
2382 2526 2551 2596 parte
2582 2526 2800 2577 nostra
2833 2520 3101 2578 ecclesia
3147 2521 3217 2577 de
3267 2522 3498 2578 abbatia
3542 2525 3734 2579 sancti

2091 2611 2342 2670 Amantii
2358 2625 2560 2668 mansa
2574 2611 2774 2667 decem
2788 2626 2918 2667 cum
2933 2611 3221 2667 sedilibus
3234 2611 3304 2667 ad
3321 2612 3520 2668 eadem
3538 2627 3737 2670 mansa

2091 2700 2544 2774 pertinentibus,
2572 2705 2627 2755 et
2654 2699 2724 2755 ad
2748 2699 3136 2756 Flaviniacum
3162 2700 3532 2771 piscatoriam
3555 2705 3740 2757 totam

2088 2795 2149 2847 et
2179 2790 2423 2848 alteram
2460 2789 2832 2860 piscatoriam
2862 2788 2934 2844 ad
2950 2788 3227 2845 Tiliacnm
3253 2789 3737 2861 pertinentem,et

2091 2879 2374 2936 decimam
2408 2878 2639 2934 illorum
2668 2877 2917 2934 arietum
2948 2877 3046 2948 qui
3078 2883 3296 2935 nostra
3318 2878 3584 2934 ecclesia
3611 2893 3745 2951 per-

2089 2968 2401 3025 solvuntur
2431 2981 2503 3023 ex
2528 2966 2802 3022 Bracensi
2828 2966 3187 3036 centenaria,
3208 2972 3265 3022 et
3291 2967 3569 3024 decimam
3592 2968 3745 3024 fora-

2088 3058 2192 3114 tici
2224 3062 2443 3113 nostra
2476 3054 2735 3113 civitatis
2766 3054 2837 3110 de
2868 3054 3044 3121 vino;
3077 3054 3385 3113 ecclesiam
3420 3071 3649 3126 quoque
3681 3057 3740 3112 in

2089 3145 2399 3203 Amonzeia
2430 3143 2569 3201 villa
2602 3143 2794 3214 sitam,
2821 3146 2879 3200 et
2932 3142 3335 3200 Flaviniacam.
3368 3142 3559 3201 villam
3606 3160 3739 3201 cum

326 3234 756 3305 gloriosissimo
791 3248 928 3304 rege
962 3234 1206 3303 Othone,
1232 3247 1300 3289 ac
1332 3232 1595 3289 Conrado
1620 3231 1873 3288 Lotharii
1893 3246 1981 3287 re-
2010 3225 2059 3288 C
2088 3235 2338 3293 ecclesia
2372 3249 2483 3291 una
2511 3239 2569 3290 et
2605 3233 2917 3306 piscatoria
2940 3237 2998 3289 et
3024 3234 3371 3290 molendinis
3402 3238 3461 3290 et
3494 3234 3658 3292 silvis
3680 3242 3743 3291 et

326 3324 423 3395 gni
457 3323 604 3381 duce
631 3322 1464 3393 magniﬁco,congregatisque
1479 3325 1696 3378 nostra
1714 3319 1979 3377 ecclesia

328 3412 601 3471 fidelibus
634 3412 870 3469 clericis
902 3416 958 3469 et
992 3411 1158 3469 laicis
1185 3410 1308 3483 pari
1332 3415 1469 3467 voto
1489 3414 1665 3481 atque
1688 3408 1981 3467 communi

327 3503 603 3559 consultu
636 3500 1005 3558 decrevimus
1039 3501 1093 3556 in
1127 3504 1331 3556 nostro
1362 3498 1665 3571 episcopio
1689 3496 1979 3569 quoddam

329 3590 743 3647 monasterium
778 3591 895 3645 Deo
917 3593 1209 3645 annuente
1231 3587 1518 3657 stabilire,
1545 3587 1601 3641 in
1628 3601 1741 3656 quo
1765 3590 1981 3642 nostra

326 3679 596 3736 ecclesia
612 3678 827 3735 fratres
838 3678 1087 3734 activam
1106 3678 1285 3733 vitam
1304 3676 1611 3745 fugientes,
1629 3674 1982 3747 contempla-

328 3769 466 3825 tiva
500 3768 634 3824 vita
671 3765 941 3824 solatium
975 3766 1189 3822 futuris
1222 3763 1587 3835 temporibus
1622 3763 1983 3820 valcrcntin-

314 3857 553 3913 venire.
586 3858 744 3913 Tunc
775 3854 1063 3911 communi
1115 3853 1364 3909 consilio
1408 3852 1779 3909 evocavimus
1826 3852 1983 3909 dom-

331 3960 467 4001 num
499 3945 881 4000 llumbertum
915 3942 1251 4013 religiosum
1286 3943 1576 4011 abbatem,
1605 3942 1701 4013 qui
1734 3943 1806 3998 ab
1838 3942 1981 4014 ipsis

329 4034 589 4090 infantia
618 4032 969 4089 rudimentis
1002 4032 1057 4087 in
1091 4036 1289 4089 nostra
1322 4031 1571 4088 ecclesia
1624 4032 1810 4089 fuerat
1843 4030 1983 4088 edu-

327 4128 515 4193 catus,
537 4128 594 4178 et
620 4122 930 4194 prabenda
957 4126 1172 4178 nostra
1191 4121 1490 4178 canonica
1514 4121 1858 4192 perfruitus,
1884 4136 1983 4178 no-

332 4212 440 4268 stri
454 4213 629 4270 etiam
644 4211 929 4283 episcopii
955 4211 1292 4282 baptizatus
1316 4216 1493 4281 atque
1516 4225 1581 4282 pa
1594 4210 1979 4283 rroechianus,

331 4302 514 4359 donec
567 4301 715 4357 infra
763 4301 1047 4372 scriptum
1099 4300 1347 4357 aliorum
1400 4300 1644 4356 fratrum
1692 4303 1982 4370 sequutus

330 4390 681 4462 exemplum,
707 4405 813 4461 pro
836 4396 1038 4446 eterna
1063 4389 1458 4447 retributione
1482 4389 1877 4445 monachicam
1901 4389 1986 4446 vi-

329 4486 446 4538 tam
481 4480 750 4552 sumpsit,
773 4494 841 4537 ac
872 4478 1161 4535 communi
1187 4478 1327 4535 cleri
1361 4483 1423 4535 et
1455 4477 1643 4550 plebis
1669 4478 1983 4536 concordia

2090 3326 2277 3398 pratis
2305 3324 2574 3381 omnibus
2604 3328 2664 3379 et
2703 3323 2973 3379 omnibus
3004 3322 3348 3392 adjacentiis
3381 3324 3451 3380 ad
3479 3324 3740 3380 eamdem

2087 3413 2283 3470 villam
2302 3413 2757 3486 pertinentibus.
2778 3411 2901 3481 (fol.
2921 3414 3037 3484 70.)
3063 3412 3147 3468 Ad
3177 3427 3346 3482 quam
3370 3412 3564 3468 villam
3588 3414 3745 3485 aspi-

2089 3502 2249 3559 ciunt
2304 3517 2497 3558 mansa
2552 3500 2758 3572 viginti
2809 3502 2952 3567 sex";
2996 3506 3057 3556 et
3106 3500 3178 3556 ad
3219 3500 3415 3556 villam
3449 3501 3740 3558 Marleiam

2092 3606 2271 3663 prope
2293 3592 2484 3648 Nettis
2505 3590 2803 3647 civitatem
2829 3589 3000 3645 sitam
3024 3588 3333 3646 ecclesiam
3369 3605 3536 3646 unam
3562 3591 3616 3645 in
3643 3591 3743 3646 ho-

2090 3694 2233 3737 nore
2262 3679 2446 3737 sancti
2483 3678 2694 3734 Briecii
2720 3683 3143 3735 constructam.
3167 3678 3349 3733 Simili
3373 3678 3548 3733 etiam
3575 3680 3743 3737 modo

2091 3768 2491 3837 delegavimus
2541 3768 2730 3823 eidem
2775 3766 3127 3823 monasterio
3180 3766 3250 3822 ad
3302 3767 3740 3838 praparandum

2090 3858 2381 3930 hospitale
2413 3857 2726 3913 ecclesiam
2762 3857 2949 3913 sancti
2972 3857 3130 3912 Petri
3156 3857 3211 3912 in
3236 3856 3514 3913 suburbio
3539 3856 3741 3913 Virdu-

2091 3947 2289 4003 nensis
2320 3946 2501 4003 castri
2527 3947 2697 4003 sitam
2718 3960 2848 4001 cum
2873 3944 3089 4001 mansis
3114 3945 3387 4015 quinque,
3416 3950 3580 4015 prato
3604 3960 3737 4015 uno,

2093 4040 2150 4092 et
2184 4036 2454 4092 omnibus
2490 4036 2799 4105 utriusque
2833 4049 3011 4091 sexus
3046 4034 3116 4090 ad
3148 4033 3404 4090 eamdem
3436 4032 3736 4089 ecclesiam

2094 4124 2563 4196 pertinentibus;
2591 4124 2645 4179 in
2670 4123 2795 4179 Piet
2820 4122 2955 4179 villa
2980 4122 3289 4179 ecclesiam
3314 4122 3582 4184 unam;in
3598 4123 3739 4177 Don-

2094 4229 2240 4270 naus
2269 4212 2599 4270 acclesiam
2634 4227 2842 4280 unam;
2876 4213 2931 4267 in
2953 4212 3214 4268 Morvilla
3243 4226 3444 4277 unam;
3471 4211 3523 4265 in
3554 4212 3736 4268 Marva

2097 4318 2285 4359 unam.
2326 4304 2439 4359 llec
2469 4302 2661 4359 omnia
2696 4316 2801 4373 pro
2832 4300 3023 4357 salute
3055 4300 3259 4356 anima
3284 4303 3496 4357 nostra
3514 4303 3739 4356 nostro-

2097 4404 2342 4463 rumque
2368 4395 2743 4464 peccatorum
2768 4389 3140 4447 absolutione
3167 4388 3663 4456 tradidimusloco,
3681 4394 3739 4443 et

2097 4481 2258 4537 firma
2295 4481 2650 4537 auctoritate
2682 4484 2744 4535 et
2788 4480 3015 4536 ratione
3063 4482 3265 4535 nostra
3316 4478 3735 4547 confirmamus,

331 4574 386 4625 et
412 4585 614 4626 eorum
634 4573 968 4626 nostrorum
983 4567 1531 4637 canonicorum,qui
1560 4571 1677 4624 tum
1701 4568 1986 4639 temporis
2016 4588 2067 4648 D
2100 4571 2555 4627 eorroboramus
2603 4575 2778 4640 atque
2829 4569 3178 4639 stabilimus,
3226 4583 3738 4639 successorumque

329 4659 727 4715 monachicam
757 4656 1037 4713 aliorsum
1070 4656 1414 4713 nitebantur
1461 4656 1732 4728 accipere
1786 4657 1983 4740 vitam,

329 4747 732 4804 concessimus
762 4746 816 4801 ei
848 4745 1142 4815 quoddam
1175 4745 1600 4802 monasterium
1626 4744 1696 4801 ad
1720 4750 1990 4802 constru-

328 4835 535 4892 cndam
554 4833 1069 4904 congregationem
1093 4834 1511 4891 monachorum
1538 4835 1595 4889 in
1616 4835 1836 4890 honore
1859 4848 1990 4891 san-

331 4925 413 4983 cti
443 4923 603 4980 Petri
636 4922 1039 4994 apostolorum
1074 4922 1356 4994 principis
1400 4923 1748 4992 stabilitum,
1784 4922 1839 4977 in
1873 4938 1987 4993 quo

333 5013 716 5083 requiescunt
747 5025 997 5082 corpora
1027 5016 1360 5067 sanctorum
1375 5012 1780 5067 confessorum
1811 5014 1987 5081 atque

326 5102 737 5173 episcoporum
759 5099 974 5171 Vitoni,
998 5099 1309 5169 Pulcronii,
1341 5099 1727 5169 Posscssoris,
1746 5099 1987 5155 Firmini

325 5194 502 5260 atque
535 5189 836 5259 Madelvei,
872 5205 1004 5247 cum
1036 5188 1227 5246 omnis
1274 5188 1449 5246 rebus
1490 5188 1560 5244 ad
1591 5187 1851 5244 eamdem
1884 5188 1988 5244 ab-

326 5278 542 5337 batiam
574 5279 1032 5350 pertinentibus.
1071 5275 1379 5350 Aspiciunt
1412 5274 1483 5332 ad
1516 5274 1663 5332 illud
1694 5280 1985 5333 monaste-

328 5368 478 5426 rium
502 5367 669 5437 juxta
704 5368 995 5426 Scantiam
1048 5382 1248 5425 mansa
1281 5380 1386 5423 sex
1417 5370 1476 5422 et
1510 5364 1832 5437 dimidium,
1868 5381 1985 5423 mo-

330 5455 559 5515 lendina
594 5461 849 5528 quatuor
874 5471 1005 5512 cum
1032 5456 1222 5513 banno
1255 5454 1441 5527 ipsius
1469 5454 1643 5525 villa,
1668 5456 1821 5527 quod
1849 5457 1983 5515 hac-

328 5548 502 5603 tenus
527 5545 820 5602 tenuimus
842 5547 901 5598 et
924 5558 1030 5615 pro
1060 5546 1160 5602 Dei
1191 5557 1390 5601 amore
1421 5542 1553 5602 loco
1585 5558 1659 5601 ex
1694 5548 1816 5603 toto
1849 5560 1983 5604 con-

329 5629 1067 5703 cessimus,justitiamque
1100 5633 1395 5691 latronum
1427 5633 1522 5704 qui
1548 5632 1604 5690 in
1630 5633 1881 5692 bannum
1906 5635 1983 5691 in-

2099 4666 2434 4717 nostrorum
2467 4664 2770 4731 paternam
2798 4657 3132 4728 largitatem
3159 4658 3486 4728 ﬂagitamus
3510 4660 3736 4726 ut,erga

2100 4750 2407 4821 prafatum
2442 4748 2629 4805 locum
2667 4748 2825 4820 pium
2859 4747 3112 4804 animum
3162 4761 3395 4817 semper
3442 4746 3734 4815 habentes,

2101 4854 2228 4909 qua
2262 4852 2366 4910 pro
2399 4838 2805 4909 redemptione
2839 4837 3161 4894 animarum
3188 4837 3430 4893 fecimus
3461 4841 3583 4892 rata
3616 4850 3737 4892 esse

2099 4929 2315 4998 sinant,
2352 4943 2479 4998 qua
2514 4928 2782 4985 dedimus
2812 4942 2925 4983 non
2958 4928 3238 4997 minuant,
3262 4927 3502 4998 insuper
3531 4926 3600 4983 de
3623 4926 3739 4982 suis

2095 5016 2311 5074 addere
2344 5016 2642 5087 studeant,
2670 5017 2752 5073 ita
2784 5020 3206 5073 conservantes
3239 5020 3461 5086 nostra,
3488 5016 3657 5072 sicuti
3681 5018 3735 5071 et

2096 5121 2201 5164 sua
2228 5120 2457 5177 queque
2484 5105 2819 5177 perenniter
2839 5119 3072 5163 manere
3096 5104 3390 5162 voluerint
3415 5104 3666 5161 decreta.
3684 5103 3736 5158 Si

2096 5192 2227 5264 quis
2248 5207 2388 5250 vero
2408 5191 2501 5248 vel
2520 5192 2806 5266 pontifex,
2824 5192 2916 5249 vel
2938 5192 3210 5265 princeps
3228 5190 3519 5248 diabolico
3534 5190 3738 5262 spiritu

2095 5280 2397 5352 incitatus,
2425 5279 2532 5337 hec
2565 5279 2765 5351 aliquo
2788 5279 2959 5337 modo
2980 5279 3329 5338 subtrahere
3346 5278 3438 5336 vel
3461 5278 3739 5349 dissipare

2092 5369 2367 5439 voluerit,
2418 5374 2622 5426 nostro
2676 5368 2961 5441 imprimis
3006 5369 3378 5426 anathemate
3435 5382 3740 5439 percussus

2092 5462 2449 5528 centumque
2481 5456 3001 5515 maledictionibus
3032 5457 3350 5525 involutus,
3385 5459 3569 5514 Datan
3608 5471 3741 5527 quo-

2094 5561 2208 5618 que
2231 5552 2291 5603 et
2323 5546 2540 5603 Abiron
2575 5546 2777 5603 socius
2810 5547 3001 5604 factus
3031 5547 3170 5603 iram
3201 5546 3300 5603 Dei
3329 5546 3742 5618 omnipotentis

2093 5637 2564 5707 incurrat,atque
2577 5634 2803 5692 eternis
2817 5635 3183 5708 mancipatus
3195 5634 3481 5693 incendiis
3497 5634 3745 5707 inexpia-
