3922 6422
128 402 245 465 189

1396 394 1893 462 CHRONICON.
1931 430 2005 444 -
2037 396 2195 461 LIB.
2236 397 2288 464 Ῑ.

3435 391 3550 455 190

128 525 283 583 biles
314 524 469 598 apud
494 524 712 583 inferos
736 537 916 598 penes
939 524 1079 583 luat.
1104 527 1177 583 Ut
1201 530 1396 585 autem
1428 526 1536 584 hec
1556 530 1775 585 nostrae
1809 524 1864 585 Α
1890 525 2195 586 Trecorum
2218 527 2451 585 comitis
2482 524 2684 597 genuit
2720 523 2875 580 hunc
2909 522 3171 581 Odonem
3195 522 3291 594 qui
3316 523 3546 579 Bertam

129 613 506 672 auctoritatis
537 613 781 670 traditio
822 613 1137 671 firmiorem
1186 615 1446 685 vigorem
1492 616 1776 687 cptineat,

128 706 465 760 nostrorum
500 701 758 759 ﬁdelium
797 703 1067 760 manibus
1102 702 1554 776 prasentialiter
1584 719 1783 761 corro-

130 792 327 849 borari
359 791 748 848 decrevimus.

206 905 233 930 α
265 882 413 938 Ann.
466 881 576 937 inc.
624 882 783 936 Dom.
839 886 961 951 952,
1010 881 1328 938 indictione
1379 881 1466 952 10,
1513 896 1677 939 conc.
1727 886 1779 953 4,

130 973 338 1042 epacta
361 975 450 1041 22,
476 969 580 1026 hec
598 972 760 1025 carta
794 969 1157 1039 conﬁrmata,
1192 972 1575 1027 corroborata
1607 975 1785 1042 atque

131 1058 470 1130 conscripta
520 1060 632 1129 est,
689 1058 1066 1129 [praesidente
1103 1057 1172 1091 ²⁶⁹
1203 1060 1471 1117 Romanas
1520 1060 1785 1119 ecclesiae

131 1162 282 1219 papa
304 1146 561 1204 Adriano
580 1161 730 1202 anno
752 1145 966 1218 sexto],
992 1151 1275 1216 regnante
1298 1148 1523 1205 Othone
1542 1149 1788 1221 impera-

131 1240 265 1292 tore
317 1240 566 1305 augusto
609 1250 760 1291 anno
810 1235 973 1303 regni
1023 1236 1112 1292 sui
1166 1236 1222 1291 in
1269 1236 1437 1294 Italia
1486 1237 1692 1309 primo,
1729 1238 1783 1294 in

138 1324 381 1379 Francia
423 1327 510 1393 16,
544 1324 919 1395 episcopatus
963 1338 1103 1380 vero
1153 1325 1337 1381 nostri
1379 1340 1529 1381 anno
1570 1326 1788 1384 duode-

136 1412 308 1468 cimo.
342 1413 463 1481 Ego
487 1412 873 1481 Berengarius
904 1412 1117 1483 praesul
1142 1412 1414 1483 indignus
1437 1414 1782 1485 subscripsi.

136 1501 294 1569 Sign.
326 1500 629 1556 Ilumberti
663 1500 914 1571 abbatis,
948 1502 1207 1558 Vodonis
1260 1502 1508 1572 abbatis,
1546 1504 1786 1560 Berardi

133 1588 390 1659 abbatis,
418 1588 673 1645 Bernerii
711 1589 1032 1661 praepositi,
1056 1590 1254 1647 Alardi
1287 1592 1606 1662 przepositi,
1633 1596 1788 1648 cete-

138 1692 455 1748 rorumque
483 1678 834 1734 clericorum
866 1683 925 1734 et
956 1679 1369 1737 monachorum
1400 1679 1535 1736 huic
1567 1680 1786 1738 charta:

134 1766 350 1822 devote
382 1766 700 1822 faventium
746 1773 803 1822 et
845 1766 1125 1824 nobilium
1167 1768 1446 1825 laicorum
1489 1769 1786 1826 Godefridi

133 1851 391 1923 comitis,
428 1854 682 1925 Givardi,
725 1855 997 1911 Adelardi
1031 1861 1091 1911 et
1119 1858 1471 1914 ceterorum.
1508 1876 1536 1909 »

209 1943 343 2014 Ipso
375 1957 525 1999 anno
558 1958 588 1999 a
622 1942 888 2000 Conrado
931 1944 1078 2001 duce
1120 1946 1356 2017 quidam
1393 1945 1789 2002 Virdunenses

134 2030 464 2088 honoribus
491 2031 820 2103 privantur.
1696 2089 1713 2096 -

209 2118 431 2192 [FLon.]
464 2124 626 2177 Anno
655 2121 727 2176 ab
759 2120 870 2178 inc.
916 2122 1077 2179 Dom.
1111 2124 1234 2192 952,
1267 2121 1420 2179 Otho
1448 2137 1551 2179 rex
1580 2123 1790 2179 Beren-

131 2222 362 2277 garium
396 2223 592 2277 regem
622 2208 809 2265 Italize
832 2212 888 2265 et
913 2212 1097 2266 totam
1122 2210 1233 2266 sibi
1255 2210 1505 2281 subjecit
1541 2210 1785 2267 Italiam.

136 2296 415 2367 Sequenti
451 2312 601 2353 anno
653 2299 978 2354 Conradum
1030 2299 1234 2356 ducem
1267 2314 1296 2355 a
1330 2300 1547 2356 ducatu
1580 2300 1787 2356 Lotha-

139 2384 419 2441 riensium
444 2389 752 2455 remotum,
780 2386 1145 2457 Mogontiam,
1173 2388 1267 2443 ubi
1290 2402 1351 2443 se
1376 2387 1673 2445 Conradus
1704 2403 1792 2445 re-

138 2477 402 2544 ceperat,
447 2474 700 2543 obsedit,
731 2480 790 2530 et
822 2476 998 2546 cepit,
1032 2479 1089 2530 et
1124 2476 1423 2533 Conradus
1464 2477 1683 2533 Mettim
1728 2492 1791 2533 se

141 2560 388 2632 recepit.
412 2560 552 2617 Orta
575 2564 661 2617 est
680 2567 874 2618 autem
895 2562 1187 2619 discordia
1214 2564 1333 2620 haec
1350 2564 1502 2620 inter
1518 2565 1791 2621 Ottonem

142 2651 199 2703 et
227 2648 528 2719 principes
550 2649 699 2719 ejus,
732 2650 866 2720 quia
902 2651 1285 2721 promittebat
1316 2667 1557 2721 regnum
1583 2652 1698 2708 [ilio
1720 2667 1794 2711 ex

144 2736 426 2793 moderna
450 2737 696 2807 conjuge
720 2742 876 2806 nato,
910 2739 1063 2809 quod
1087 2744 1395 2809 antequam
1418 2740 1639 2796 Italiam
1667 2756 1793 2813 per-

142 2830 307 2893 geret
364 2823 486 2880 ﬁlio
534 2839 639 2881 suo
684 2825 938 2883 Liutull‘o
990 2826 1387 2899 delegaverat,
1418 2831 1475 2884 et
1511 2829 1791 2899 primates

146 2928 284 2969 suos
312 2912 398 2968 illi
425 2914 625 2984 jurare
659 2914 897 2971 fecerat.
934 2914 1041 2982 Qui
1077 2915 1385 2988 [.iutull‘us,
1417 2932 1547 2974 cum
1580 2919 1655 2975 ob
1685 2917 1793 2977 hoc

147 3001 329 3058 multa
361 3001 508 3058 mala
534 2993 772 3073 egisset,
799 3008 1065 3061 mortuus
1087 3009 1176 3061 est
1199 3020 1346 3063 anno
1369 3010 1491 3063 957.
1522 3007 1795 3064 Pacifica-

146 3090 231 3146 vit
265 3095 461 3147 autem
508 3092 620 3148 sibi
648 3106 753 3148 rex
782 3093 1105 3150 Conradum
1137 3094 1362 3150 ducem.

219 3179 341 3248 (fol.
375 3177 508 3251 70’.)
542 3182 703 3236 Anno
731 3185 852 3237 953.
906 3182 1205 3251 Vigl‘ridus
1258 3183 1626 3241 Coloniensis
1675 3184 1795 3256 epi-

150 3284 366 3341 scopus
389 3271 556 3342 obiit,
572 3272 837 3328 etBruno
860 3273 1459 3343 fraterregisOttonis
1481 3274 1791 3347 successit,

148 3358 241 3415 cui
275 3359 415 3415 Otto
447 3375 687 3430 regnum
718 3361 1095 3418 Lothariense
1125 3364 1435 3421 commisit.

221 3451 385 3505 Anno
413 3449 486 3505 ab
514 3449 627 3505 inc.
676 3451 835 3505 Dom.
887 3456 993 3507 955
1023 3450 1093 3484 ²⁷⁶
1119 3452 1261 3507 obiit
1316 3453 1646 3510 Ludovicus
1695 3470 1798 3512 rex

150 3537 525 3607 Francorum,
551 3542 611 3594 et
639 3539 917 3610 Agapitus
947 3554 1095 3611 papa
1127 3541 1295 3611 obiit,
1328 3542 1797 3615 Octavianusque

152 3627 459 3697 successit,
484 3630 541 3682 et
570 3627 785 3685 bellum
809 3628 961 3685 inter
985 3629 1255 3686 Ottonem
1279 3634 1337 3685 et
1356 3633 1580 3701 Ungros
1604 3631 1659 3687 in
1684 3648 1797 3703 quo

151 3714 288 3769 victi
317 3720 456 3772 sunt
488 3716 665 3785 Ungri
698 3718 730 3771 4
760 3717 895 3773 Idus
927 3718 1174 3787 Augusti
1208 3719 1341 3774 anni
1384 3720 1703 3791 sequentis,
1739 3722 1797 3777 in

154 3815 264 3872 quo
298 3804 452 3859 bello
484 3805 786 3861 Conradus
809 3805 927 3861 dux
949 3806 1090 3862 obiit
1120 3807 1237 3878 jam
1267 3822 1397 3864 cum
1430 3823 1501 3865 eo
1534 3810 1799 3880 pacifica-

156 3894 264 3947 tus.
313 3892 555 3963 (C’hron.
589 3893 752 3963 Div.)
794 3893 1126 3951 Ludovicus
1156 3895 1670 3968 itaquefpraal‘atus
1699 3913 1798 3955 rex

153 3978 503 4037 Francorum
532 3980 734 4037 eodem
759 3996 908 4038 anno
932 3982 1209 4053 moriens,
1238 3984 1383 4040 duos
1407 3984 1627 4041 dimisit
1660 3985 1801 4042 libe-

154 4080 250 4124 ros
281 4070 617 4127 Lotharium
639 4073 697 4125 et
721 4071 1008 4141 Carolum,
1037 4087 1181 4142 quos
1202 4073 1403 4141 genuit
1426 4074 1478 4129 ei
1505 4072 1799 4145 Gerberga

156 4169 316 4213 soror
332 4158 567 4215 Ottonis
580 4158 956 4230 imperatoris
970 4160 1341 4231 Karolus,qui
1356 4162 1594 4219 Juvenis
1607 4163 1802 4221 dictus

153 4249 262 4314 est,
296 4247 563 4318 privatus
596 4248 812 4318 senuit,
839 4248 894 4304 in
918 4248 1307 4305 hereditatem
1340 4266 1565 4307 omnem
1597 4252 1802 4308 Lotha-

158 4332 276 4389 rius
290 4336 596 4393 successit.
616 4336 718 4392 llic
734 4336 1066 4393 Mathildem
1093 4351 1355 4394 sororem
1373 4353 1540 4410 quam
1557 4339 1802 4412 despon-

155 4421 239 4477 dit
280 4424 546 4483 Conrado
584 4426 708 4495 regi
752 4425 1125 4497 Burgundim,
1159 4432 1218 4483 et
1249 4426 1304 4483 in
1334 4427 1524 4485 dotem
1555 4429 1713 4487 dedit
1747 4431 1799 4489 ei

159 4508 513 4583 Lugdunum,
551 4528 678 4585 quae
714 4514 825 4570 sita
859 4518 947 4569 est
979 4513 1033 4571 in
1066 4516 1314 4572 termino
1347 4517 1510 4586 regni
1542 4519 1801 4589 Burgun-

158 4596 283 4669 dize,
307 4606 366 4657 et
402 4605 529 4657 erat
561 4607 700 4659 tunc
731 4602 1017 4674 temporis
1045 4604 1196 4674 juris
1229 4606 1388 4675 regni
1422 4606 1795 4665 Francorum.
1829 4590 1881 4652 D

159 4686 231 4743 De
261 4689 367 4748 hac
399 4690 662 4748 Mattilde
694 4691 928 4762 genitus
960 4695 1065 4767 est
1086 4692 1372 4751 Rodull‘us
1406 4709 1511 4751 rex
1542 4698 1801 4767 Burgun-

160 4774 285 4848 ἀίω,
308 4779 406 4850 qui
431 4784 565 4851 post
589 4783 810 4851 patrem
835 4795 1003 4836 suum
1030 4764 1358 4838 Conradum
1377 4784 1637 4856 suscepit
1664 4764 1803 4843 Rur-

159 4868 385 4931 gundiaa
416 4883 680 4940 regnum,
709 4871 880 4926 Berta
904 4869 1081 4925 etiam
1107 4884 1278 4940 quam
1310 4872 1538 4944 accepit
1561 4874 1684 4930 Odo
1705 4876 1804 4931 Te-

162 4951 338 5011 tbaldi
369 4956 439 4990 ’τι
470 4957 841 5015 Carnotensis
871 4957 1043 5029 ﬁlius,
1068 4973 1142 5015 ex
1164 4973 1276 5031 qua
1297 4961 1497 5030 genuit
1522 4962 1801 5035 Odonem,

162 5042 257 5109 qui
287 5046 437 5116 apud
470 5048 711 5104 Barrum
754 5047 932 5115 obiit;
963 5048 1278 5107 Tetbaldus
1305 5051 1456 5107 enim
1491 5054 1806 5111 Carnoten-

164 5126 260 5200 sis,
292 5135 458 5206 cujus
486 5150 805 5206 cognomen
851 5136 959 5191 fuit
995 5137 1277 5209 Tricator,
1312 5139 1410 5209 qui
1456 5139 1803 5199 Willelmum

163 5215 643 5281 Nortmannorum
668 5224 804 5283 dolo
828 5224 1147 5297 interfecit,
1174 5240 1246 5282 ex
1270 5241 1477 5285 sorore
1511 5230 1802 5287 Heriberti

1825 3229 1875 3294 C

1892 617 2138 688 accepit,
2170 632 2244 674 ex
2275 631 2384 689 qua
2417 620 2588 672 natus
2633 618 2726 670 est
2779 612 2901 668 Odo
2952 611 3047 682 qui
3101 611 3256 683 apud
3304 612 3544 668 Barrum

1891 704 2068 771 obiit;
2100 709 2156 761 et
2182 704 2252 761 de
2275 704 2477 761 eadem
2510 700 2783 758 Mathilde
2811 699 3009 771 genita
3037 701 3128 755 est
3158 697 3333 769 Gisia,
3371 714 3541 771 quam

1894 792 2194 849 Conradus
2221 794 2540 864 imperator
2571 788 2941 863 postmodum
2976 786 3144 843 duxit
3176 801 3438 857 uxorem,
3472 787 3545 844 de

1895 895 2006 951 qua
2035 882 2239 950 genuit
2270 880 2519 937 tercium
2552 877 2886 935 Heinricum
2916 876 3351 947 imperatorem,
3378 891 3547 946 quem

1895 969 2009 1040 (77)
2044 969 2329 1025 Rodull‘us
2378 982 2501 1038 rex,
2553 965 2721 1036 cujus
2774 964 2882 1021 fuit
2933 978 3078 1020 uxor
3110 964 3542 1034 Ermcngardis,

1897 1058 2183 1129 quiaherat
2216 1058 2434 1128 absque
2490 1054 2711 1127 liberis,
2747 1058 2810 1110 ut
2845 1056 3115 1124 nepotem
3160 1067 3347 1122 suum,
3384 1052 3548 1109 here-

1897 1147 2026 1203 dem
2051 1146 2213 1217 regni
2248 1144 2597 1215 Burgundiaa
2628 1142 2907 1213 instituit,
2936 1146 2995 1198 et
3018 1141 3101 1198 sic
3127 1141 3182 1197 in
3206 1141 3550 1198 dominatio-

1898 1251 2028 1293 nem
2061 1236 2480 1307 imperatorum
2526 1232 2757 1290 transiit
2795 1230 3143 1301 Burgundiae
3171 1245 3435 1300 regnum.

1974 1325 2188 1397 [171.00.]
2222 1325 2387 1379 Anno
2417 1322 2614 1393 itaque
2651 1323 2721 1378 ab
2754 1321 2865 1377 inc.
2897 1322 3056 1376 Dom.
3084 1323 3209 1391 956,
3244 1321 3406 1389 Ilugo
3439 1321 3550 1375 Ma-

1897 1428 2048 1484 gnus
2076 1414 2241 1484 obiit,
2277 1416 2337 1467 et
2377 1412 2651 1468 ducatum
2700 1409 2954 1467 Francia;
3006 1410 3168 1478 Hugo
3217 1407 3371 1466 ﬁlius
3418 1409 3546 1479 ejus

1901 1502 2178 1573 optinuit.
2215 1502 2511 1556 Robertus
2564 1514 2793 1570 quoque
2842 1498 3203 1555 Trevirensis
3234 1497 3549 1569 episcopus

1900 1591 2046 1647 obiit
2083 1590 2435 1662 pestilentia,
2469 1592 2524 1646 et
2555 1588 2624 1621 ²τ²
2656 1588 2969 1645 Fulbertus
3004 1586 3458 1657 Cameracensis,
3489 1591 3549 1642 et

1902 1681 2167 1739 Hairicus
2214 1679 2499 1737 succedit.
2554 1677 2704 1735 Otho
2758 1680 2885 1749 post
2914 1677 3021 1733 hec
3051 1678 3346 1732 Sarmatas
3395 1674 3548 1733 bello

1901 1772 2063 1830 vicit.

1816 1878 1872 1938 Β
1972 1863 2135 1916 Anno
2169 1874 2306 1917 vero
2337 1863 2459 1929 961,
2486 1856 2636 1913 Otho
2666 1854 2947 1928 puerulus
2974 1853 3030 1910 in
3055 1868 3249 1924 regem
3281 1854 3547 1911 elevatus

1901 1951 2011 2018 est,
2046 1951 2104 2003 et
2137 1947 2276 2003 Otto
2310 1950 2475 2019 pater
2505 1945 2633 2015 ejus
2682 1958 2831 1999 anno
2883 1942 3151 2013 sequenti
3184 1943 3421 1997 Romam
3454 1956 3548 1997 ve-

1902 2037 2088 2107 niens,
2110 2036 2427 2107 imperator
2444 2035 2517 2091 ab
2540 2034 2856 2089 Octaviano
2877 2046 3021 2105 papa
3043 2031 3406 2088 constitutus
3430 2034 3542 2087 est.

1899 2126 2114 2181 Eodem
2137 2140 2287 2181 anno
2317 2123 2459 2180 obiit
2486 2120 2765 2180 Artaldus
2788 2121 3089 2177 Rcmensis
3120 2121 3454 2191 episcopus,
3487 2124 3549 2175 et

1900 2214 2193 2271 celebrata
2226 2219 2319 2269 est
2347 2212 2603 2283 synodus
2632 2211 2686 2266 in
2724 2226 2869 2282 pago
2914 2209 3192 2265 Meldensi
3226 2224 3402 2280 super
3434 2210 3545 2264 Ma-

1900 2307 2126 2359 ternam
2167 2303 2429 2370 ﬂuvium,
2472 2300 2571 2357 ubi
2599 2299 2905 2356 ordinatus
2933 2302 3021 2354 est
3055 2297 3391 2367 Wigfredus
3423 2297 3547 2353 Vir-

1901 2391 2178 2448 dunensis
2201 2391 2539 2462 episcopus,
2568 2389 2795 2445 vivente
2819 2388 3005 2444 adhuc
3029 2386 3241 2442 domno
3265 2387 3544 2455 Berenge-

1902 2480 1989 2536 rio
2018 2478 2369 2536 Virdunensi
2412 2479 2691 2550 episcopo
2718 2480 2778 2533 et
2810 2476 3006 2533 sedem
3045 2475 3422 2547 episcopatus
3465 2481 3545 2530 te-

1901 2573 2096 2626 nente.
2134 2567 2452 2624 Ordinatus
2474 2571 2561 2623 est
2582 2570 2775 2623 autem
2798 2567 2869 2621 ab
2888 2566 2975 2621 eis
2994 2565 3216 2633 absque
3246 2564 3547 2620 conscien-

1905 2659 1988 2713 tia
2018 2655 2477 2727 metropolitani,
2512 2670 2581 2711 eo
2614 2653 2767 2725 quod
2809 2654 3020 2709 domno
3062 2652 3410 2721 Berengerio
3442 2652 3547 2708 ini-

1904 2746 2280 2816 micarentur,
2316 2744 2469 2815 quod
2502 2742 2767 2801 conciliis
2806 2756 3005 2798 eorum
3047 2741 3333 2797 interesse
3365 2741 3545 2797 nollet

1902 2840 1963 2891 et
2013 2834 2277 2905 quzedam
2316 2848 2520 2889 eorum
2567 2833 2716 2889 facta
2764 2832 3136 2903 inprobaret;
3189 2831 3341 2886 unde
3390 2830 3547 2887 nacti

1903 2924 2268 2981 occasionem
2288 2938 2419 2979 cum
2443 2922 2801 2978 incumberet
2827 2920 2913 2976 eis
2933 2919 3225 2976 ordinatio
3245 2920 3547 2976 Remensis

1904 3012 2208 3082 aecclesiae,
2242 3013 2411 3083 cujus
2445 3014 2613 3067 erant
2640 3009 3010 3080 suﬂ‘raganei,
3042 3008 3463 3065 ordinaverunt
3489 3014 3550 3064 et

1904 3103 2059 3159 hunc
2081 3104 2141 3159 ut
2168 3101 2450 3157 haberent
2481 3114 2611 3156 eum
2642 3090 3023 3155 conciliorum
3055 3113 3290 3155 suorum
3312 3112 3548 3154 consor-

1903 3194 2021 3247 tem
2049 3194 2108 3246 et
2139 3190 2334 3261 operis
2384 3188 2748 3260 participem,
2802 3186 2963 3257 quasi
3016 3187 3113 3258 qui
3155 3186 3317 3243 illum
3349 3185 3418 3219 ³⁷³
3450 3186 3549 3257 qui

1907 3278 2261 3351 praesidebat
2291 3292 2394 3349 pro
2426 3276 2587 3334 nullo
2619 3278 2922 3344 haberent,
2959 3290 3127 3345 quem
3159 3275 3268 3331 sibi
3299 3275 3355 3330 in
3387 3274 3549 3331 nullo

1906 3369 2183 3425 videbant
2205 3366 2510 3422 adclinem.
2529 3366 2656 3437 (ἐὺ.)
2674 3363 2953 3434 Abjectus
2971 3367 3057 3419 est
3082 3364 3256 3419 etiam
3281 3364 3359 3418 ibi
3386 3365 3550 3433 Hugo

1905 3456 2208 3513 Remensis
2238 3469 2515 3526 pervasor
2547 3469 2577 3510 a
2610 3454 2859 3509 Romana
2902 3452 3123 3523 synodo
3162 3450 3553 3508 excommuni-

1906 3549 2093 3614 catus,
2115 3550 2173 3600 et
2197 3543 2505 3600 Odelricus
2526 3542 2954 3598 inthronizatus
2978 3556 3008 3597 a
3028 3540 3269 3597 Widone
3289 3540 3551 3595 Suessio-

1908 3634 2092 3705 nensi,
2118 3634 2403 3689 Roricone
2434 3632 2822 3701 Laudunensi,
2845 3631 3093 3687 Cibuino
3116 3629 3547 3699 Catalaunensi,

1907 3722 2203 3794 Wigfredo
2232 3721 2602 3791 Virdunensi,
2660 3720 2909 3777 Aistull‘o
2955 3719 3347 3775 Noviomensi.
3382 3720 3554 3776 Octa-

1908 3812 2115 3868 vianus
2146 3816 2340 3867 autem
2369 3825 2536 3881 papa,
2563 3825 2693 3866 cum
2717 3809 2787 3865 de
2810 3809 3259 3879 inreligiositate
3288 3808 3556 3880 culpare-

1907 3904 2026 3972 tur,
2062 3915 2115 3957 a.
2149 3904 2270 3969 962,
2305 3901 2539 3955 Romam
2580 3899 2743 3969 exiit,
2779 3901 2836 3955 et
2868 3900 2923 3954 in
2955 3899 3143 3955 locum
3184 3897 3310 3967 ejus
3346 3899 3556 3954 Johan-

1912 4006 2015 4047 nes
2035 3992 2129 4046 Xll
2149 3990 2509 4046 substitutus
2528 3993 2637 4045 est.
2664 3990 2874 4045 Verum
2900 3989 3125 4044 Othone
3150 3988 3502 4059 imperatore
3522 4003 3551 4044 a

1910 4079 2087 4134 Roma
2132 4090 2424 4145 regresso,
2460 4074 2839 4131 Octavianum
2888 4073 3129 4130 Romani
3180 4078 3550 4145 receperunt,

1912 4181 2008 4237 qui
2040 4180 2151 4221 non
2198 4164 2381 4221 multo
2429 4168 2562 4234 post
2609 4162 2922 4220 defunctus
2951 4167 3058 4218 est.
3090 4162 3382 4218 Iohannes
3414 4178 3553 4219 vero

1910 4270 2040 4312 cum
2074 4254 2428 4325 imperatore
2456 4252 2688 4323 Papiam
2710 4251 2889 4307 venit.
2915 4251 3154 4307 Interim
3185 4252 3422 4308 Romani
3454 4254 3555 4308 [le-

1914 4343 2205 4400 nedictum
2236 4341 2537 4411 elegerunt
2579 4341 2674 4411 qui
2706 4339 2980 4395 electioni
3008 4340 3286 4396 Johannis
3316 4356 3557 4397 consen-

1911 4437 2068 4489 serat
2093 4432 2221 4488 etei
2246 4444 2478 4501 semper
2497 4428 2769 4486 subditus
2789 4428 2996 4484 fuerat.
3022 4428 3131 4483 Sed
3156 4429 3292 4484 Otto
3315 4431 3552 4486 Romam

1913 4536 2184 4579 reversus
2210 4520 2526 4576 Iohannem
2572 4517 2791 4589 judicio
2832 4516 3097 4585 synodali
3129 4516 3184 4571 in
3215 4516 3352 4573 sede
3384 4518 3554 4574 resti-

1910 4611 2045 4681 tuit,
2065 4609 2439 4666 Benedictum
2453 4622 2613 4675 vero,
2632 4606 2763 4677 quia
2780 4606 2964 4676 patris
2977 4603 3171 4661 cubile
3184 4605 3551 4676 ascenderat,

1913 4700 2241 4773 depositum
2267 4698 2323 4754 in
2348 4697 2650 4754 Saxoniam
2684 4711 2882 4752 secum
2914 4694 3100 4752 duxit.
3138 4695 3238 4751 llic
3273 4696 3407 4752 fecit
3441 4697 3556 4768 pri-

1910 4790 2186 4859 vilegium
2211 4786 2496 4845 :ecclcsize
2510 4785 2695 4842 sancti
2716 4784 2906 4841 Vitoni
2923 4784 2994 4840 de
3006 4784 3275 4841 omnibus
3290 4787 3468 4843 rebus
3483 4785 3553 4841 ad

1911 4892 2035 4934 eam
2083 4876 2515 4949 pertinentibus
2542 4875 2698 4945 juste
2728 4873 3028 4929 concessis
3065 4876 3125 4928 et
3162 4872 3556 4931 concedendis

1915 4965 2196 5037 petitione
2234 4963 2427 5021 domni
2462 4962 2794 5032 Berengerii
2825 4962 3108 5033 episcom,
3140 4966 3198 5018 et
3231 4960 3553 5019 aecclesiam

1912 5056 2099 5127 ipsam
2116 5055 2237 5110 sive
2258 5052 2672 5109 monasterium
2694 5050 3054 5107 confirmavit
3081 5050 3427 5108 Virdunensi
3450 5065 3558 5108 tec-

1913 5144 2127 5213 clesiae,
2161 5146 2431 5199 statuens
2460 5145 2635 5211 atque
2668 5140 3039 5212 promulgans
3063 5143 3127 5197 ut
3158 5139 3262 5195 lilii
3293 5138 3556 5198 ecclesiae

1914 5230 2320 5291 Virdunensis.
2343 5229 2440 5301 qui
2462 5228 2723 5287 secutum
2749 5228 3020 5286 deserere
3038 5227 3387 5300 voluissent,
3409 5227 3466 5285 in
3485 5242 3557 5286 eo

1517 5354 1755 5411 VARIJE
1796 5356 2196 5414 LECTIONES.

163 5464 313 5567 "3'
349 5471 525 5567 9:3;
542 5486 593 5531 θ’
631 5488 665 5545 Ρ
695 5474 759 5529 Αι
796 5487 845 5530 ³·
882 5471 973 5531 νι·
1007 5471 1257 5533 inserta.

255 5551 303 5595 ο.
351 5541 547 5599 allum.

1335 5473 1405 5509 ’το
1432 5475 1804 5537 DCCCCLIIII
1851 5493 2004 5538 corr.
2060 5480 2392 5539 nccccw.
2472 5478 2663 5538 ετιίια
2708 5492 2758 5536 ο.
2836 5476 3016 5561 ’τιρι
3066 5479 3123 5534 F.
3183 5479 3242 5536 c.
3294 5477 3556 5539 inserta.

1744 5620 1969 5677 NOTAE.

233 5695 345 5771 (77)
376 5699 706 5760 Heinricum
738 5688 785 5760 Π
815 5701 1103 5761 ὶιεειιθάθιη
1134 5701 1407 5761 instituit.
