  <div class='ocr_page' id='page_1' title='image "/cluster/home/n/w/nwhite01/storage/ocr_20150623/153-154/uc1.31175019678096/687.png"; bbox 0 0 3922 6418; ppageno 0'>
   <div class='ocr_carea' id='block_1_1' title="bbox 371 400 477 465">
    <p class='ocr_par' dir='ltr' id='par_1_1' title="bbox 371 400 477 465">
     <span class='ocr_line' id='line_1_1' title="bbox 371 400 477 465; baseline -0.019 0"><span class='ocrx_word' id='word_1_1' title='bbox 371 400 477 465; x_wconf 83' lang='grc'>191</span> 
     </span>
    </p>
   </div>
   <div class='ocr_carea' id='block_1_2' title="bbox 1338 398 2825 466">
    <p class='ocr_par' dir='ltr' id='par_1_2' title="bbox 1338 398 2825 466">
     <span class='ocr_line' id='line_1_2' title="bbox 1338 398 2825 466; baseline 0 -2"><span class='ocrx_word' id='word_1_2' title='bbox 1338 399 1706 466; x_wconf 85' lang='lat' dir='ltr'>HUGONIS</span> <span class='ocrx_word' id='word_1_3' title='bbox 1749 399 2103 465; x_wconf 84' lang='lat' dir='ltr'><strong>ABBATIS</strong></span> <span class='ocrx_word' id='word_1_4' title='bbox 2146 398 2825 465; x_wconf 86' lang='lat' dir='ltr'>FLAVINIACENSIS</span> 
     </span>
    </p>
   </div>
   <div class='ocr_carea' id='block_1_3' title="bbox 3694 400 3828 462">
    <p class='ocr_par' dir='ltr' id='par_1_3' title="bbox 3694 400 3828 462">
     <span class='ocr_line' id='line_1_3' title="bbox 3694 400 3828 462; baseline -0.007 0"><span class='ocrx_word' id='word_1_5' title='bbox 3694 400 3828 462; x_wconf 68' lang='lat'>192</span> 
     </span>
    </p>
   </div>
   <div class='ocr_carea' id='block_1_4' title="bbox 369 532 3828 610">
    <p class='ocr_par' dir='ltr' id='par_1_4' title="bbox 369 532 3828 610">
     <span class='ocr_line' id='line_1_4' title="bbox 369 532 3828 610; baseline -0 -16"><span class='ocrx_word' id='word_1_6' title='bbox 369 536 752 594; x_wconf 87' lang='lat' dir='ltr'>monasticum</span> <span class='ocrx_word' id='word_1_7' title='bbox 783 535 1044 594; x_wconf 90' lang='lat' dir='ltr'>habitum</span> <span class='ocrx_word' id='word_1_8' title='bbox 1078 536 1467 610; x_wconf 74' lang='lat' dir='ltr'>susciperent,</span> <span class='ocrx_word' id='word_1_9' title='bbox 1514 551 1617 594; x_wconf 91' lang='lat' dir='ltr'>nec</span> <span class='ocrx_word' id='word_1_10' title='bbox 1664 532 1733 593; x_wconf 86' lang='lat' dir='ltr'>ad</span> <span class='ocrx_word' id='word_1_11' title='bbox 1776 535 2020 593; x_wconf 82' lang='lat' dir='ltr'>externa</span> <span class='ocrx_word' id='word_1_12' title='bbox 2052 534 2108 595; x_wconf 84' lang='lat' dir='ltr'><strong>A</strong></span> <span class='ocrx_word' id='word_1_13' title='bbox 2141 534 2290 605; x_wconf 78' lang='lat' dir='ltr'>tare,</span> <span class='ocrx_word' id='word_1_14' title='bbox 2314 534 2419 594; x_wconf 78' lang='lat' dir='ltr'>abi</span> <span class='ocrx_word' id='word_1_15' title='bbox 2438 548 2597 608; x_wconf 75' lang='lat' dir='ltr'>pene</span> <span class='ocrx_word' id='word_1_16' title='bbox 2623 535 2852 609; x_wconf 76' lang='lat' dir='ltr'>crescit,</span> <span class='ocrx_word' id='word_1_17' title='bbox 2879 535 3207 610; x_wconf 72' lang='lat' dir='ltr'>etspiritus</span> <span class='ocrx_word' id='word_1_18' title='bbox 3226 534 3484 598; x_wconf 73' lang='lat' dir='ltr'>hominis</span> <span class='ocrx_word' id='word_1_19' title='bbox 3513 534 3589 596; x_wconf 79' lang='lat' dir='ltr'>de</span> <span class='ocrx_word' id='word_1_20' title='bbox 3611 534 3727 595; x_wconf 82' lang='lat' dir='ltr'>die</span> <span class='ocrx_word' id='word_1_21' title='bbox 3749 537 3828 594; x_wconf 66' lang='lat' dir='ltr'>in</span> 
     </span>
    </p>
   </div>
   <div class='ocr_carea' id='block_1_5' title="bbox 371 625 2024 699">
    <p class='ocr_par' dir='ltr' id='par_1_5' title="bbox 371 625 2024 699">
     <span class='ocr_line' id='line_1_5' title="bbox 371 625 2024 699; baseline -0.001 -17"><span class='ocrx_word' id='word_1_22' title='bbox 371 640 421 682; x_wconf 93' lang='lat' dir='ltr'>m</span> <span class='ocrx_word' id='word_1_23' title='bbox 434 625 725 681; x_wconf 88' lang='lat' dir='ltr'>onasteria</span> <span class='ocrx_word' id='word_1_24' title='bbox 742 625 1329 695; x_wconf 87' lang='lat' dir='ltr'>demigrarent.Quod</span> <span class='ocrx_word' id='word_1_25' title='bbox 1343 630 1398 683; x_wconf 88' lang='lat' dir='ltr'>et</span> <span class='ocrx_word' id='word_1_26' title='bbox 1417 627 1543 699; x_wconf 90' lang='lat' dir='ltr'>ipse</span> <span class='ocrx_word' id='word_1_27' title='bbox 1558 628 1804 684; x_wconf 92' lang='lat' dir='ltr'>domnus</span> <span class='ocrx_word' id='word_1_28' title='bbox 1821 626 2024 681; x_wconf 89' lang='lat' dir='ltr'>Beren-</span> 
     </span>
    </p>
   </div>
   <div class='ocr_carea' id='block_1_6' title="bbox 369 714 2024 788">
    <p class='ocr_par' dir='ltr' id='par_1_6' title="bbox 369 714 2024 788">
     <span class='ocr_line' id='line_1_6' title="bbox 369 714 2024 788; baseline -0.001 -18"><span class='ocrx_word' id='word_1_29' title='bbox 369 714 570 786; x_wconf 84' lang='lat' dir='ltr'>gerius</span> <span class='ocrx_word' id='word_1_30' title='bbox 602 715 924 787; x_wconf 89' lang='lat' dir='ltr'>adimplere</span> <span class='ocrx_word' id='word_1_31' title='bbox 950 716 1195 785; x_wconf 75' lang='lat' dir='ltr'>studuit,</span> <span class='ocrx_word' id='word_1_32' title='bbox 1226 715 1381 786; x_wconf 92' lang='lat' dir='ltr'>dum,</span> <span class='ocrx_word' id='word_1_33' title='bbox 1410 718 1625 787; x_wconf 90' lang='lat' dir='ltr'>rejecta</span> <span class='ocrx_word' id='word_1_34' title='bbox 1662 714 2024 788; x_wconf 64' lang='lat' dir='ltr'>prtelationis</span> 
     </span>
    </p>
   </div>
   <div class='ocr_carea' id='block_1_7' title="bbox 381 803 2023 874">
    <p class='ocr_par' dir='ltr' id='par_1_7' title="bbox 381 803 2023 874">
     <span class='ocr_line' id='line_1_7' title="bbox 381 803 2023 874; baseline 0 -16"><span class='ocrx_word' id='word_1_35' title='bbox 381 804 630 874; x_wconf 78' lang='lat' dir='ltr'>sarcina,</span> <span class='ocrx_word' id='word_1_36' title='bbox 660 809 722 859; x_wconf 91' lang='lat' dir='ltr'>ut</span> <span class='ocrx_word' id='word_1_37' title='bbox 743 803 940 872; x_wconf 92' lang='lat' dir='ltr'>justus</span> <span class='ocrx_word' id='word_1_38' title='bbox 958 804 1390 874; x_wconf 88' lang='lat' dir='ltr'>justiﬁcaretur</span> <span class='ocrx_word' id='word_1_39' title='bbox 1408 807 1615 873; x_wconf 84' lang='lat' dir='ltr'>adhuc,</span> <span class='ocrx_word' id='word_1_40' title='bbox 1642 806 2023 861; x_wconf 90' lang='lat' dir='ltr'>monasticum</span> 
     </span>
    </p>
   </div>
   <div class='ocr_carea' id='block_1_8' title="bbox 378 893 2022 965">
    <p class='ocr_par' dir='ltr' id='par_1_8' title="bbox 378 893 2022 965">
     <span class='ocr_line' id='line_1_8' title="bbox 378 893 2022 965; baseline -0.001 -16"><span class='ocrx_word' id='word_1_41' title='bbox 378 893 642 949; x_wconf 88' lang='lat' dir='ltr'>habitum</span> <span class='ocrx_word' id='word_1_42' title='bbox 688 895 946 965; x_wconf 74' lang='lat' dir='ltr'>suscepit</span> <span class='ocrx_word' id='word_1_43' title='bbox 980 895 1035 949; x_wconf 90' lang='lat' dir='ltr'>in</span> <span class='ocrx_word' id='word_1_44' title='bbox 1067 896 1268 951; x_wconf 90' lang='lat' dir='ltr'>eodem</span> <span class='ocrx_word' id='word_1_45' title='bbox 1302 897 1585 965; x_wconf 85' lang='lat' dir='ltr'>coenobio,</span> <span class='ocrx_word' id='word_1_46' title='bbox 1620 896 1882 952; x_wconf 80' lang='lat' dir='ltr'>serviens</span> <span class='ocrx_word' id='word_1_47' title='bbox 1910 897 2022 949; x_wconf 90' lang='lat' dir='ltr'>Deo</span> 
     </span>
    </p>
   </div>
   <div class='ocr_carea' id='block_1_9' title="bbox 376 982 2024 1056">
    <p class='ocr_par' dir='ltr' id='par_1_9' title="bbox 376 982 2024 1056">
     <span class='ocr_line' id='line_1_9' title="bbox 376 982 2024 1056; baseline 0.001 -20"><span class='ocrx_word' id='word_1_48' title='bbox 376 982 428 1037; x_wconf 93' lang='lat' dir='ltr'>in</span> <span class='ocrx_word' id='word_1_49' title='bbox 449 983 889 1053; x_wconf 86' lang='lat' dir='ltr'>incorruptione</span> <span class='ocrx_word' id='word_1_50' title='bbox 904 985 1151 1039; x_wconf 79' lang='lat' dir='ltr'>modesti</span> <span class='ocrx_word' id='word_1_51' title='bbox 1166 987 1221 1039; x_wconf 84' lang='lat' dir='ltr'>et</span> <span class='ocrx_word' id='word_1_52' title='bbox 1240 984 1417 1054; x_wconf 89' lang='lat' dir='ltr'>quieti</span> <span class='ocrx_word' id='word_1_53' title='bbox 1436 986 1702 1056; x_wconf 75' lang='lat' dir='ltr'>spiritus,</span> <span class='ocrx_word' id='word_1_54' title='bbox 1720 990 1777 1040; x_wconf 90' lang='lat' dir='ltr'>et</span> <span class='ocrx_word' id='word_1_55' title='bbox 1794 984 2024 1040; x_wconf 86' lang='lat' dir='ltr'>nichilo&#39;</span> 
     </span>
    </p>
   </div>
   <div class='ocr_carea' id='block_1_10' title="bbox 374 1070 2019 1140">
    <p class='ocr_par' dir='ltr' id='par_1_10' title="bbox 374 1070 2019 1140">
     <span class='ocr_line' id='line_1_10' title="bbox 374 1070 2019 1140; baseline 0.001 -15"><span class='ocrx_word' id='word_1_56' title='bbox 374 1070 565 1127; x_wconf 91' lang='lat' dir='ltr'>minus</span> <span class='ocrx_word' id='word_1_57' title='bbox 589 1070 896 1140; x_wconf 83' lang='lat' dir='ltr'>invigilans</span> <span class='ocrx_word' id='word_1_58' title='bbox 915 1072 1088 1128; x_wconf 88' lang='lat' dir='ltr'>saluti</span> <span class='ocrx_word' id='word_1_59' title='bbox 1116 1074 1559 1129; x_wconf 89' lang='lat' dir='ltr'>commissarum</span> <span class='ocrx_word' id='word_1_60' title='bbox 1576 1073 2019 1130; x_wconf 90' lang='lat' dir='ltr'>sibianimarum</span> 
     </span>
    </p>
   </div>
   <div class='ocr_carea' id='block_1_11' title="bbox 372 1160 2018 1232">
    <p class='ocr_par' dir='ltr' id='par_1_11' title="bbox 372 1160 2018 1232">
     <span class='ocr_line' id='line_1_11' title="bbox 372 1160 2018 1232; baseline 0.002 -19"><span class='ocrx_word' id='word_1_61' title='bbox 372 1175 476 1231; x_wconf 90' lang='lat' dir='ltr'>pro</span> <span class='ocrx_word' id='word_1_62' title='bbox 529 1160 682 1215; x_wconf 89' lang='lat' dir='ltr'>votis</span> <span class='ocrx_word' id='word_1_63' title='bbox 733 1161 1097 1231; x_wconf 89' lang='lat' dir='ltr'>populorum,</span> <span class='ocrx_word' id='word_1_64' title='bbox 1147 1161 1239 1232; x_wconf 89' lang='lat' dir='ltr'>qui</span> <span class='ocrx_word' id='word_1_65' title='bbox 1292 1163 1565 1217; x_wconf 88' lang='lat' dir='ltr'>nolebant</span> <span class='ocrx_word' id='word_1_66' title='bbox 1614 1161 1783 1217; x_wconf 88' lang='lat' dir='ltr'>alteri</span> <span class='ocrx_word' id='word_1_67' title='bbox 1818 1162 1870 1216; x_wconf 93' lang='lat' dir='ltr'>in</span> <span class='ocrx_word' id='word_1_68' title='bbox 1900 1162 2018 1217; x_wconf 85' lang='lat' dir='ltr'>vita</span> 
     </span>
    </p>
   </div>
   <div class='ocr_carea' id='block_1_12' title="bbox 372 1248 2016 1321">
    <p class='ocr_par' dir='ltr' id='par_1_12' title="bbox 372 1248 2016 1321">
     <span class='ocr_line' id='line_1_12' title="bbox 372 1248 2016 1321; baseline 0.002 -19"><span class='ocrx_word' id='word_1_69' title='bbox 372 1248 498 1317; x_wconf 85' lang='lat' dir='ltr'>ejus</span> <span class='ocrx_word' id='word_1_70' title='bbox 533 1251 798 1319; x_wconf 76' lang='lat' dir='ltr'>subesse,</span> <span class='ocrx_word' id='word_1_71' title='bbox 825 1264 892 1305; x_wconf 86' lang='lat' dir='ltr'>eo</span> <span class='ocrx_word' id='word_1_72' title='bbox 916 1251 1067 1320; x_wconf 89' lang='lat' dir='ltr'>quod</span> <span class='ocrx_word' id='word_1_73' title='bbox 1105 1253 1345 1306; x_wconf 84' lang='lat' dir='ltr'>strenuo</span> <span class='ocrx_word' id='word_1_74' title='bbox 1369 1251 1734 1307; x_wconf 79' lang='lat' dir='ltr'>munirentur</span> <span class='ocrx_word' id='word_1_75' title='bbox 1762 1255 2016 1321; x_wconf 87' lang='lat' dir='ltr'>pastore,</span> 
     </span>
    </p>
   </div>
   <div class='ocr_carea' id='block_1_13' title="bbox 370 1337 2018 1410">
    <p class='ocr_par' dir='ltr' id='par_1_13' title="bbox 370 1337 2018 1410">
     <span class='ocr_line' id='line_1_13' title="bbox 370 1337 2018 1410; baseline 0.001 -18"><span class='ocrx_word' id='word_1_76' title='bbox 370 1337 466 1407; x_wconf 86' lang='lat' dir='ltr'>qui</span> <span class='ocrx_word' id='word_1_77' title='bbox 494 1339 712 1407; x_wconf 89' lang='lat' dir='ltr'>quanto</span> <span class='ocrx_word' id='word_1_78' title='bbox 732 1339 1452 1410; x_wconf 83' lang='lat' dir='ltr'>Dominoapproximabat,</span> <span class='ocrx_word' id='word_1_79' title='bbox 1471 1345 1633 1394; x_wconf 87' lang='lat' dir='ltr'>tanto</span> <span class='ocrx_word' id='word_1_80' title='bbox 1648 1345 1691 1395; x_wconf 92' lang='lat' dir='ltr'>sl</span> <span class='ocrx_word' id='word_1_81' title='bbox 1709 1339 2018 1395; x_wconf 88' lang='lat' dir='ltr'>renuitatis</span> 
     </span>
    </p>
   </div>
   <div class='ocr_carea' id='block_1_14' title="bbox 374 1427 2013 1497">
    <p class='ocr_par' dir='ltr' id='par_1_14' title="bbox 374 1427 2013 1497">
     <span class='ocr_line' id='line_1_14' title="bbox 374 1427 2013 1497; baseline 0.001 -18"><span class='ocrx_word' id='word_1_82' title='bbox 374 1430 433 1479; x_wconf 86' lang='lat' dir='ltr'>et</span> <span class='ocrx_word' id='word_1_83' title='bbox 468 1427 729 1496; x_wconf 69' lang='lat' dir='ltr'>benigna:</span> <span class='ocrx_word' id='word_1_84' title='bbox 764 1427 1041 1497; x_wconf 80' lang='lat' dir='ltr'>puritatis</span> <span class='ocrx_word' id='word_1_85' title='bbox 1066 1442 1183 1483; x_wconf 80' lang='lat' dir='ltr'>suae</span> <span class='ocrx_word' id='word_1_86' title='bbox 1213 1427 1538 1482; x_wconf 85' lang='lat' dir='ltr'>certissima</span> <span class='ocrx_word' id='word_1_87' title='bbox 1574 1428 1750 1483; x_wconf 91' lang='lat' dir='ltr'>dabat</span> <span class='ocrx_word' id='word_1_88' title='bbox 1782 1427 2013 1482; x_wconf 86' lang='lat' dir='ltr'>indicia.</span> 
     </span>
    </p>
   </div>
   <div class='ocr_carea' id='block_1_15' title="bbox 377 1513 2019 1587">
    <p class='ocr_par' dir='ltr' id='par_1_15' title="bbox 377 1513 2019 1587">
     <span class='ocr_line' id='line_1_15' title="bbox 377 1513 2019 1587; baseline 0.001 -18"><span class='ocrx_word' id='word_1_89' title='bbox 377 1513 526 1580; x_wconf 87' lang='lat' dir='ltr'>Quid</span> <span class='ocrx_word' id='word_1_90' title='bbox 559 1519 750 1570; x_wconf 88' lang='lat' dir='ltr'>autem</span> <span class='ocrx_word' id='word_1_91' title='bbox 782 1515 1202 1583; x_wconf 78' lang='lat' dir='ltr'>intercesserit,</span> <span class='ocrx_word' id='word_1_92' title='bbox 1237 1515 1390 1585; x_wconf 87' lang='lat' dir='ltr'>quod</span> <span class='ocrx_word' id='word_1_93' title='bbox 1423 1516 1683 1587; x_wconf 82' lang='lat' dir='ltr'>pontifex</span> <span class='ocrx_word' id='word_1_94' title='bbox 1711 1520 1890 1570; x_wconf 72' lang='lat' dir='ltr'>tantze</span> <span class='ocrx_word' id='word_1_95' title='bbox 1921 1530 2019 1571; x_wconf 85' lang='lat' dir='ltr'>au-</span> 
     </span>
    </p>
   </div>
   <div class='ocr_carea' id='block_1_16' title="bbox 372 1604 2018 1676">
    <p class='ocr_par' dir='ltr' id='par_1_16' title="bbox 372 1604 2018 1676">
     <span class='ocr_line' id='line_1_16' title="bbox 372 1604 2018 1676; baseline -0.001 -16"><span class='ocrx_word' id='word_1_96' title='bbox 372 1604 667 1660; x_wconf 88' lang='lat' dir='ltr'>ctoritatis</span> <span class='ocrx_word' id='word_1_97' title='bbox 686 1608 745 1658; x_wconf 90' lang='lat' dir='ltr'>et</span> <span class='ocrx_word' id='word_1_98' title='bbox 762 1605 967 1673; x_wconf 63' lang='lat' dir='ltr'>gratiae</span> <span class='ocrx_word' id='word_1_99' title='bbox 994 1606 1323 1660; x_wconf 69' lang='lat' dir='ltr'>monastieze</span> <span class='ocrx_word' id='word_1_100' title='bbox 1343 1621 1402 1660; x_wconf 91' lang='lat' dir='ltr'>se</span> <span class='ocrx_word' id='word_1_101' title='bbox 1423 1605 1639 1673; x_wconf 71' lang='lat' dir='ltr'>regulae</span> <span class='ocrx_word' id='word_1_102' title='bbox 1660 1605 2018 1676; x_wconf 87' lang='lat' dir='ltr'>maneipave-</span> 
     </span>
    </p>
   </div>
   <div class='ocr_carea' id='block_1_17' title="bbox 370 1691 2019 1763">
    <p class='ocr_par' dir='ltr' id='par_1_17' title="bbox 370 1691 2019 1763">
     <span class='ocr_line' id='line_1_17' title="bbox 370 1691 2019 1763; baseline 0 -17"><span class='ocrx_word' id='word_1_103' title='bbox 370 1691 467 1759; x_wconf 90' lang='lat' dir='ltr'>rit,</span> <span class='ocrx_word' id='word_1_104' title='bbox 496 1691 663 1760; x_wconf 86' lang='lat' dir='ltr'>cujus</span> <span class='ocrx_word' id='word_1_105' title='bbox 686 1692 802 1748; x_wconf 86' lang='lat' dir='ltr'>vita</span> <span class='ocrx_word' id='word_1_106' title='bbox 831 1692 1163 1748; x_wconf 88' lang='lat' dir='ltr'>sanctitatis</span> <span class='ocrx_word' id='word_1_107' title='bbox 1182 1696 1307 1747; x_wconf 85' lang='lat' dir='ltr'>erat</span> <span class='ocrx_word' id='word_1_108' title='bbox 1333 1694 1656 1763; x_wconf 90' lang='lat' dir='ltr'>speculum,</span> <span class='ocrx_word' id='word_1_109' title='bbox 1684 1693 1874 1749; x_wconf 88' lang='lat' dir='ltr'>lumen</span> <span class='ocrx_word' id='word_1_110' title='bbox 1902 1692 2019 1747; x_wconf 89' lang='lat' dir='ltr'>ani-</span> 
     </span>
    </p>
   </div>
   <div class='ocr_carea' id='block_1_18' title="bbox 372 1779 2014 1851">
    <p class='ocr_par' dir='ltr' id='par_1_18' title="bbox 372 1779 2014 1851">
     <span class='ocr_line' id='line_1_18' title="bbox 372 1779 2014 1851; baseline -0.001 -16"><span class='ocrx_word' id='word_1_111' title='bbox 372 1794 616 1849; x_wconf 89' lang='lat' dir='ltr'>morum,</span> <span class='ocrx_word' id='word_1_112' title='bbox 645 1779 823 1836; x_wconf 89' lang='lat' dir='ltr'>decus</span> <span class='ocrx_word' id='word_1_113' title='bbox 855 1781 1100 1851; x_wconf 88' lang='lat' dir='ltr'>piorum,</span> <span class='ocrx_word' id='word_1_114' title='bbox 1128 1785 1323 1836; x_wconf 90' lang='lat' dir='ltr'>terror</span> <span class='ocrx_word' id='word_1_115' title='bbox 1352 1782 1757 1851; x_wconf 85' lang='lat' dir='ltr'>reproborum,</span> <span class='ocrx_word' id='word_1_116' title='bbox 1788 1781 1920 1850; x_wconf 86' lang='lat' dir='ltr'>quia</span> <span class='ocrx_word' id='word_1_117' title='bbox 1945 1780 2014 1835; x_wconf 93' lang='lat' dir='ltr'>ad</span> 
     </span>
    </p>
   </div>
   <div class='ocr_carea' id='block_1_19' title="bbox 2138 625 3819 700">
    <p class='ocr_par' dir='ltr' id='par_1_19' title="bbox 2138 625 3819 700">
     <span class='ocr_line' id='line_1_19' title="bbox 2138 625 3819 700; baseline 0.001 -19"><span class='ocrx_word' id='word_1_118' title='bbox 2138 626 2295 682; x_wconf 75' lang='lat' dir='ltr'>diem</span> <span class='ocrx_word' id='word_1_119' title='bbox 2308 626 2632 683; x_wconf 72' lang='lat' dir='ltr'>renovatur</span> <span class='ocrx_word' id='word_1_120' title='bbox 2649 628 2979 699; x_wconf 71' lang='lat' dir='ltr'>adpenam.</span> <span class='ocrx_word' id='word_1_121' title='bbox 3007 627 3122 685; x_wconf 86' lang='lat' dir='ltr'>Pes</span> <span class='ocrx_word' id='word_1_122' title='bbox 3140 626 3354 699; x_wconf 70' lang='lat' dir='ltr'>igitur,</span> <span class='ocrx_word' id='word_1_123' title='bbox 3376 641 3490 699; x_wconf 74' lang='lat' dir='ltr'>quo</span> <span class='ocrx_word' id='word_1_124' title='bbox 3501 625 3819 700; x_wconf 78' lang='lat' dir='ltr'>peccasti,</span> 
     </span>
    </p>
   </div>
   <div class='ocr_carea' id='block_1_20' title="bbox 2128 715 3821 788">
    <p class='ocr_par' dir='ltr' id='par_1_20' title="bbox 2128 715 3821 788">
     <span class='ocr_line' id='line_1_20' title="bbox 2128 715 3821 788; baseline 0.001 -18"><span class='ocrx_word' id='word_1_125' title='bbox 2128 729 2318 785; x_wconf 64' lang='lat' dir='ltr'>peras</span> <span class='ocrx_word' id='word_1_126' title='bbox 2352 715 2499 784; x_wconf 71' lang='lat' dir='ltr'>luat,</span> <span class='ocrx_word' id='word_1_127' title='bbox 2520 717 2592 772; x_wconf 77' lang='lat' dir='ltr'>ut</span> <span class='ocrx_word' id='word_1_128' title='bbox 2610 717 2940 787; x_wconf 70' lang='lat' dir='ltr'>agnoscant</span> <span class='ocrx_word' id='word_1_129' title='bbox 2967 730 3162 774; x_wconf 67' lang='lat' dir='ltr'>crines</span> <span class='ocrx_word' id='word_1_130' title='bbox 3182 718 3250 774; x_wconf 71' lang='lat' dir='ltr'>in</span> <span class='ocrx_word' id='word_1_131' title='bbox 3281 717 3334 774; x_wconf 86' lang='lat' dir='ltr'>te</span> <span class='ocrx_word' id='word_1_132' title='bbox 3354 718 3504 788; x_wconf 76' lang='lat' dir='ltr'>quia</span> <span class='ocrx_word' id='word_1_133' title='bbox 3529 717 3821 788; x_wconf 69' lang='lat' dir='ltr'>diligen-</span> 
     </span>
    </p>
   </div>
   <div class='ocr_carea' id='block_1_21' title="bbox 2138 804 3815 879">
    <p class='ocr_par' dir='ltr' id='par_1_21' title="bbox 2138 804 3815 879">
     <span class='ocr_line' id='line_1_21' title="bbox 2138 804 3815 879; baseline 0.002 -20"><span class='ocrx_word' id='word_1_134' title='bbox 2138 804 2222 860; x_wconf 88' lang='lat' dir='ltr'>tes</span> <span class='ocrx_word' id='word_1_135' title='bbox 2242 818 2332 860; x_wconf 81' lang='lat' dir='ltr'>me</span> <span class='ocrx_word' id='word_1_136' title='bbox 2354 804 2563 875; x_wconf 70' lang='lat' dir='ltr'>diligo,</span> <span class='ocrx_word' id='word_1_137' title='bbox 2580 806 2989 862; x_wconf 81' lang='lat' dir='ltr'>etmemeriam</span> <span class='ocrx_word' id='word_1_138' title='bbox 3006 806 3506 878; x_wconf 76' lang='lat' dir='ltr'>meifacientibus</span> <span class='ocrx_word' id='word_1_139' title='bbox 3516 806 3815 879; x_wconf 75' lang='lat' dir='ltr'>patroci-</span> 
     </span>
    </p>
   </div>
   <div class='ocr_carea' id='block_1_22' title="bbox 2133 893 3808 964">
    <p class='ocr_par' dir='ltr' id='par_1_22' title="bbox 2133 893 3808 964">
     <span class='ocr_line' id='line_1_22' title="bbox 2133 893 3808 964; baseline 0.001 -16"><span class='ocrx_word' id='word_1_140' title='bbox 2133 894 2276 950; x_wconf 67' lang='grc' dir='ltr'>παγὶ</span> <span class='ocrx_word' id='word_1_141' title='bbox 2290 906 2402 949; x_wconf 79' lang='lat' dir='ltr'>non</span> <span class='ocrx_word' id='word_1_142' title='bbox 2417 893 2650 950; x_wconf 82' lang='lat' dir='ltr'>desisto.</span> <span class='ocrx_word' id='word_1_143' title='bbox 2679 894 2776 950; x_wconf 86' lang='lat' dir='ltr'>His</span> <span class='ocrx_word' id='word_1_144' title='bbox 2802 894 2978 950; x_wconf 90' lang='lat' dir='ltr'>dictis</span> <span class='ocrx_word' id='word_1_145' title='bbox 2999 896 3223 950; x_wconf 82' lang='lat' dir='ltr'>beatam</span> <span class='ocrx_word' id='word_1_146' title='bbox 3249 895 3530 964; x_wconf 83' lang='lat' dir='ltr'>virginem</span> <span class='ocrx_word' id='word_1_147' title='bbox 3552 895 3808 951; x_wconf 86' lang='lat' dir='ltr'>Teclam</span> 
     </span>
    </p>
   </div>
   <div class='ocr_carea' id='block_1_23' title="bbox 2135 982 3809 1055">
    <p class='ocr_par' dir='ltr' id='par_1_23' title="bbox 2135 982 3809 1055">
     <span class='ocr_line' id='line_1_23' title="bbox 2135 982 3809 1055; baseline 0.002 -18"><span class='ocrx_word' id='word_1_148' title='bbox 2135 982 2447 1037; x_wconf 89' lang='lat' dir='ltr'>ammonuit</span> <span class='ocrx_word' id='word_1_149' title='bbox 2484 989 2548 1038; x_wconf 93' lang='lat' dir='ltr'>ut</span> <span class='ocrx_word' id='word_1_150' title='bbox 2578 982 2761 1053; x_wconf 86' lang='lat' dir='ltr'>virga,</span> <span class='ocrx_word' id='word_1_151' title='bbox 2799 998 2967 1052; x_wconf 88' lang='lat' dir='ltr'>quam</span> <span class='ocrx_word' id='word_1_152' title='bbox 3002 984 3248 1054; x_wconf 88' lang='lat' dir='ltr'>ferebat,</span> <span class='ocrx_word' id='word_1_153' title='bbox 3287 983 3490 1054; x_wconf 89' lang='lat' dir='ltr'>pedem</span> <span class='ocrx_word' id='word_1_154' title='bbox 3516 984 3650 1053; x_wconf 88' lang='lat' dir='ltr'>ejus</span> <span class='ocrx_word' id='word_1_155' title='bbox 3678 999 3809 1055; x_wconf 88' lang='lat' dir='ltr'>quo</span> 
     </span>
    </p>
   </div>
   <div class='ocr_carea' id='block_1_24' title="bbox 2133 1069 3801 1144">
    <p class='ocr_par' dir='ltr' id='par_1_24' title="bbox 2133 1069 3801 1144">
     <span class='ocr_line' id='line_1_24' title="bbox 2133 1069 3801 1144; baseline 0.002 -20"><span class='ocrx_word' id='word_1_156' title='bbox 2133 1069 2412 1126; x_wconf 88' lang='lat' dir='ltr'>clericum</span> <span class='ocrx_word' id='word_1_157' title='bbox 2446 1076 2819 1142; x_wconf 85' lang='lat' dir='ltr'>percusserat</span> <span class='ocrx_word' id='word_1_158' title='bbox 2849 1073 3108 1128; x_wconf 86' lang='lat' dir='ltr'>cederet.</span> <span class='ocrx_word' id='word_1_159' title='bbox 3141 1072 3339 1128; x_wconf 86' lang='lat' dir='ltr'>Visum</span> <span class='ocrx_word' id='word_1_160' title='bbox 3370 1078 3460 1128; x_wconf 89' lang='lat' dir='ltr'>est</span> <span class='ocrx_word' id='word_1_161' title='bbox 3495 1072 3801 1144; x_wconf 88' lang='lat' dir='ltr'>pontiﬁci,</span> 
     </span>
    </p>
   </div>
   <div class='ocr_carea' id='block_1_25' title="bbox 2135 1159 3806 1232">
    <p class='ocr_par' dir='ltr' id='par_1_25' title="bbox 2135 1159 3806 1232">
     <span class='ocr_line' id='line_1_25' title="bbox 2135 1159 3806 1232; baseline 0.003 -19"><span class='ocrx_word' id='word_1_162' title='bbox 2135 1159 2436 1230; x_wconf 85' lang='lat' dir='ltr'>sensitque</span> <span class='ocrx_word' id='word_1_163' title='bbox 2486 1176 2548 1216; x_wconf 92' lang='lat' dir='ltr'>se</span> <span class='ocrx_word' id='word_1_164' title='bbox 2600 1175 2835 1231; x_wconf 59' lang='lat' dir='ltr'>ciosum,</span> <span class='ocrx_word' id='word_1_165' title='bbox 2889 1162 3021 1231; x_wconf 89' lang='lat' dir='ltr'>quia</span> <span class='ocrx_word' id='word_1_166' title='bbox 3054 1166 3110 1216; x_wconf 93' lang='lat' dir='ltr'>et</span> <span class='ocrx_word' id='word_1_167' title='bbox 3142 1160 3445 1215; x_wconf 80' lang='lat' dir='ltr'>confestim</span> <span class='ocrx_word' id='word_1_168' title='bbox 3500 1176 3605 1232; x_wconf 88' lang='lat' dir='ltr'>pes</span> <span class='ocrx_word' id='word_1_169' title='bbox 3657 1161 3806 1231; x_wconf 86' lang='lat' dir='ltr'>ejus</span> 
     </span>
    </p>
   </div>
   <div class='ocr_carea' id='block_1_26' title="bbox 2134 1248 3805 1318">
    <p class='ocr_par' dir='ltr' id='par_1_26' title="bbox 2134 1248 3805 1318">
     <span class='ocr_line' id='line_1_26' title="bbox 2134 1248 3805 1318; baseline 0.002 -17"><span class='ocrx_word' id='word_1_170' title='bbox 2134 1248 2306 1317; x_wconf 86' lang='lat' dir='ltr'>aruit,</span> <span class='ocrx_word' id='word_1_171' title='bbox 2343 1263 2413 1303; x_wconf 85' lang='lat' dir='ltr'>ex</span> <span class='ocrx_word' id='word_1_172' title='bbox 2446 1263 2559 1318; x_wconf 90' lang='lat' dir='ltr'>quo</span> <span class='ocrx_word' id='word_1_173' title='bbox 2603 1250 2871 1305; x_wconf 92' lang='lat' dir='ltr'>omnibus</span> <span class='ocrx_word' id='word_1_174' title='bbox 2917 1250 3125 1305; x_wconf 88' lang='lat' dir='ltr'>diebus</span> <span class='ocrx_word' id='word_1_175' title='bbox 3174 1249 3309 1304; x_wconf 58' lang='lat' dir='ltr'>vitae</span> <span class='ocrx_word' id='word_1_176' title='bbox 3340 1264 3457 1305; x_wconf 58' lang='lat' dir='ltr'>suae</span> <span class='ocrx_word' id='word_1_177' title='bbox 3488 1249 3805 1306; x_wconf 88' lang='lat' dir='ltr'>claudica-</span> 
     </span>
    </p>
   </div>
   <div class='ocr_carea' id='block_1_27' title="bbox 2130 1336 3799 1410">
    <p class='ocr_par' dir='ltr' id='par_1_27' title="bbox 2130 1336 3799 1410">
     <span class='ocr_line' id='line_1_27' title="bbox 2130 1336 3799 1410; baseline 0.002 -19"><span class='ocrx_word' id='word_1_178' title='bbox 2130 1336 2233 1392; x_wconf 87' lang='lat' dir='ltr'>vit.</span> <span class='ocrx_word' id='word_1_179' title='bbox 2263 1338 2306 1392; x_wconf 94' lang='grc' dir='ltr'><strong>Ο</strong></span> <span class='ocrx_word' id='word_1_180' title='bbox 2332 1338 2618 1409; x_wconf 87' lang='lat' dir='ltr'>stupenda</span> <span class='ocrx_word' id='word_1_181' title='bbox 2654 1340 2857 1394; x_wconf 90' lang='lat' dir='ltr'>matris</span> <span class='ocrx_word' id='word_1_182' title='bbox 2890 1338 3110 1394; x_wconf 89' lang='lat' dir='ltr'>Domini</span> <span class='ocrx_word' id='word_1_183' title='bbox 3146 1338 3353 1409; x_wconf 90' lang='lat' dir='ltr'>pietas,</span> <span class='ocrx_word' id='word_1_184' title='bbox 3382 1353 3509 1408; x_wconf 72' lang='lat' dir='ltr'>quae</span> <span class='ocrx_word' id='word_1_185' title='bbox 3541 1338 3799 1410; x_wconf 83' lang='lat' dir='ltr'>pontiﬁ-</span> 
     </span>
    </p>
   </div>
   <div class='ocr_carea' id='block_1_28' title="bbox 2132 1426 3797 1498">
    <p class='ocr_par' dir='ltr' id='par_1_28' title="bbox 2132 1426 3797 1498">
     <span class='ocr_line' id='line_1_28' title="bbox 2132 1426 3797 1498; baseline 0.002 -20"><span class='ocrx_word' id='word_1_186' title='bbox 2132 1439 2255 1479; x_wconf 86' lang='lat' dir='ltr'>cem</span> <span class='ocrx_word' id='word_1_187' title='bbox 2281 1440 2446 1481; x_wconf 91' lang='lat' dir='ltr'>suum</span> <span class='ocrx_word' id='word_1_188' title='bbox 2472 1426 2580 1482; x_wconf 88' lang='lat' dir='ltr'>sibi</span> <span class='ocrx_word' id='word_1_189' title='bbox 2603 1426 2855 1484; x_wconf 86' lang='lat' dir='ltr'>ﬁdeliter</span> <span class='ocrx_word' id='word_1_190' title='bbox 2879 1427 3228 1483; x_wconf 85' lang='lat' dir='ltr'>servientem</span> <span class='ocrx_word' id='word_1_191' title='bbox 3255 1431 3310 1482; x_wconf 91' lang='lat' dir='ltr'>et</span> <span class='ocrx_word' id='word_1_192' title='bbox 3339 1426 3618 1496; x_wconf 87' lang='lat' dir='ltr'>laudavit,</span> <span class='ocrx_word' id='word_1_193' title='bbox 3649 1428 3797 1498; x_wconf 88' lang='lat' dir='ltr'>quia</span> 
     </span>
    </p>
   </div>
   <div class='ocr_carea' id='block_1_29' title="bbox 2133 1512 3798 1586">
    <p class='ocr_par' dir='ltr' id='par_1_29' title="bbox 2133 1512 3798 1586">
     <span class='ocr_line' id='line_1_29' title="bbox 2133 1512 3798 1586; baseline 0.004 -20"><span class='ocrx_word' id='word_1_194' title='bbox 2133 1512 2383 1568; x_wconf 90' lang='lat' dir='ltr'>ﬁdeliter</span> <span class='ocrx_word' id='word_1_195' title='bbox 2408 1515 2518 1570; x_wconf 90' lang='lat' dir='ltr'>sibi</span> <span class='ocrx_word' id='word_1_196' title='bbox 2543 1516 2814 1583; x_wconf 86' lang='lat' dir='ltr'>serviret,</span> <span class='ocrx_word' id='word_1_197' title='bbox 2842 1523 2898 1569; x_wconf 90' lang='lat' dir='ltr'>et</span> <span class='ocrx_word' id='word_1_198' title='bbox 2925 1520 3117 1570; x_wconf 89' lang='lat' dir='ltr'>tamen</span> <span class='ocrx_word' id='word_1_199' title='bbox 3146 1520 3447 1586; x_wconf 88' lang='lat' dir='ltr'>peccatum</span> <span class='ocrx_word' id='word_1_200' title='bbox 3481 1513 3630 1586; x_wconf 84' lang='lat' dir='ltr'>ejus,</span> <span class='ocrx_word' id='word_1_201' title='bbox 3670 1532 3798 1586; x_wconf 90' lang='lat' dir='ltr'>quo</span> 
     </span>
    </p>
   </div>
   <div class='ocr_carea' id='block_1_30' title="bbox 2132 1601 3792 1674">
    <p class='ocr_par' dir='ltr' id='par_1_30' title="bbox 2132 1601 3792 1674">
     <span class='ocr_line' id='line_1_30' title="bbox 2132 1601 3792 1674; baseline 0.002 -18"><span class='ocrx_word' id='word_1_202' title='bbox 2132 1601 2186 1656; x_wconf 90' lang='lat' dir='ltr'>in</span> <span class='ocrx_word' id='word_1_203' title='bbox 2218 1617 2515 1673; x_wconf 87' lang='lat' dir='ltr'>conservo,</span> <span class='ocrx_word' id='word_1_204' title='bbox 2573 1603 2707 1658; x_wconf 91' lang='lat' dir='ltr'>licet</span> <span class='ocrx_word' id='word_1_205' title='bbox 2760 1608 3037 1674; x_wconf 88' lang='lat' dir='ltr'>quantum</span> <span class='ocrx_word' id='word_1_206' title='bbox 3067 1605 3137 1660; x_wconf 90' lang='lat' dir='ltr'>ad</span> <span class='ocrx_word' id='word_1_207' title='bbox 3168 1603 3412 1674; x_wconf 89' lang='lat' dir='ltr'>gradum</span> <span class='ocrx_word' id='word_1_208' title='bbox 3454 1605 3792 1661; x_wconf 85' lang='lat' dir='ltr'>sacerdotii</span> 
     </span>
    </p>
   </div>
   <div class='ocr_carea' id='block_1_31' title="bbox 2132 1689 3793 1762">
    <p class='ocr_par' dir='ltr' id='par_1_31' title="bbox 2132 1689 3793 1762">
     <span class='ocr_line' id='line_1_31' title="bbox 2132 1689 3793 1762; baseline 0.003 -19"><span class='ocrx_word' id='word_1_209' title='bbox 2132 1689 2413 1760; x_wconf 90' lang='lat' dir='ltr'>inferiori,</span> <span class='ocrx_word' id='word_1_210' title='bbox 2448 1695 2814 1761; x_wconf 83' lang='lat' dir='ltr'>peccaverat,</span> <span class='ocrx_word' id='word_1_211' title='bbox 2851 1691 3177 1762; x_wconf 89' lang='lat' dir='ltr'>inpunitum</span> <span class='ocrx_word' id='word_1_212' title='bbox 3212 1692 3508 1748; x_wconf 87' lang='lat' dir='ltr'>dimittere</span> <span class='ocrx_word' id='word_1_213' title='bbox 3540 1692 3739 1749; x_wconf 91' lang='lat' dir='ltr'>noluit</span> <span class='ocrx_word' id='word_1_214' title='bbox 3777 1711 3793 1748; x_wconf 73' lang='grc' dir='ltr'><em>τ</em></span> 
     </span>
    </p>
   </div>
   <div class='ocr_carea' id='block_1_32' title="bbox 2134 1775 3789 1849">
    <p class='ocr_par' dir='ltr' id='par_1_32' title="bbox 2134 1775 3789 1849">
     <span class='ocr_line' id='line_1_32' title="bbox 2134 1775 3789 1849; baseline 0.004 -22"><span class='ocrx_word' id='word_1_215' title='bbox 2134 1775 2239 1833; x_wconf 92' lang='lat' dir='ltr'>hoc</span> <span class='ocrx_word' id='word_1_216' title='bbox 2274 1778 2681 1833; x_wconf 85' lang='lat' dir='ltr'>demonstrans</span> <span class='ocrx_word' id='word_1_217' title='bbox 2732 1778 2963 1849; x_wconf 90' lang='lat' dir='ltr'>indicio,</span> <span class='ocrx_word' id='word_1_218' title='bbox 2996 1794 3057 1834; x_wconf 92' lang='lat' dir='ltr'>se</span> <span class='ocrx_word' id='word_1_219' title='bbox 3084 1779 3251 1849; x_wconf 83' lang='lat' dir='ltr'>juxta</span> <span class='ocrx_word' id='word_1_220' title='bbox 3294 1795 3427 1835; x_wconf 91' lang='lat' dir='ltr'>esse</span> <span class='ocrx_word' id='word_1_221' title='bbox 3467 1777 3789 1837; x_wconf 85' lang='lat' dir='ltr'>clamanti-</span> 
     </span>
    </p>
   </div>
   <div class='ocr_carea' id='block_1_33' title="bbox 372 1866 3791 1955">
    <p class='ocr_par' dir='ltr' id='par_1_33' title="bbox 372 1866 3791 1955">
     <span class='ocr_line' id='line_1_33' title="bbox 372 1866 3791 1955; baseline 0.001 -34"><span class='ocrx_word' id='word_1_222' title='bbox 372 1867 428 1923; x_wconf 91' lang='lat' dir='ltr'>id</span> <span class='ocrx_word' id='word_1_223' title='bbox 451 1867 707 1925; x_wconf 90' lang='lat' dir='ltr'>locorum</span> <span class='ocrx_word' id='word_1_224' title='bbox 729 1869 1085 1938; x_wconf 81' lang='lat' dir='ltr'>devenimus,</span> <span class='ocrx_word' id='word_1_225' title='bbox 1110 1874 1342 1940; x_wconf 90' lang='lat' dir='ltr'>patrum</span> <span class='ocrx_word' id='word_1_226' title='bbox 1364 1869 1517 1925; x_wconf 91' lang='lat' dir='ltr'>dicta</span> <span class='ocrx_word' id='word_1_227' title='bbox 1544 1874 1860 1939; x_wconf 88' lang='lat' dir='ltr'>sequentes</span> <span class='ocrx_word' id='word_1_228' title='bbox 1882 1883 2012 1939; x_wconf 92' lang='lat' dir='ltr'>pau-</span> <span class='ocrx_word' id='word_1_229' title='bbox 2047 1894 2101 1955; x_wconf 83' lang='lat' dir='ltr'>B</span> <span class='ocrx_word' id='word_1_230' title='bbox 2135 1866 2242 1921; x_wconf 90' lang='lat' dir='ltr'>bus</span> <span class='ocrx_word' id='word_1_231' title='bbox 2263 1867 2331 1921; x_wconf 86' lang='lat' dir='ltr'>ad</span> <span class='ocrx_word' id='word_1_232' title='bbox 2357 1882 2436 1933; x_wconf 91' lang='lat' dir='ltr'>se,</span> <span class='ocrx_word' id='word_1_233' title='bbox 2459 1870 2516 1921; x_wconf 91' lang='lat' dir='ltr'>et</span> <span class='ocrx_word' id='word_1_234' title='bbox 2539 1866 2855 1923; x_wconf 81' lang='lat' dir='ltr'>vindictam</span> <span class='ocrx_word' id='word_1_235' title='bbox 2885 1883 3103 1937; x_wconf 87' lang='lat' dir='ltr'>eorum,</span> <span class='ocrx_word' id='word_1_236' title='bbox 3131 1868 3177 1924; x_wconf 91' lang='lat' dir='ltr'>si</span> <span class='ocrx_word' id='word_1_237' title='bbox 3204 1868 3310 1925; x_wconf 91' lang='lat' dir='ltr'>lesi</span> <span class='ocrx_word' id='word_1_238' title='bbox 3336 1868 3570 1939; x_wconf 84' lang='lat' dir='ltr'>fuerint,</span> <span class='ocrx_word' id='word_1_239' title='bbox 3602 1868 3791 1925; x_wconf 90' lang='lat' dir='ltr'>etiam</span> 
     </span>
    </p>
   </div>
   <div class='ocr_carea' id='block_1_34' title="bbox 370 1956 2019 2027">
    <p class='ocr_par' dir='ltr' id='par_1_34' title="bbox 370 1956 2019 2027">
     <span class='ocr_line' id='line_1_34' title="bbox 370 1956 2019 2027; baseline -0.001 -15"><span class='ocrx_word' id='word_1_240' title='bbox 370 1956 453 2012; x_wconf 90' lang='lat' dir='ltr'>eis</span> <span class='ocrx_word' id='word_1_241' title='bbox 484 1956 921 2027; x_wconf 88' lang='lat' dir='ltr'>explicabimus.</span> <span class='ocrx_word' id='word_1_242' title='bbox 962 1956 1263 2012; x_wconf 84' lang='lat' dir='ltr'>Familiare</span> <span class='ocrx_word' id='word_1_243' title='bbox 1287 1962 1410 2012; x_wconf 85' lang='lat' dir='ltr'>erat</span> <span class='ocrx_word' id='word_1_244' title='bbox 1438 1957 1563 2013; x_wconf 91' lang='lat' dir='ltr'>viro</span> <span class='ocrx_word' id='word_1_245' title='bbox 1589 1958 1760 2012; x_wconf 89' lang='lat' dir='ltr'>beato</span> <span class='ocrx_word' id='word_1_246' title='bbox 1784 1962 2019 2011; x_wconf 89' lang='lat' dir='ltr'>noctur-</span> 
     </span>
    </p>
   </div>
   <div class='ocr_carea' id='block_1_35' title="bbox 372 2044 2017 2119">
    <p class='ocr_par' dir='ltr' id='par_1_35' title="bbox 372 2044 2017 2119">
     <span class='ocr_line' id='line_1_35' title="bbox 372 2044 2017 2119; baseline -0.001 -19"><span class='ocrx_word' id='word_1_247' title='bbox 372 2045 557 2100; x_wconf 89' lang='lat' dir='ltr'>nalem</span> <span class='ocrx_word' id='word_1_248' title='bbox 595 2046 840 2100; x_wconf 87' lang='lat' dir='ltr'>sinaxim</span> <span class='ocrx_word' id='word_1_249' title='bbox 879 2045 1209 2115; x_wconf 85' lang='lat' dir='ltr'>vigiliarum</span> <span class='ocrx_word' id='word_1_250' title='bbox 1243 2051 1301 2119; x_wconf 86' lang='lat' dir='ltr'>et</span> <span class='ocrx_word' id='word_1_251' title='bbox 1333 2046 1659 2102; x_wconf 87' lang='lat' dir='ltr'>orationum</span> <span class='ocrx_word' id='word_1_252' title='bbox 1695 2044 2017 2116; x_wconf 65' lang='lat' dir='ltr'>praevenire</span> 
     </span>
    </p>
   </div>
   <div class='ocr_carea' id='block_1_36' title="bbox 376 2132 2017 2203">
    <p class='ocr_par' dir='ltr' id='par_1_36' title="bbox 376 2132 2017 2203">
     <span class='ocr_line' id='line_1_36' title="bbox 376 2132 2017 2203; baseline -0.001 -16"><span class='ocrx_word' id='word_1_253' title='bbox 376 2134 673 2201; x_wconf 89' lang='lat' dir='ltr'>instantia,</span> <span class='ocrx_word' id='word_1_254' title='bbox 726 2133 999 2203; x_wconf 85' lang='lat' dir='ltr'>quatinus</span> <span class='ocrx_word' id='word_1_255' title='bbox 1047 2134 1333 2190; x_wconf 85' lang='lat' dir='ltr'>sacriﬁcio</span> <span class='ocrx_word' id='word_1_256' title='bbox 1366 2134 1607 2190; x_wconf 87' lang='lat' dir='ltr'>contriti</span> <span class='ocrx_word' id='word_1_257' title='bbox 1639 2138 1696 2189; x_wconf 90' lang='lat' dir='ltr'>et</span> <span class='ocrx_word' id='word_1_258' title='bbox 1730 2132 2017 2189; x_wconf 89' lang='lat' dir='ltr'>humiliati</span> 
     </span>
    </p>
   </div>
   <div class='ocr_carea' id='block_1_37' title="bbox 367 2221 2013 2294">
    <p class='ocr_par' dir='ltr' id='par_1_37' title="bbox 367 2221 2013 2294">
     <span class='ocr_line' id='line_1_37' title="bbox 367 2221 2013 2294; baseline -0.001 -18"><span class='ocrx_word' id='word_1_259' title='bbox 367 2222 630 2292; x_wconf 82' lang='lat' dir='ltr'>Spiritus,</span> <span class='ocrx_word' id='word_1_260' title='bbox 686 2221 919 2292; x_wconf 86' lang='lat' dir='ltr'>superni</span> <span class='ocrx_word' id='word_1_261' title='bbox 970 2222 1323 2293; x_wconf 89' lang='lat' dir='ltr'>inspectoris</span> <span class='ocrx_word' id='word_1_262' title='bbox 1373 2222 1576 2278; x_wconf 89' lang='lat' dir='ltr'>oculos</span> <span class='ocrx_word' id='word_1_263' title='bbox 1625 2238 1801 2294; x_wconf 88' lang='lat' dir='ltr'>super</span> <span class='ocrx_word' id='word_1_264' title='bbox 1846 2236 1906 2278; x_wconf 91' lang='lat' dir='ltr'>se</span> <span class='ocrx_word' id='word_1_265' title='bbox 1957 2227 2013 2276; x_wconf 90' lang='lat' dir='ltr'>et</span> 
     </span>
    </p>
   </div>
   <div class='ocr_carea' id='block_1_38' title="bbox 370 2310 2013 2381">
    <p class='ocr_par' dir='ltr' id='par_1_38' title="bbox 370 2310 2013 2381">
     <span class='ocr_line' id='line_1_38' title="bbox 370 2310 2013 2381; baseline 0 -17"><span class='ocrx_word' id='word_1_266' title='bbox 370 2324 545 2381; x_wconf 85' lang='lat' dir='ltr'>super</span> <span class='ocrx_word' id='word_1_267' title='bbox 574 2310 943 2365; x_wconf 87' lang='lat' dir='ltr'>commissum</span> <span class='ocrx_word' id='word_1_268' title='bbox 976 2311 1083 2365; x_wconf 90' lang='lat' dir='ltr'>sibi</span> <span class='ocrx_word' id='word_1_269' title='bbox 1116 2326 1350 2381; x_wconf 81' lang='lat' dir='ltr'>gregem</span> <span class='ocrx_word' id='word_1_270' title='bbox 1379 2311 1683 2367; x_wconf 88' lang='lat' dir='ltr'>intendere</span> <span class='ocrx_word' id='word_1_271' title='bbox 1715 2310 2013 2366; x_wconf 88' lang='lat' dir='ltr'>cotidiana</span> 
     </span>
    </p>
   </div>
   <div class='ocr_carea' id='block_1_39' title="bbox 370 2397 2015 2469">
    <p class='ocr_par' dir='ltr' id='par_1_39' title="bbox 370 2397 2015 2469">
     <span class='ocr_line' id='line_1_39' title="bbox 370 2397 2015 2469; baseline 0.001 -17"><span class='ocrx_word' id='word_1_272' title='bbox 370 2403 714 2468; x_wconf 88' lang='lat' dir='ltr'>provocaret</span> <span class='ocrx_word' id='word_1_273' title='bbox 733 2399 1317 2455; x_wconf 89' lang='lat' dir='ltr'>votorumindustria.</span> <span class='ocrx_word' id='word_1_274' title='bbox 1346 2398 1450 2468; x_wconf 90' lang='lat' dir='ltr'>(Cf.</span> <span class='ocrx_word' id='word_1_275' title='bbox 1478 2397 1659 2456; x_wconf 79' lang='lat' dir='ltr'>Gesta</span> <span class='ocrx_word' id='word_1_276' title='bbox 1697 2399 1885 2469; x_wconf 62' lang='lat' dir='ltr'>Virri.)</span> <span class='ocrx_word' id='word_1_277' title='bbox 1914 2399 2015 2455; x_wconf 86' lang='lat' dir='ltr'>Cui</span> 
     </span>
    </p>
   </div>
   <div class='ocr_carea' id='block_1_40' title="bbox 367 2487 2017 2558">
    <p class='ocr_par' dir='ltr' id='par_1_40' title="bbox 367 2487 2017 2558">
     <span class='ocr_line' id='line_1_40' title="bbox 367 2487 2017 2558; baseline 0 -17"><span class='ocrx_word' id='word_1_278' title='bbox 367 2487 529 2558; x_wconf 89' lang='lat' dir='ltr'>operi</span> <span class='ocrx_word' id='word_1_279' title='bbox 565 2487 697 2543; x_wconf 88' lang='lat' dir='ltr'>dum</span> <span class='ocrx_word' id='word_1_280' title='bbox 724 2502 785 2542; x_wconf 90' lang='lat' dir='ltr'>se</span> <span class='ocrx_word' id='word_1_281' title='bbox 812 2502 921 2542; x_wconf 90' lang='lat' dir='ltr'>una</span> <span class='ocrx_word' id='word_1_282' title='bbox 954 2492 1122 2544; x_wconf 87' lang='lat' dir='ltr'>nocte</span> <span class='ocrx_word' id='word_1_283' title='bbox 1157 2487 1509 2557; x_wconf 82' lang='lat' dir='ltr'>accingeret,</span> <span class='ocrx_word' id='word_1_284' title='bbox 1535 2492 1614 2553; x_wconf 89' lang='lat' dir='ltr'>et,</span> <span class='ocrx_word' id='word_1_285' title='bbox 1642 2502 1757 2543; x_wconf 90' lang='lat' dir='ltr'>uno</span> <span class='ocrx_word' id='word_1_286' title='bbox 1789 2490 2017 2542; x_wconf 88' lang='lat' dir='ltr'>tantum</span> 
     </span>
    </p>
   </div>
   <div class='ocr_carea' id='block_1_41' title="bbox 371 2574 2018 2646">
    <p class='ocr_par' dir='ltr' id='par_1_41' title="bbox 371 2574 2018 2646">
     <span class='ocr_line' id='line_1_41' title="bbox 371 2574 2018 2646; baseline -0.002 -14"><span class='ocrx_word' id='word_1_287' title='bbox 371 2578 687 2632; x_wconf 86' lang='lat' dir='ltr'>contentus</span> <span class='ocrx_word' id='word_1_288' title='bbox 722 2576 931 2631; x_wconf 87' lang='lat' dir='ltr'>comite</span> <span class='ocrx_word' id='word_1_289' title='bbox 972 2576 1069 2646; x_wconf 89' lang='lat' dir='ltr'>qui</span> <span class='ocrx_word' id='word_1_290' title='bbox 1108 2575 1363 2632; x_wconf 75' lang='lat' dir='ltr'>lucernze</span> <span class='ocrx_word' id='word_1_291' title='bbox 1395 2576 1445 2631; x_wconf 91' lang='lat' dir='ltr'>ei</span> <span class='ocrx_word' id='word_1_292' title='bbox 1481 2575 1872 2631; x_wconf 85' lang='lat' dir='ltr'>famulabatur</span> <span class='ocrx_word' id='word_1_293' title='bbox 1903 2574 2018 2629; x_wconf 74' lang='lat' dir='ltr'>otii-</span> 
     </span>
    </p>
   </div>
   <div class='ocr_carea' id='block_1_42' title="bbox 366 2662 2019 2736">
    <p class='ocr_par' dir='ltr' id='par_1_42' title="bbox 366 2662 2019 2736">
     <span class='ocr_line' id='line_1_42' title="bbox 366 2662 2019 2736; baseline -0.002 -15"><span class='ocrx_word' id='word_1_294' title='bbox 366 2665 479 2735; x_wconf 92' lang='lat' dir='ltr'>cio,</span> <span class='ocrx_word' id='word_1_295' title='bbox 515 2664 845 2721; x_wconf 67' lang='lat' dir='ltr'>azcelesiam</span> <span class='ocrx_word' id='word_1_296' title='bbox 878 2664 1256 2736; x_wconf 87' lang='lat' dir='ltr'>principalem</span> <span class='ocrx_word' id='word_1_297' title='bbox 1288 2669 1506 2721; x_wconf 70' lang='lat' dir='ltr'>sanctae</span> <span class='ocrx_word' id='word_1_298' title='bbox 1531 2664 1719 2720; x_wconf 61' lang='lat' dir='ltr'>Mariae</span> <span class='ocrx_word' id='word_1_299' title='bbox 1752 2662 2019 2733; x_wconf 90' lang='lat' dir='ltr'>ingrede-</span> 
     </span>
    </p>
   </div>
   <div class='ocr_carea' id='block_1_43' title="bbox 372 2752 2018 2824">
    <p class='ocr_par' dir='ltr' id='par_1_43' title="bbox 372 2752 2018 2824">
     <span class='ocr_line' id='line_1_43' title="bbox 372 2752 2018 2824; baseline -0.001 -16"><span class='ocrx_word' id='word_1_300' title='bbox 372 2758 558 2821; x_wconf 87' lang='lat' dir='ltr'>retur,</span> <span class='ocrx_word' id='word_1_301' title='bbox 596 2752 719 2822; x_wconf 91' lang='lat' dir='ltr'>(fol.</span> <span class='ocrx_word' id='word_1_302' title='bbox 743 2754 858 2823; x_wconf 81' lang='lat'>71.)</span> <span class='ocrx_word' id='word_1_303' title='bbox 892 2753 1025 2808; x_wconf 93' lang='lat' dir='ltr'>dum</span> <span class='ocrx_word' id='word_1_304' title='bbox 1052 2753 1465 2824; x_wconf 89' lang='lat' dir='ltr'>pedetemptim</span> <span class='ocrx_word' id='word_1_305' title='bbox 1489 2753 1764 2823; x_wconf 90' lang='lat' dir='ltr'>gradiens</span> <span class='ocrx_word' id='word_1_306' title='bbox 1793 2752 2018 2809; x_wconf 91' lang='lat' dir='ltr'>nullum</span> 
     </span>
    </p>
   </div>
   <div class='ocr_carea' id='block_1_44' title="bbox 380 2840 2018 2913">
    <p class='ocr_par' dir='ltr' id='par_1_44' title="bbox 380 2840 2018 2913">
     <span class='ocr_line' id='line_1_44' title="bbox 380 2840 2018 2913; baseline -0.001 -17"><span class='ocrx_word' id='word_1_307' title='bbox 380 2840 501 2898; x_wconf 89' lang='lat' dir='ltr'>illic</span> <span class='ocrx_word' id='word_1_308' title='bbox 550 2856 683 2897; x_wconf 88' lang='lat' dir='ltr'>esse</span> <span class='ocrx_word' id='word_1_309' title='bbox 732 2845 967 2913; x_wconf 86' lang='lat' dir='ltr'>putaret</span> <span class='ocrx_word' id='word_1_310' title='bbox 998 2841 1050 2896; x_wconf 92' lang='lat' dir='ltr'>in</span> <span class='ocrx_word' id='word_1_311' title='bbox 1086 2856 1255 2912; x_wconf 89' lang='lat' dir='ltr'>quem</span> <span class='ocrx_word' id='word_1_312' title='bbox 1287 2842 1632 2912; x_wconf 79' lang='lat' dir='ltr'>offenderet,</span> <span class='ocrx_word' id='word_1_313' title='bbox 1665 2856 1795 2898; x_wconf 92' lang='lat' dir='ltr'>cum</span> <span class='ocrx_word' id='word_1_314' title='bbox 1828 2840 2018 2897; x_wconf 88' lang='lat' dir='ltr'>omnia</span> 
     </span>
    </p>
   </div>
   <div class='ocr_carea' id='block_1_45' title="bbox 383 2929 2016 3001">
    <p class='ocr_par' dir='ltr' id='par_1_45' title="bbox 383 2929 2016 3001">
     <span class='ocr_line' id='line_1_45' title="bbox 383 2929 2016 3001; baseline -0.001 -16"><span class='ocrx_word' id='word_1_315' title='bbox 383 2929 648 3001; x_wconf 88' lang='lat' dir='ltr'>silerent,</span> <span class='ocrx_word' id='word_1_316' title='bbox 683 2934 738 2985; x_wconf 90' lang='lat' dir='ltr'>et</span> <span class='ocrx_word' id='word_1_317' title='bbox 773 2931 946 2986; x_wconf 88' lang='lat' dir='ltr'>etiam</span> <span class='ocrx_word' id='word_1_318' title='bbox 972 2930 1016 2986; x_wconf 89' lang='lat' dir='ltr'>si</span> <span class='ocrx_word' id='word_1_319' title='bbox 1043 2929 1138 3000; x_wconf 91' lang='lat' dir='ltr'>qui</span> <span class='ocrx_word' id='word_1_320' title='bbox 1170 2929 1383 2987; x_wconf 89' lang='lat' dir='ltr'>occulti</span> <span class='ocrx_word' id='word_1_321' title='bbox 1416 2933 1684 2986; x_wconf 87' lang='lat' dir='ltr'>oratores</span> <span class='ocrx_word' id='word_1_322' title='bbox 1713 2930 1791 2985; x_wconf 91' lang='lat' dir='ltr'>ibi</span> <span class='ocrx_word' id='word_1_323' title='bbox 1822 2932 2016 2985; x_wconf 87' lang='lat' dir='ltr'>essent</span> 
     </span>
    </p>
   </div>
   <div class='ocr_carea' id='block_1_46' title="bbox 378 3017 2021 3090">
    <p class='ocr_par' dir='ltr' id='par_1_46' title="bbox 378 3017 2021 3090">
     <span class='ocr_line' id='line_1_46' title="bbox 378 3017 2021 3090; baseline -0.001 -15"><span class='ocrx_word' id='word_1_324' title='bbox 378 3017 651 3075; x_wconf 89' lang='lat' dir='ltr'>adventui</span> <span class='ocrx_word' id='word_1_325' title='bbox 688 3034 790 3075; x_wconf 93' lang='lat' dir='ltr'>suo</span> <span class='ocrx_word' id='word_1_326' title='bbox 822 3033 925 3074; x_wconf 92' lang='lat' dir='ltr'>eos</span> <span class='ocrx_word' id='word_1_327' title='bbox 951 3018 1161 3074; x_wconf 89' lang='lat' dir='ltr'>cedere</span> <span class='ocrx_word' id='word_1_328' title='bbox 1190 3019 1483 3090; x_wconf 89' lang='lat' dir='ltr'>crederet,</span> <span class='ocrx_word' id='word_1_329' title='bbox 1509 3020 1562 3074; x_wconf 92' lang='lat' dir='ltr'>in</span> <span class='ocrx_word' id='word_1_330' title='bbox 1590 3019 1712 3090; x_wconf 91' lang='lat' dir='ltr'>ipso</span> <span class='ocrx_word' id='word_1_331' title='bbox 1745 3019 1905 3075; x_wconf 88' lang='lat' dir='ltr'>chori</span> <span class='ocrx_word' id='word_1_332' title='bbox 1939 3019 2021 3073; x_wconf 88' lang='lat' dir='ltr'>in-</span> 
     </span>
    </p>
   </div>
   <div class='ocr_carea' id='block_1_47' title="bbox 374 3107 2016 3178">
    <p class='ocr_par' dir='ltr' id='par_1_47' title="bbox 374 3107 2016 3178">
     <span class='ocr_line' id='line_1_47' title="bbox 374 3107 2016 3178; baseline 0 -17"><span class='ocrx_word' id='word_1_333' title='bbox 374 3122 600 3178; x_wconf 87' lang='lat' dir='ltr'>gressu,</span> <span class='ocrx_word' id='word_1_334' title='bbox 635 3109 770 3163; x_wconf 90' lang='lat' dir='ltr'>dum</span> <span class='ocrx_word' id='word_1_335' title='bbox 790 3107 897 3164; x_wconf 91' lang='lat' dir='ltr'>sibi</span> <span class='ocrx_word' id='word_1_336' title='bbox 934 3107 1123 3164; x_wconf 90' lang='lat' dir='ltr'>minus</span> <span class='ocrx_word' id='word_1_337' title='bbox 1151 3114 1338 3178; x_wconf 90' lang='lat' dir='ltr'>cavet,</span> <span class='ocrx_word' id='word_1_338' title='bbox 1375 3108 1613 3164; x_wconf 78' lang='lat' dir='ltr'>offendit</span> <span class='ocrx_word' id='word_1_339' title='bbox 1638 3108 1693 3164; x_wconf 92' lang='lat' dir='ltr'>in</span> <span class='ocrx_word' id='word_1_340' title='bbox 1718 3108 2016 3177; x_wconf 91' lang='lat' dir='ltr'>clericum,</span> 
     </span>
    </p>
   </div>
   <div class='ocr_carea' id='block_1_48' title="bbox 380 3194 2016 3268">
    <p class='ocr_par' dir='ltr' id='par_1_48' title="bbox 380 3194 2016 3268">
     <span class='ocr_line' id='line_1_48' title="bbox 380 3194 2016 3268; baseline 0.001 -17"><span class='ocrx_word' id='word_1_341' title='bbox 380 3194 611 3251; x_wconf 88' lang='lat' dir='ltr'>nomine</span> <span class='ocrx_word' id='word_1_342' title='bbox 644 3196 1002 3265; x_wconf 90' lang='lat' dir='ltr'>Bernerium,</span> <span class='ocrx_word' id='word_1_343' title='bbox 1031 3196 1404 3267; x_wconf 76' lang='lat' dir='ltr'>praepositum</span> <span class='ocrx_word' id='word_1_344' title='bbox 1430 3196 1690 3268; x_wconf 88' lang='lat' dir='ltr'>ejusdem</span> <span class='ocrx_word' id='word_1_345' title='bbox 1714 3196 2016 3265; x_wconf 76' lang='lat' dir='ltr'>aecclesize,</span> 
     </span>
    </p>
   </div>
   <div class='ocr_carea' id='block_1_49' title="bbox 372 3249 2102 3355">
    <p class='ocr_par' dir='ltr' id='par_1_49' title="bbox 372 3249 2102 3355">
     <span class='ocr_line' id='line_1_49' title="bbox 372 3249 2102 3355; baseline -0.001 -13"><span class='ocrx_word' id='word_1_346' title='bbox 372 3249 642 3355; x_wconf 50' lang='lat' dir='ltr'>tanta.</span> <span class='ocrx_word' id='word_1_347' title='bbox 668 3249 817 3340; x_wconf 50' lang='lat' dir='ltr'>sic</span> <span class='ocrx_word' id='word_1_348' title='bbox 836 3249 965 3340; x_wconf 56' lang='lat' dir='ltr'>gae</span> <span class='ocrx_word' id='word_1_349' title='bbox 990 3249 2019 3355; x_wconf 46' lang='lat' dir='ltr'>basta“;satanasinitas</span> <span class='ocrx_word' id='word_1_350' title='bbox 2051 3249 2102 3314; x_wconf 70' lang='grc' dir='ltr'>α</span> 
     </span>
    </p>
   </div>
   <div class='ocr_carea' id='block_1_50' title="bbox 371 3372 2020 3446">
    <p class='ocr_par' dir='ltr' id='par_1_50' title="bbox 371 3372 2020 3446">
     <span class='ocr_line' id='line_1_50' title="bbox 371 3372 2020 3446; baseline 0.001 -19"><span class='ocrx_word' id='word_1_351' title='bbox 371 3372 625 3443; x_wconf 84' lang='lat' dir='ltr'>Virginis</span> <span class='ocrx_word' id='word_1_352' title='bbox 646 3373 994 3429; x_wconf 89' lang='lat' dir='ltr'>decantabat</span> <span class='ocrx_word' id='word_1_353' title='bbox 1019 3388 1277 3442; x_wconf 91' lang='lat' dir='ltr'>cursum,</span> <span class='ocrx_word' id='word_1_354' title='bbox 1295 3378 1374 3442; x_wconf 90' lang='lat' dir='ltr'>et,</span> <span class='ocrx_word' id='word_1_355' title='bbox 1396 3378 1456 3429; x_wconf 92' lang='lat' dir='ltr'>ut</span> <span class='ocrx_word' id='word_1_356' title='bbox 1472 3378 1599 3444; x_wconf 89' lang='lat' dir='ltr'>post</span> <span class='ocrx_word' id='word_1_357' title='bbox 1625 3373 1833 3446; x_wconf 90' lang='lat' dir='ltr'>patuit,</span> <span class='ocrx_word' id='word_1_358' title='bbox 1857 3377 2020 3429; x_wconf 88' lang='lat' dir='ltr'>totus</span> 
     </span>
    </p>
   </div>
   <div class='ocr_carea' id='block_1_51' title="bbox 370 3461 2021 3533">
    <p class='ocr_par' dir='ltr' id='par_1_51' title="bbox 370 3461 2021 3533">
     <span class='ocr_line' id='line_1_51' title="bbox 370 3461 2021 3533; baseline 0.001 -17"><span class='ocrx_word' id='word_1_359' title='bbox 370 3461 442 3517; x_wconf 89' lang='lat' dir='ltr'>ad</span> <span class='ocrx_word' id='word_1_360' title='bbox 464 3461 672 3519; x_wconf 90' lang='lat' dir='ltr'>altiora</span> <span class='ocrx_word' id='word_1_361' title='bbox 701 3476 886 3533; x_wconf 90' lang='lat' dir='ltr'>penna</span> <span class='ocrx_word' id='word_1_362' title='bbox 903 3462 1232 3518; x_wconf 88' lang='lat' dir='ltr'>devotionis</span> <span class='ocrx_word' id='word_1_363' title='bbox 1257 3462 1595 3533; x_wconf 80' lang='lat' dir='ltr'>subreptus.</span> <span class='ocrx_word' id='word_1_364' title='bbox 1616 3462 1668 3518; x_wconf 93' lang='lat' dir='ltr'>in</span> <span class='ocrx_word' id='word_1_365' title='bbox 1686 3462 1890 3519; x_wconf 90' lang='lat' dir='ltr'>matris</span> <span class='ocrx_word' id='word_1_366' title='bbox 1914 3463 2021 3518; x_wconf 91' lang='lat' dir='ltr'>Do-</span> 
     </span>
    </p>
   </div>
   <div class='ocr_carea' id='block_1_52' title="bbox 374 3549 2021 3622">
    <p class='ocr_par' dir='ltr' id='par_1_52' title="bbox 374 3549 2021 3622">
     <span class='ocr_line' id='line_1_52' title="bbox 374 3549 2021 3622; baseline 0.001 -17"><span class='ocrx_word' id='word_1_367' title='bbox 374 3551 510 3605; x_wconf 91' lang='lat' dir='ltr'>mini</span> <span class='ocrx_word' id='word_1_368' title='bbox 528 3564 590 3606; x_wconf 91' lang='lat' dir='ltr'>se</span> <span class='ocrx_word' id='word_1_369' title='bbox 603 3550 956 3605; x_wconf 85' lang='lat' dir='ltr'>extendebat</span> <span class='ocrx_word' id='word_1_370' title='bbox 978 3549 1267 3607; x_wconf 89' lang='lat' dir='ltr'>laudibus.</span> <span class='ocrx_word' id='word_1_371' title='bbox 1287 3550 1467 3617; x_wconf 89' lang='lat' dir='ltr'>Quem</span> <span class='ocrx_word' id='word_1_372' title='bbox 1492 3550 1755 3622; x_wconf 82' lang='lat' dir='ltr'>pontifex</span> <span class='ocrx_word' id='word_1_373' title='bbox 1776 3550 1901 3606; x_wconf 92' lang='lat' dir='ltr'>solo</span> <span class='ocrx_word' id='word_1_374' title='bbox 1926 3551 2021 3606; x_wconf 91' lang='lat' dir='ltr'>he-</span> 
     </span>
    </p>
   </div>
   <div class='ocr_carea' id='block_1_53' title="bbox 370 3638 2014 3710">
    <p class='ocr_par' dir='ltr' id='par_1_53' title="bbox 370 3638 2014 3710">
     <span class='ocr_line' id='line_1_53' title="bbox 370 3638 2014 3710; baseline 0 -17"><span class='ocrx_word' id='word_1_375' title='bbox 370 3640 593 3694; x_wconf 89' lang='lat' dir='ltr'>rentem</span> <span class='ocrx_word' id='word_1_376' title='bbox 610 3638 718 3693; x_wconf 90' lang='lat' dir='ltr'>sibi</span> <span class='ocrx_word' id='word_1_377' title='bbox 735 3638 1139 3694; x_wconf 89' lang='lat' dir='ltr'>adsurrexisse</span> <span class='ocrx_word' id='word_1_378' title='bbox 1154 3653 1267 3693; x_wconf 91' lang='lat' dir='ltr'>non</span> <span class='ocrx_word' id='word_1_379' title='bbox 1284 3638 1508 3709; x_wconf 87' lang='lat' dir='ltr'>videns,</span> <span class='ocrx_word' id='word_1_380' title='bbox 1529 3638 1673 3709; x_wconf 90' lang='lat' dir='ltr'>pede</span> <span class='ocrx_word' id='word_1_381' title='bbox 1700 3639 2014 3710; x_wconf 89' lang='lat' dir='ltr'>percussit,</span> 
     </span>
    </p>
   </div>
   <div class='ocr_carea' id='block_1_54' title="bbox 370 3725 2017 3799">
    <p class='ocr_par' dir='ltr' id='par_1_54' title="bbox 370 3725 2017 3799">
     <span class='ocr_line' id='line_1_54' title="bbox 370 3725 2017 3799; baseline 0 -18"><span class='ocrx_word' id='word_1_382' title='bbox 370 3726 775 3796; x_wconf 89' lang='lat' dir='ltr'>etutcederet,</span> <span class='ocrx_word' id='word_1_383' title='bbox 801 3741 1011 3782; x_wconf 89' lang='lat' dir='ltr'>vereor</span> <span class='ocrx_word' id='word_1_384' title='bbox 1040 3727 1151 3799; x_wconf 87' lang='lat' dir='ltr'>[ne,</span> <span class='ocrx_word' id='word_1_385' title='bbox 1169 3727 1228 3781; x_wconf 90' lang='lat' dir='ltr'>E.</span> <span class='ocrx_word' id='word_1_386' title='bbox 1246 3725 1331 3796; x_wconf 90' lang='lat' dir='ltr'>P.]</span> <span class='ocrx_word' id='word_1_387' title='bbox 1361 3741 1471 3781; x_wconf 90' lang='lat' dir='ltr'>non</span> <span class='ocrx_word' id='word_1_388' title='bbox 1489 3726 1614 3782; x_wconf 89' lang='lat' dir='ltr'>sine</span> <span class='ocrx_word' id='word_1_389' title='bbox 1631 3727 1822 3797; x_wconf 89' lang='lat' dir='ltr'>aliqua</span> <span class='ocrx_word' id='word_1_390' title='bbox 1845 3727 2017 3782; x_wconf 90' lang='lat' dir='ltr'>animi</span> 
     </span>
    </p>
   </div>
   <div class='ocr_carea' id='block_1_55' title="bbox 370 3812 2019 3885">
    <p class='ocr_par' dir='ltr' id='par_1_55' title="bbox 370 3812 2019 3885">
     <span class='ocr_line' id='line_1_55' title="bbox 370 3812 2019 3885; baseline 0.001 -15"><span class='ocrx_word' id='word_1_391' title='bbox 370 3814 812 3884; x_wconf 87' lang='lat' dir='ltr'>stomacatione,</span> <span class='ocrx_word' id='word_1_392' title='bbox 838 3812 1174 3869; x_wconf 90' lang='lat' dir='ltr'>ammonuit.</span> <span class='ocrx_word' id='word_1_393' title='bbox 1205 3815 1276 3868; x_wconf 82' lang='lat' dir='ltr'>At</span> <span class='ocrx_word' id='word_1_394' title='bbox 1297 3813 1393 3868; x_wconf 91' lang='lat' dir='ltr'>ille</span> <span class='ocrx_word' id='word_1_395' title='bbox 1410 3813 1593 3884; x_wconf 91' lang='lat' dir='ltr'>jussis</span> <span class='ocrx_word' id='word_1_396' title='bbox 1618 3815 1832 3885; x_wconf 90' lang='lat' dir='ltr'>paruit,</span> <span class='ocrx_word' id='word_1_397' title='bbox 1854 3819 1913 3869; x_wconf 91' lang='lat' dir='ltr'>et</span> <span class='ocrx_word' id='word_1_398' title='bbox 1932 3830 2019 3871; x_wconf 91' lang='lat' dir='ltr'>se-</span> 
     </span>
    </p>
   </div>
   <div class='ocr_carea' id='block_1_56' title="bbox 369 3901 2019 3974">
    <p class='ocr_par' dir='ltr' id='par_1_56' title="bbox 369 3901 2019 3974">
     <span class='ocr_line' id='line_1_56' title="bbox 369 3901 2019 3974; baseline 0.001 -17"><span class='ocrx_word' id='word_1_399' title='bbox 369 3902 583 3959; x_wconf 90' lang='lat' dir='ltr'>cedens</span> <span class='ocrx_word' id='word_1_400' title='bbox 607 3902 660 3957; x_wconf 91' lang='lat' dir='ltr'>in</span> <span class='ocrx_word' id='word_1_401' title='bbox 686 3907 932 3973; x_wconf 90' lang='lat' dir='ltr'>partem,</span> <span class='ocrx_word' id='word_1_402' title='bbox 969 3901 1312 3957; x_wconf 88' lang='lat' dir='ltr'>intendebat</span> <span class='ocrx_word' id='word_1_403' title='bbox 1338 3901 1427 3957; x_wconf 91' lang='lat' dir='ltr'>his</span> <span class='ocrx_word' id='word_1_404' title='bbox 1459 3917 1587 3972; x_wconf 74' lang='lat' dir='ltr'>quae</span> <span class='ocrx_word' id='word_1_405' title='bbox 1617 3907 1875 3974; x_wconf 90' lang='lat' dir='ltr'>ceperat.</span> <span class='ocrx_word' id='word_1_406' title='bbox 1913 3904 2019 3959; x_wconf 90' lang='lat' dir='ltr'>Ve-</span> 
     </span>
    </p>
   </div>
   <div class='ocr_carea' id='block_1_57' title="bbox 371 3989 2018 4063">
    <p class='ocr_par' dir='ltr' id='par_1_57' title="bbox 371 3989 2018 4063">
     <span class='ocr_line' id='line_1_57' title="bbox 371 3989 2018 4063; baseline 0.002 -17"><span class='ocrx_word' id='word_1_407' title='bbox 371 4005 497 4047; x_wconf 91' lang='lat' dir='ltr'>rum</span> <span class='ocrx_word' id='word_1_408' title='bbox 531 3989 861 4047; x_wconf 88' lang='lat' dir='ltr'>matutinali</span> <span class='ocrx_word' id='word_1_409' title='bbox 904 3990 1157 4046; x_wconf 90' lang='lat' dir='ltr'>decurso</span> <span class='ocrx_word' id='word_1_410' title='bbox 1198 3989 1407 4060; x_wconf 82' lang='lat' dir='ltr'>oﬁicio,</span> <span class='ocrx_word' id='word_1_411' title='bbox 1452 3990 1549 4047; x_wconf 91' lang='lat' dir='ltr'>ubi</span> <span class='ocrx_word' id='word_1_412' title='bbox 1582 3991 1796 4063; x_wconf 79' lang='lat' dir='ltr'>przesul</span> <span class='ocrx_word' id='word_1_413' title='bbox 1827 3992 2018 4048; x_wconf 89' lang='lat' dir='ltr'>fessos</span> 
     </span>
    </p>
   </div>
   <div class='ocr_carea' id='block_1_58' title="bbox 368 4077 2020 4149">
    <p class='ocr_par' dir='ltr' id='par_1_58' title="bbox 368 4077 2020 4149">
     <span class='ocr_line' id='line_1_58' title="bbox 368 4077 2020 4149; baseline 0.001 -14"><span class='ocrx_word' id='word_1_414' title='bbox 368 4079 574 4135; x_wconf 88' lang='lat' dir='ltr'>stratis</span> <span class='ocrx_word' id='word_1_415' title='bbox 597 4078 803 4135; x_wconf 90' lang='lat' dir='ltr'>indidit</span> <span class='ocrx_word' id='word_1_416' title='bbox 828 4083 1015 4148; x_wconf 89' lang='lat' dir='ltr'>artus,</span> <span class='ocrx_word' id='word_1_417' title='bbox 1043 4077 1204 4135; x_wconf 89' lang='lat' dir='ltr'>adest</span> <span class='ocrx_word' id='word_1_418' title='bbox 1235 4078 1403 4133; x_wconf 87' lang='lat' dir='ltr'>beata</span> <span class='ocrx_word' id='word_1_419' title='bbox 1426 4078 1525 4134; x_wconf 91' lang='lat' dir='ltr'>Dei</span> <span class='ocrx_word' id='word_1_420' title='bbox 1550 4080 1805 4149; x_wconf 86' lang='lat' dir='ltr'>genitrix</span> <span class='ocrx_word' id='word_1_421' title='bbox 1829 4080 2020 4137; x_wconf 89' lang='lat' dir='ltr'>beatis</span> 
     </span>
    </p>
   </div>
   <div class='ocr_carea' id='block_1_59' title="bbox 371 4165 2017 4239">
    <p class='ocr_par' dir='ltr' id='par_1_59' title="bbox 371 4165 2017 4239">
     <span class='ocr_line' id='line_1_59' title="bbox 371 4165 2017 4239; baseline 0.002 -17"><span class='ocrx_word' id='word_1_422' title='bbox 371 4168 577 4224; x_wconf 88' lang='lat' dir='ltr'>dextra</span> <span class='ocrx_word' id='word_1_423' title='bbox 611 4166 851 4238; x_wconf 88' lang='lat' dir='ltr'>levaque</span> <span class='ocrx_word' id='word_1_424' title='bbox 871 4166 1145 4223; x_wconf 89' lang='lat' dir='ltr'>comitata</span> <span class='ocrx_word' id='word_1_425' title='bbox 1168 4165 1496 4236; x_wconf 88' lang='lat' dir='ltr'>virginibus</span> <span class='ocrx_word' id='word_1_426' title='bbox 1527 4170 1685 4238; x_wconf 84' lang='lat' dir='ltr'>Agne</span> <span class='ocrx_word' id='word_1_427' title='bbox 1719 4173 1895 4239; x_wconf 89' lang='lat' dir='ltr'>atque</span> <span class='ocrx_word' id='word_1_428' title='bbox 1918 4171 2017 4225; x_wconf 88' lang='lat' dir='ltr'>Te-</span> 
     </span>
    </p>
   </div>
   <div class='ocr_carea' id='block_1_60' title="bbox 370 4255 2015 4328">
    <p class='ocr_par' dir='ltr' id='par_1_60' title="bbox 370 4255 2015 4328">
     <span class='ocr_line' id='line_1_60' title="bbox 370 4255 2015 4328; baseline -0.001 -16"><span class='ocrx_word' id='word_1_429' title='bbox 370 4256 485 4325; x_wconf 90' lang='lat' dir='ltr'>cla,</span> <span class='ocrx_word' id='word_1_430' title='bbox 515 4270 584 4312; x_wconf 89' lang='lat' dir='ltr'>eo</span> <span class='ocrx_word' id='word_1_431' title='bbox 613 4255 811 4313; x_wconf 88' lang='lat' dir='ltr'>habitu</span> <span class='ocrx_word' id='word_1_432' title='bbox 844 4259 1020 4326; x_wconf 88' lang='lat' dir='ltr'>atque</span> <span class='ocrx_word' id='word_1_433' title='bbox 1053 4255 1284 4311; x_wconf 89' lang='lat' dir='ltr'>decenti</span> <span class='ocrx_word' id='word_1_434' title='bbox 1317 4262 1601 4327; x_wconf 89' lang='lat' dir='ltr'>apparatu</span> <span class='ocrx_word' id='word_1_435' title='bbox 1635 4272 1748 4328; x_wconf 90' lang='lat' dir='ltr'>quo</span> <span class='ocrx_word' id='word_1_436' title='bbox 1779 4256 2015 4326; x_wconf 87' lang='lat' dir='ltr'>agnosci</span> 
     </span>
    </p>
   </div>
   <div class='ocr_carea' id='block_1_61' title="bbox 372 4344 2013 4417">
    <p class='ocr_par' dir='ltr' id='par_1_61' title="bbox 372 4344 2013 4417">
     <span class='ocr_line' id='line_1_61' title="bbox 372 4344 2013 4417; baseline 0.001 -17"><span class='ocrx_word' id='word_1_437' title='bbox 372 4347 573 4416; x_wconf 85' lang='lat' dir='ltr'>posset</span> <span class='ocrx_word' id='word_1_438' title='bbox 611 4346 680 4401; x_wconf 90' lang='lat' dir='ltr'>ab</span> <span class='ocrx_word' id='word_1_439' title='bbox 712 4344 1187 4401; x_wconf 89' lang='lat' dir='ltr'>omnibusmater</span> <span class='ocrx_word' id='word_1_440' title='bbox 1208 4347 1270 4399; x_wconf 90' lang='lat' dir='ltr'>et</span> <span class='ocrx_word' id='word_1_441' title='bbox 1291 4359 1498 4415; x_wconf 89' lang='lat' dir='ltr'>sponsa</span> <span class='ocrx_word' id='word_1_442' title='bbox 1533 4345 1708 4415; x_wconf 82' lang='lat' dir='ltr'>Regis</span> <span class='ocrx_word' id='word_1_443' title='bbox 1737 4346 2013 4417; x_wconf 90' lang='lat' dir='ltr'>omnium,</span> 
     </span>
    </p>
   </div>
   <div class='ocr_carea' id='block_1_62' title="bbox 371 4432 2018 4506">
    <p class='ocr_par' dir='ltr' id='par_1_62' title="bbox 371 4432 2018 4506">
     <span class='ocr_line' id='line_1_62' title="bbox 371 4432 2018 4506; baseline -0.001 -16"><span class='ocrx_word' id='word_1_444' title='bbox 371 4433 531 4490; x_wconf 89' lang='lat' dir='ltr'>salus</span> <span class='ocrx_word' id='word_1_445' title='bbox 556 4438 615 4489; x_wconf 91' lang='lat' dir='ltr'>et</span> <span class='ocrx_word' id='word_1_446' title='bbox 639 4432 888 4489; x_wconf 87' lang='lat' dir='ltr'>dulcedo</span> <span class='ocrx_word' id='word_1_447' title='bbox 914 4432 1189 4490; x_wconf 90' lang='lat' dir='ltr'>ﬁdelium.</span> <span class='ocrx_word' id='word_1_448' title='bbox 1229 4433 1482 4504; x_wconf 89' lang='lat' dir='ltr'>Cumque</span> <span class='ocrx_word' id='word_1_449' title='bbox 1502 4432 1655 4489; x_wconf 91' lang='lat' dir='ltr'>lecto</span> <span class='ocrx_word' id='word_1_450' title='bbox 1679 4434 1862 4506; x_wconf 89' lang='lat' dir='ltr'>ipsius</span> <span class='ocrx_word' id='word_1_451' title='bbox 1882 4434 2018 4491; x_wconf 88' lang='lat' dir='ltr'>asti-</span> 
     </span>
    </p>
   </div>
   <div class='ocr_carea' id='block_1_63' title="bbox 370 4520 2018 4591">
    <p class='ocr_par' dir='ltr' id='par_1_63' title="bbox 370 4520 2018 4591">
     <span class='ocr_line' id='line_1_63' title="bbox 370 4520 2018 4591; baseline 0 -14"><span class='ocrx_word' id='word_1_452' title='bbox 370 4522 565 4591; x_wconf 90' lang='lat' dir='ltr'>tisset,</span> <span class='ocrx_word' id='word_1_453' title='bbox 599 4525 659 4578; x_wconf 90' lang='lat' dir='ltr'>et</span> <span class='ocrx_word' id='word_1_454' title='bbox 684 4521 937 4591; x_wconf 91' lang='lat' dir='ltr'>jacentis</span> <span class='ocrx_word' id='word_1_455' title='bbox 968 4521 1195 4577; x_wconf 90' lang='lat' dir='ltr'>animus</span> <span class='ocrx_word' id='word_1_456' title='bbox 1219 4520 1289 4576; x_wconf 90' lang='lat' dir='ltr'>ad</span> <span class='ocrx_word' id='word_1_457' title='bbox 1313 4526 1492 4577; x_wconf 67' lang='lat' dir='ltr'>tanta-3</span> <span class='ocrx_word' id='word_1_458' title='bbox 1522 4521 1763 4579; x_wconf 91' lang='lat' dir='ltr'>visionis</span> <span class='ocrx_word' id='word_1_459' title='bbox 1793 4521 2018 4578; x_wconf 88' lang='lat' dir='ltr'>novita-</span> 
     </span>
    </p>
   </div>
   <div class='ocr_carea' id='block_1_64' title="bbox 369 4600 2101 4682">
    <p class='ocr_par' dir='ltr' id='par_1_64' title="bbox 369 4600 2101 4682">
     <span class='ocr_line' id='line_1_64' title="bbox 369 4600 2101 4682; baseline -0.001 -17"><span class='ocrx_word' id='word_1_460' title='bbox 369 4614 488 4667; x_wconf 89' lang='lat' dir='ltr'>tem</span> <span class='ocrx_word' id='word_1_461' title='bbox 541 4614 789 4682; x_wconf 89' lang='lat' dir='ltr'>stupens</span> <span class='ocrx_word' id='word_1_462' title='bbox 832 4611 1092 4679; x_wconf 89' lang='lat' dir='ltr'>hereret,</span> <span class='ocrx_word' id='word_1_463' title='bbox 1129 4610 1201 4665; x_wconf 91' lang='lat' dir='ltr'>ab</span> <span class='ocrx_word' id='word_1_464' title='bbox 1232 4609 1433 4665; x_wconf 90' lang='lat' dir='ltr'>eadem</span> <span class='ocrx_word' id='word_1_465' title='bbox 1485 4610 1679 4679; x_wconf 85' lang='lat' dir='ltr'>regina</span> <span class='ocrx_word' id='word_1_466' title='bbox 1728 4610 2016 4681; x_wconf 88' lang='lat' dir='ltr'>virginum</span> <span class='ocrx_word' id='word_1_467' title='bbox 2044 4600 2101 4664; x_wconf 93' lang='lat' dir='ltr'>D</span> 
     </span>
    </p>
   </div>
   <div class='ocr_carea' id='block_1_65' title="bbox 370 4696 2019 4769">
    <p class='ocr_par' dir='ltr' id='par_1_65' title="bbox 370 4696 2019 4769">
     <span class='ocr_line' id='line_1_65' title="bbox 370 4696 2019 4769; baseline 0.002 -15"><span class='ocrx_word' id='word_1_468' title='bbox 370 4697 581 4755; x_wconf 88' lang='lat' dir='ltr'>blande</span> <span class='ocrx_word' id='word_1_469' title='bbox 604 4703 695 4754; x_wconf 90' lang='lat' dir='ltr'>est</span> <span class='ocrx_word' id='word_1_470' title='bbox 718 4696 1043 4769; x_wconf 89' lang='lat' dir='ltr'>requisitus</span> <span class='ocrx_word' id='word_1_471' title='bbox 1064 4713 1194 4753; x_wconf 90' lang='lat' dir='ltr'>cum</span> <span class='ocrx_word' id='word_1_472' title='bbox 1222 4697 1499 4755; x_wconf 91' lang='lat' dir='ltr'>clericum</span> <span class='ocrx_word' id='word_1_473' title='bbox 1528 4713 1692 4755; x_wconf 91' lang='lat' dir='ltr'>suum</span> <span class='ocrx_word' id='word_1_474' title='bbox 1719 4699 1827 4755; x_wconf 91' lang='lat' dir='ltr'>sibi</span> <span class='ocrx_word' id='word_1_475' title='bbox 1848 4700 2019 4757; x_wconf 90' lang='lat' dir='ltr'>devo-</span> 
     </span>
    </p>
   </div>
   <div class='ocr_carea' id='block_1_66' title="bbox 366 4785 2014 4859">
    <p class='ocr_par' dir='ltr' id='par_1_66' title="bbox 366 4785 2014 4859">
     <span class='ocr_line' id='line_1_66' title="bbox 366 4785 2014 4859; baseline 0.001 -18"><span class='ocrx_word' id='word_1_476' title='bbox 366 4790 512 4857; x_wconf 89' lang='lat' dir='ltr'>tum,</span> <span class='ocrx_word' id='word_1_477' title='bbox 570 4800 765 4843; x_wconf 90' lang='lat' dir='ltr'>secum</span> <span class='ocrx_word' id='word_1_478' title='bbox 818 4785 1174 4856; x_wconf 90' lang='lat' dir='ltr'>loquentem,</span> <span class='ocrx_word' id='word_1_479' title='bbox 1219 4786 1291 4841; x_wconf 93' lang='lat' dir='ltr'>ad</span> <span class='ocrx_word' id='word_1_480' title='bbox 1323 4801 1384 4842; x_wconf 91' lang='lat' dir='ltr'>se</span> <span class='ocrx_word' id='word_1_481' title='bbox 1418 4791 1605 4844; x_wconf 89' lang='lat' dir='ltr'>totum</span> <span class='ocrx_word' id='word_1_482' title='bbox 1653 4802 2014 4859; x_wconf 88' lang='lat' dir='ltr'>suspensum,</span> 
     </span>
    </p>
   </div>
   <div class='ocr_carea' id='block_1_67' title="bbox 369 4873 2019 4948">
    <p class='ocr_par' dir='ltr' id='par_1_67' title="bbox 369 4873 2019 4948">
     <span class='ocr_line' id='line_1_67' title="bbox 369 4873 2019 4948; baseline 0.001 -17"><span class='ocrx_word' id='word_1_483' title='bbox 369 4874 516 4948; x_wconf 88' lang='lat' dir='ltr'>pede</span> <span class='ocrx_word' id='word_1_484' title='bbox 546 4873 926 4947; x_wconf 88' lang='lat' dir='ltr'>percusserit,</span> <span class='ocrx_word' id='word_1_485' title='bbox 951 4879 1013 4929; x_wconf 89' lang='lat' dir='ltr'>et</span> <span class='ocrx_word' id='word_1_486' title='bbox 1037 4874 1109 4930; x_wconf 90' lang='lat' dir='ltr'>de</span> <span class='ocrx_word' id='word_1_487' title='bbox 1142 4873 1292 4944; x_wconf 90' lang='lat' dir='ltr'>loco,</span> <span class='ocrx_word' id='word_1_488' title='bbox 1325 4889 1440 4944; x_wconf 89' lang='lat' dir='ltr'>quo</span> <span class='ocrx_word' id='word_1_489' title='bbox 1471 4876 1523 4931; x_wconf 90' lang='lat' dir='ltr'>ei</span> <span class='ocrx_word' id='word_1_490' title='bbox 1558 4876 1809 4947; x_wconf 87' lang='lat' dir='ltr'>astabat,</span> <span class='ocrx_word' id='word_1_491' title='bbox 1836 4876 2019 4932; x_wconf 91' lang='lat' dir='ltr'>demi-</span> 
     </span>
    </p>
   </div>
   <div class='ocr_carea' id='block_1_68' title="bbox 367 4961 2019 5035">
    <p class='ocr_par' dir='ltr' id='par_1_68' title="bbox 367 4961 2019 5035">
     <span class='ocr_line' id='line_1_68' title="bbox 367 4961 2019 5035; baseline 0.001 -16"><span class='ocrx_word' id='word_1_492' title='bbox 367 4977 541 5034; x_wconf 85' lang='lat' dir='ltr'>grare</span> <span class='ocrx_word' id='word_1_493' title='bbox 569 4962 851 5032; x_wconf 87' lang='lat' dir='ltr'>coegerit,</span> <span class='ocrx_word' id='word_1_494' title='bbox 883 4961 1368 5033; x_wconf 90' lang='lat' dir='ltr'>devotionemque</span> <span class='ocrx_word' id='word_1_495' title='bbox 1398 4963 1541 5034; x_wconf 91' lang='lat' dir='ltr'>ejus,</span> <span class='ocrx_word' id='word_1_496' title='bbox 1570 4978 1680 5035; x_wconf 88' lang='lat' dir='ltr'>qua</span> <span class='ocrx_word' id='word_1_497' title='bbox 1705 4978 1901 5021; x_wconf 90' lang='lat' dir='ltr'>secum</span> <span class='ocrx_word' id='word_1_498' title='bbox 1929 4969 2019 5021; x_wconf 81' lang='lat' dir='ltr'>to-</span> 
     </span>
    </p>
   </div>
   <div class='ocr_carea' id='block_1_69' title="bbox 370 5050 2018 5122">
    <p class='ocr_par' dir='ltr' id='par_1_69' title="bbox 370 5050 2018 5122">
     <span class='ocr_line' id='line_1_69' title="bbox 370 5050 2018 5122; baseline 0.002 -15"><span class='ocrx_word' id='word_1_499' title='bbox 370 5056 466 5108; x_wconf 90' lang='lat' dir='ltr'>tus</span> <span class='ocrx_word' id='word_1_500' title='bbox 493 5052 718 5121; x_wconf 88' lang='lat' dir='ltr'>aderat,</span> <span class='ocrx_word' id='word_1_501' title='bbox 772 5050 1124 5122; x_wconf 88' lang='lat' dir='ltr'>impedierit.</span> <span class='ocrx_word' id='word_1_502' title='bbox 1160 5051 1284 5118; x_wconf 88' lang='lat' dir='ltr'>Quo</span> <span class='ocrx_word' id='word_1_503' title='bbox 1316 5051 1526 5108; x_wconf 89' lang='lat' dir='ltr'>silente</span> <span class='ocrx_word' id='word_1_504' title='bbox 1557 5058 1619 5108; x_wconf 92' lang='lat' dir='ltr'>et</span> <span class='ocrx_word' id='word_1_505' title='bbox 1648 5052 1868 5109; x_wconf 87' lang='lat' dir='ltr'>vultum</span> <span class='ocrx_word' id='word_1_506' title='bbox 1904 5068 2018 5110; x_wconf 90' lang='lat' dir='ltr'>ma-</span> 
     </span>
    </p>
   </div>
   <div class='ocr_carea' id='block_1_70' title="bbox 370 5138 2019 5212">
    <p class='ocr_par' dir='ltr' id='par_1_70' title="bbox 370 5138 2019 5212">
     <span class='ocr_line' id='line_1_70' title="bbox 370 5138 2019 5212; baseline 0.002 -18"><span class='ocrx_word' id='word_1_507' title='bbox 370 5139 481 5196; x_wconf 84' lang='lat' dir='ltr'>tris</span> <span class='ocrx_word' id='word_1_508' title='bbox 503 5139 927 5196; x_wconf 69' lang='lat' dir='ltr'>misericordiae</span> <span class='ocrx_word' id='word_1_509' title='bbox 951 5138 1309 5196; x_wconf 89' lang='lat' dir='ltr'>conscientia</span> <span class='ocrx_word' id='word_1_510' title='bbox 1333 5140 1563 5212; x_wconf 89' lang='lat' dir='ltr'>trepida</span> <span class='ocrx_word' id='word_1_511' title='bbox 1589 5142 1883 5212; x_wconf 89' lang='lat' dir='ltr'>respicere</span> <span class='ocrx_word' id='word_1_512' title='bbox 1909 5142 2019 5198; x_wconf 88' lang='lat' dir='ltr'>for-</span> 
     </span>
    </p>
   </div>
   <div class='ocr_carea' id='block_1_71' title="bbox 370 5226 2018 5299">
    <p class='ocr_par' dir='ltr' id='par_1_71' title="bbox 370 5226 2018 5299">
     <span class='ocr_line' id='line_1_71' title="bbox 370 5226 2018 5299; baseline 0.002 -17"><span class='ocrx_word' id='word_1_513' title='bbox 370 5227 646 5299; x_wconf 86' lang='lat' dir='ltr'>midante,</span> <span class='ocrx_word' id='word_1_514' title='bbox 701 5228 805 5285; x_wconf 90' lang='lat' dir='ltr'>sed</span> <span class='ocrx_word' id='word_1_515' title='bbox 856 5234 1047 5284; x_wconf 89' lang='lat' dir='ltr'>tamen</span> <span class='ocrx_word' id='word_1_516' title='bbox 1079 5227 1149 5284; x_wconf 89' lang='lat' dir='ltr'>de</span> <span class='ocrx_word' id='word_1_517' title='bbox 1180 5228 1310 5299; x_wconf 91' lang='lat' dir='ltr'>ejus</span> <span class='ocrx_word' id='word_1_518' title='bbox 1336 5226 1736 5286; x_wconf 88' lang='lat' dir='ltr'>misericordia</span> <span class='ocrx_word' id='word_1_519' title='bbox 1782 5244 1891 5285; x_wconf 92' lang='lat' dir='ltr'>non</span> <span class='ocrx_word' id='word_1_520' title='bbox 1923 5230 2018 5286; x_wconf 90' lang='lat' dir='ltr'>de-</span> 
     </span>
    </p>
   </div>
   <div class='ocr_carea' id='block_1_72' title="bbox 372 5316 2016 5389">
    <p class='ocr_par' dir='ltr' id='par_1_72' title="bbox 372 5316 2016 5389">
     <span class='ocr_line' id='line_1_72' title="bbox 372 5316 2016 5389; baseline 0.002 -18"><span class='ocrx_word' id='word_1_521' title='bbox 372 5320 669 5386; x_wconf 88' lang='lat' dir='ltr'>sperante,</span> <span class='ocrx_word' id='word_1_522' title='bbox 695 5317 772 5371; x_wconf 90' lang='lat' dir='ltr'>ait</span> <span class='ocrx_word' id='word_1_523' title='bbox 799 5316 1095 5386; x_wconf 87' lang='lat' dir='ltr'>singulare</span> <span class='ocrx_word' id='word_1_524' title='bbox 1126 5316 1473 5372; x_wconf 90' lang='lat' dir='ltr'>miserorum</span> <span class='ocrx_word' id='word_1_525' title='bbox 1505 5316 1856 5388; x_wconf 87' lang='lat' dir='ltr'>confugium,</span> <span class='ocrx_word' id='word_1_526' title='bbox 1883 5333 2016 5389; x_wconf 91' lang='lat' dir='ltr'>spes</span> 
     </span>
    </p>
   </div>
   <div class='ocr_carea' id='block_1_73' title="bbox 370 5403 2018 5475">
    <p class='ocr_par' dir='ltr' id='par_1_73' title="bbox 370 5403 2018 5475">
     <span class='ocr_line' id='line_1_73' title="bbox 370 5403 2018 5475; baseline 0.004 -17"><span class='ocrx_word' id='word_1_527' title='bbox 370 5405 429 5458; x_wconf 89' lang='lat' dir='ltr'>et</span> <span class='ocrx_word' id='word_1_528' title='bbox 462 5403 786 5459; x_wconf 88' lang='lat' dir='ltr'>consolatio</span> <span class='ocrx_word' id='word_1_529' title='bbox 819 5404 1119 5462; x_wconf 87' lang='lat' dir='ltr'>humilium</span> <span class='ocrx_word' id='word_1_530' title='bbox 1145 5424 1157 5459; x_wconf 87' lang='lat'><strong>:</strong></span> <span class='ocrx_word' id='word_1_531' title='bbox 1183 5406 1342 5462; x_wconf 79' lang='lat' dir='ltr'>Bene</span> <span class='ocrx_word' id='word_1_532' title='bbox 1361 5405 1600 5475; x_wconf 75' lang='lat' dir='ltr'>quidem</span> <span class='ocrx_word' id='word_1_533' title='bbox 1620 5406 1806 5462; x_wconf 71' lang='lat' dir='ltr'>michi</span> <span class='ocrx_word' id='word_1_534' title='bbox 1834 5409 2018 5464; x_wconf 45' lang='lat' dir='ltr'>serci‘</span> 
     </span>
    </p>
   </div>
   <div class='ocr_carea' id='block_1_74' title="bbox 367 5486 2016 5562">
    <p class='ocr_par' dir='ltr' id='par_1_74' title="bbox 367 5486 2016 5562">
     <span class='ocr_line' id='line_1_74' title="bbox 367 5486 2016 5562; baseline 0.004 -16"><span class='ocrx_word' id='word_1_535' title='bbox 367 5488 471 5560; x_wconf 87' lang='lat' dir='ltr'>sti,</span> <span class='ocrx_word' id='word_1_536' title='bbox 490 5486 629 5547; x_wconf 73' lang='lat' dir='ltr'>bene</span> <span class='ocrx_word' id='word_1_537' title='bbox 640 5490 707 5549; x_wconf 77' lang='lat' dir='ltr'>in</span> <span class='ocrx_word' id='word_1_538' title='bbox 717 5492 983 5551; x_wconf 59' lang='lat' dir='ltr'>ecclesia</span> <span class='ocrx_word' id='word_1_539' title='bbox 996 5505 1129 5550; x_wconf 84' lang='lat' dir='ltr'>mea</span> <span class='ocrx_word' id='word_1_540' title='bbox 1147 5491 1459 5562; x_wconf 66' lang='lat' dir='ltr'>lacerasti,</span> <span class='ocrx_word' id='word_1_541' title='bbox 1479 5493 1583 5550; x_wconf 78' lang='lat' dir='ltr'>sed</span> <span class='ocrx_word' id='word_1_542' title='bbox 1596 5507 1753 5551; x_wconf 75' lang='lat' dir='ltr'>nunc</span> <span class='ocrx_word' id='word_1_543' title='bbox 1768 5494 1836 5550; x_wconf 81' lang='lat' dir='ltr'>at</span> <span class='ocrx_word' id='word_1_544' title='bbox 1850 5495 2016 5552; x_wconf 73' lang='lat' dir='ltr'>homo</span> 
     </span>
    </p>
   </div>
   <div class='ocr_carea' id='block_1_75' title="bbox 370 5578 2017 5653">
    <p class='ocr_par' dir='ltr' id='par_1_75' title="bbox 370 5578 2017 5653">
     <span class='ocr_line' id='line_1_75' title="bbox 370 5578 2017 5653; baseline 0.005 -19"><span class='ocrx_word' id='word_1_545' title='bbox 370 5578 611 5649; x_wconf 82' lang='lat' dir='ltr'>errasti,</span> <span class='ocrx_word' id='word_1_546' title='bbox 642 5579 703 5637; x_wconf 80' lang='lat' dir='ltr'>et</span> <span class='ocrx_word' id='word_1_547' title='bbox 724 5580 941 5639; x_wconf 78' lang='lat' dir='ltr'>melius</span> <span class='ocrx_word' id='word_1_548' title='bbox 962 5580 1054 5638; x_wconf 84' lang='lat' dir='ltr'>est</span> <span class='ocrx_word' id='word_1_549' title='bbox 1076 5580 1153 5638; x_wconf 77' lang='lat' dir='ltr'>at</span> <span class='ocrx_word' id='word_1_550' title='bbox 1186 5593 1345 5638; x_wconf 73' lang='lat' dir='ltr'>nunc</span> <span class='ocrx_word' id='word_1_551' title='bbox 1373 5581 1563 5639; x_wconf 84' lang='lat' dir='ltr'>errati</span> <span class='ocrx_word' id='word_1_552' title='bbox 1580 5595 1805 5653; x_wconf 75' lang='lat' dir='ltr'>penam</span> <span class='ocrx_word' id='word_1_553' title='bbox 1829 5585 2017 5643; x_wconf 76' lang='lat' dir='ltr'>susci-</span> 
     </span>
    </p>
   </div>
   <div class='ocr_carea' id='block_1_76' title="bbox 366 5662 2015 5744">
    <p class='ocr_par' dir='ltr' id='par_1_76' title="bbox 366 5662 2015 5744">
     <span class='ocr_line' id='line_1_76' title="bbox 366 5662 2015 5744; baseline 0.004 -21"><span class='ocrx_word' id='word_1_554' title='bbox 366 5666 525 5736; x_wconf 76' lang='lat' dir='ltr'>pias,</span> <span class='ocrx_word' id='word_1_555' title='bbox 549 5666 824 5740; x_wconf 72' lang='lat' dir='ltr'>abipeaa</span> <span class='ocrx_word' id='word_1_556' title='bbox 844 5670 1034 5727; x_wconf 79' lang='lat' dir='ltr'>omnis</span> <span class='ocrx_word' id='word_1_557' title='bbox 1042 5669 1198 5741; x_wconf 69' lang='lat' dir='ltr'>ﬁnis</span> <span class='ocrx_word' id='word_1_558' title='bbox 1219 5666 1598 5743; x_wconf 67' lang='lat' dir='ltr'>estobaozia,</span> <span class='ocrx_word' id='word_1_559' title='bbox 1621 5662 1806 5744; x_wconf 62' lang='lat' dir='ltr'>quam</span> <span class='ocrx_word' id='word_1_560' title='bbox 1831 5672 2015 5743; x_wconf 70' lang='lat' dir='ltr'>infa-</span> 
     </span>
    </p>
   </div>
   <div class='ocr_carea' id='block_1_77' title="bbox 2131 1953 3793 2027">
    <p class='ocr_par' dir='ltr' id='par_1_77' title="bbox 2131 1953 3793 2027">
     <span class='ocr_line' id='line_1_77' title="bbox 2131 1953 3793 2027; baseline 0.004 -19"><span class='ocrx_word' id='word_1_561' title='bbox 2131 1954 2187 2008; x_wconf 91' lang='lat' dir='ltr'>in</span> <span class='ocrx_word' id='word_1_562' title='bbox 2217 1953 2576 2011; x_wconf 90' lang='lat' dir='ltr'>domesticos</span> <span class='ocrx_word' id='word_1_563' title='bbox 2610 1960 2869 2025; x_wconf 85' lang='lat' dir='ltr'>paratam</span> <span class='ocrx_word' id='word_1_564' title='bbox 2907 1957 3137 2013; x_wconf 89' lang='lat' dir='ltr'>ulcisci!</span> <span class='ocrx_word' id='word_1_565' title='bbox 3177 1956 3536 2013; x_wconf 90' lang='lat' dir='ltr'>Claudicavit</span> <span class='ocrx_word' id='word_1_566' title='bbox 3578 1958 3793 2027; x_wconf 87' lang='lat' dir='ltr'>itaque</span> 
     </span>
    </p>
   </div>
   <div class='ocr_carea' id='block_1_78' title="bbox 2131 2042 3792 2116">
    <p class='ocr_par' dir='ltr' id='par_1_78' title="bbox 2131 2042 3792 2116">
     <span class='ocr_line' id='line_1_78' title="bbox 2131 2042 3792 2116; baseline 0.003 -19"><span class='ocrx_word' id='word_1_567' title='bbox 2131 2042 2464 2114; x_wconf 90' lang='lat' dir='ltr'>episcopus,</span> <span class='ocrx_word' id='word_1_568' title='bbox 2500 2044 2631 2114; x_wconf 90' lang='lat' dir='ltr'>quia</span> <span class='ocrx_word' id='word_1_569' title='bbox 2666 2050 2858 2100; x_wconf 91' lang='lat' dir='ltr'>motus</span> <span class='ocrx_word' id='word_1_570' title='bbox 2879 2049 2965 2101; x_wconf 90' lang='lat' dir='ltr'>est</span> <span class='ocrx_word' id='word_1_571' title='bbox 3001 2046 3071 2101; x_wconf 92' lang='lat' dir='ltr'>ad</span> <span class='ocrx_word' id='word_1_572' title='bbox 3096 2045 3363 2116; x_wconf 89' lang='lat' dir='ltr'>injuriam</span> <span class='ocrx_word' id='word_1_573' title='bbox 3394 2045 3641 2116; x_wconf 86' lang='lat' dir='ltr'>proximi</span> <span class='ocrx_word' id='word_1_574' title='bbox 3680 2061 3792 2116; x_wconf 89' lang='lat' dir='ltr'>pes</span> 
     </span>
    </p>
   </div>
   <div class='ocr_carea' id='block_1_79' title="bbox 2131 2129 3785 2205">
    <p class='ocr_par' dir='ltr' id='par_1_79' title="bbox 2131 2129 3785 2205">
     <span class='ocr_line' id='line_1_79' title="bbox 2131 2129 3785 2205; baseline 0.002 -20"><span class='ocrx_word' id='word_1_575' title='bbox 2131 2129 2277 2200; x_wconf 88' lang='lat' dir='ltr'>ejus,</span> <span class='ocrx_word' id='word_1_576' title='bbox 2314 2136 2371 2187; x_wconf 89' lang='lat' dir='ltr'>et</span> <span class='ocrx_word' id='word_1_577' title='bbox 2403 2132 2569 2188; x_wconf 77' lang='lat' dir='ltr'>eﬂ‘usi</span> <span class='ocrx_word' id='word_1_578' title='bbox 2604 2138 2736 2188; x_wconf 92' lang='lat' dir='ltr'>sunt</span> <span class='ocrx_word' id='word_1_579' title='bbox 2763 2146 3007 2203; x_wconf 86' lang='lat' dir='ltr'>gressus</span> <span class='ocrx_word' id='word_1_580' title='bbox 3028 2133 3169 2202; x_wconf 86' lang='lat' dir='ltr'>ejus.</span> <span class='ocrx_word' id='word_1_581' title='bbox 3199 2133 3306 2188; x_wconf 90' lang='lat' dir='ltr'>Sed</span> <span class='ocrx_word' id='word_1_582' title='bbox 3332 2133 3530 2189; x_wconf 91' lang='lat' dir='ltr'>didicit</span> <span class='ocrx_word' id='word_1_583' title='bbox 3561 2133 3619 2188; x_wconf 91' lang='lat' dir='ltr'>in</span> <span class='ocrx_word' id='word_1_584' title='bbox 3655 2134 3785 2205; x_wconf 88' lang='lat' dir='ltr'>ipsa</span> 
     </span>
    </p>
   </div>
   <div class='ocr_carea' id='block_1_80' title="bbox 2132 2219 3785 2292">
    <p class='ocr_par' dir='ltr' id='par_1_80' title="bbox 2132 2219 3785 2292">
     <span class='ocr_line' id='line_1_80' title="bbox 2132 2219 3785 2292; baseline 0.002 -19"><span class='ocrx_word' id='word_1_585' title='bbox 2132 2233 2234 2274; x_wconf 90' lang='lat' dir='ltr'>sua</span> <span class='ocrx_word' id='word_1_586' title='bbox 2271 2219 2609 2276; x_wconf 86' lang='lat' dir='ltr'>inﬁrmitate</span> <span class='ocrx_word' id='word_1_587' title='bbox 2632 2236 2869 2290; x_wconf 89' lang='lat' dir='ltr'>gressus</span> <span class='ocrx_word' id='word_1_588' title='bbox 2901 2226 3093 2277; x_wconf 89' lang='lat' dir='ltr'>rectos</span> <span class='ocrx_word' id='word_1_589' title='bbox 3128 2222 3336 2291; x_wconf 87' lang='lat' dir='ltr'>facere,</span> <span class='ocrx_word' id='word_1_590' title='bbox 3364 2222 3481 2291; x_wconf 87' lang='lat' dir='ltr'>ubi,</span> <span class='ocrx_word' id='word_1_591' title='bbox 3512 2221 3663 2292; x_wconf 90' lang='lat' dir='ltr'>quod</span> <span class='ocrx_word' id='word_1_592' title='bbox 3691 2236 3785 2277; x_wconf 89' lang='lat' dir='ltr'>ar-</span> 
     </span>
    </p>
   </div>
   <div class='ocr_carea' id='block_1_81' title="bbox 2132 2307 3778 2380">
    <p class='ocr_par' dir='ltr' id='par_1_81' title="bbox 2132 2307 3778 2380">
     <span class='ocr_line' id='line_1_81' title="bbox 2132 2307 3778 2380; baseline 0.002 -19"><span class='ocrx_word' id='word_1_593' title='bbox 2132 2308 2394 2377; x_wconf 89' lang='lat' dir='ltr'>rogantia</span> <span class='ocrx_word' id='word_1_594' title='bbox 2426 2307 2771 2380; x_wconf 88' lang='lat' dir='ltr'>deliquerat,</span> <span class='ocrx_word' id='word_1_595' title='bbox 2817 2309 3042 2366; x_wconf 92' lang='lat' dir='ltr'>studuit</span> <span class='ocrx_word' id='word_1_596' title='bbox 3078 2309 3407 2365; x_wconf 89' lang='lat' dir='ltr'>humilitate</span> <span class='ocrx_word' id='word_1_597' title='bbox 3452 2310 3778 2380; x_wconf 88' lang='lat' dir='ltr'>corrigere.</span> 
     </span>
    </p>
   </div>
   <div class='ocr_carea' id='block_1_82' title="bbox 2130 2395 3784 2469">
    <p class='ocr_par' dir='ltr' id='par_1_82' title="bbox 2130 2395 3784 2469">
     <span class='ocr_line' id='line_1_82' title="bbox 2130 2395 3784 2469; baseline 0.002 -19"><span class='ocrx_word' id='word_1_598' title='bbox 2130 2395 2290 2451; x_wconf 87' lang='lat' dir='ltr'>Mane</span> <span class='ocrx_word' id='word_1_599' title='bbox 2324 2396 2539 2452; x_wconf 91' lang='lat' dir='ltr'>etenim</span> <span class='ocrx_word' id='word_1_600' title='bbox 2577 2398 2749 2468; x_wconf 84' lang='lat' dir='ltr'>facto,</span> <span class='ocrx_word' id='word_1_601' title='bbox 2775 2413 2904 2454; x_wconf 92' lang='lat' dir='ltr'>cum</span> <span class='ocrx_word' id='word_1_602' title='bbox 2930 2397 3101 2453; x_wconf 88' lang='lat' dir='ltr'>ﬁdem</span> <span class='ocrx_word' id='word_1_603' title='bbox 3134 2399 3329 2453; x_wconf 89' lang='lat' dir='ltr'>verbis</span> <span class='ocrx_word' id='word_1_604' title='bbox 3361 2399 3575 2454; x_wconf 89' lang='lat' dir='ltr'>faceret</span> <span class='ocrx_word' id='word_1_605' title='bbox 3606 2413 3784 2469; x_wconf 82' lang='lat' dir='ltr'>poena</span> 
     </span>
    </p>
   </div>
   <div class='ocr_carea' id='block_1_83' title="bbox 2132 2484 3787 2556">
    <p class='ocr_par' dir='ltr' id='par_1_83' title="bbox 2132 2484 3787 2556">
     <span class='ocr_line' id='line_1_83' title="bbox 2132 2484 3787 2556; baseline 0.002 -18"><span class='ocrx_word' id='word_1_606' title='bbox 2132 2484 2496 2556; x_wconf 90' lang='lat' dir='ltr'>temporalis,</span> <span class='ocrx_word' id='word_1_607' title='bbox 2522 2486 2575 2540; x_wconf 91' lang='lat' dir='ltr'>in</span> <span class='ocrx_word' id='word_1_608' title='bbox 2598 2491 2887 2543; x_wconf 89' lang='lat' dir='ltr'>conventu</span> <span class='ocrx_word' id='word_1_609' title='bbox 2907 2486 3189 2543; x_wconf 82' lang='lat' dir='ltr'>aecclesiae</span> <span class='ocrx_word' id='word_1_610' title='bbox 3209 2486 3485 2543; x_wconf 90' lang='lat' dir='ltr'>clericum</span> <span class='ocrx_word' id='word_1_611' title='bbox 3505 2501 3674 2556; x_wconf 90' lang='lat' dir='ltr'>quem</span> <span class='ocrx_word' id='word_1_612' title='bbox 3705 2486 3787 2542; x_wconf 89' lang='lat' dir='ltr'>le-</span> 
     </span>
    </p>
   </div>
   <div class='ocr_carea' id='block_1_84' title="bbox 2132 2573 3787 2645">
    <p class='ocr_par' dir='ltr' id='par_1_84' title="bbox 2132 2573 3787 2645">
     <span class='ocr_line' id='line_1_84' title="bbox 2132 2573 3787 2645; baseline 0.002 -17"><span class='ocrx_word' id='word_1_613' title='bbox 2132 2577 2286 2628; x_wconf 88' lang='lat' dir='ltr'>serat</span> <span class='ocrx_word' id='word_1_614' title='bbox 2330 2573 2652 2643; x_wconf 89' lang='lat' dir='ltr'>requisivit,</span> <span class='ocrx_word' id='word_1_615' title='bbox 2698 2574 2875 2630; x_wconf 90' lang='lat' dir='ltr'>errati</span> <span class='ocrx_word' id='word_1_616' title='bbox 2922 2575 3152 2645; x_wconf 91' lang='lat' dir='ltr'>culpam</span> <span class='ocrx_word' id='word_1_617' title='bbox 3185 2574 3440 2645; x_wconf 79' lang='lat' dir='ltr'>agnovit,</span> <span class='ocrx_word' id='word_1_618' title='bbox 3469 2575 3787 2631; x_wconf 87' lang='lat' dir='ltr'>confessus</span> 
     </span>
    </p>
   </div>
   <div class='ocr_carea' id='block_1_85' title="bbox 2130 2662 3782 2734">
    <p class='ocr_par' dir='ltr' id='par_1_85' title="bbox 2130 2662 3782 2734">
     <span class='ocr_line' id='line_1_85' title="bbox 2130 2662 3782 2734; baseline 0.001 -18"><span class='ocrx_word' id='word_1_619' title='bbox 2130 2666 2239 2731; x_wconf 91' lang='lat' dir='ltr'>est,</span> <span class='ocrx_word' id='word_1_620' title='bbox 2268 2666 2326 2717; x_wconf 91' lang='lat' dir='ltr'>et</span> <span class='ocrx_word' id='word_1_621' title='bbox 2354 2662 2504 2732; x_wconf 91' lang='lat' dir='ltr'>quod</span> <span class='ocrx_word' id='word_1_622' title='bbox 2538 2663 2892 2733; x_wconf 90' lang='lat' dir='ltr'>patiebatur,</span> <span class='ocrx_word' id='word_1_623' title='bbox 2920 2678 3025 2719; x_wconf 92' lang='lat' dir='ltr'>cur</span> <span class='ocrx_word' id='word_1_624' title='bbox 3048 2667 3353 2734; x_wconf 87' lang='lat' dir='ltr'>pateretur</span> <span class='ocrx_word' id='word_1_625' title='bbox 3373 2662 3557 2734; x_wconf 92' lang='lat' dir='ltr'>palam</span> <span class='ocrx_word' id='word_1_626' title='bbox 3582 2666 3782 2734; x_wconf 61' lang='lat' dir='ltr'>prote</span> 
     </span>
    </p>
   </div>
   <div class='ocr_carea' id='block_1_86' title="bbox 2132 2750 3780 2822">
    <p class='ocr_par' dir='ltr' id='par_1_86' title="bbox 2132 2750 3780 2822">
     <span class='ocr_line' id='line_1_86' title="bbox 2132 2750 3780 2822; baseline 0.001 -17"><span class='ocrx_word' id='word_1_627' title='bbox 2132 2754 2326 2806; x_wconf 90' lang='lat' dir='ltr'>status</span> <span class='ocrx_word' id='word_1_628' title='bbox 2356 2756 2464 2807; x_wconf 89' lang='lat' dir='ltr'>est.</span> <span class='ocrx_word' id='word_1_629' title='bbox 2494 2750 2655 2822; x_wconf 88' lang='lat' dir='ltr'>Cepit</span> <span class='ocrx_word' id='word_1_630' title='bbox 2685 2751 2802 2821; x_wconf 87' lang='lat' dir='ltr'>jam</span> <span class='ocrx_word' id='word_1_631' title='bbox 2828 2754 3079 2821; x_wconf 90' lang='lat' dir='ltr'>uterque</span> <span class='ocrx_word' id='word_1_632' title='bbox 3105 2752 3176 2806; x_wconf 94' lang='lat' dir='ltr'>de</span> <span class='ocrx_word' id='word_1_633' title='bbox 3198 2750 3570 2822; x_wconf 90' lang='lat' dir='ltr'>correptione</span> <span class='ocrx_word' id='word_1_634' title='bbox 3605 2750 3780 2807; x_wconf 93' lang='lat' dir='ltr'>unius</span> 
     </span>
    </p>
   </div>
   <div class='ocr_carea' id='block_1_87' title="bbox 2130 2838 3772 2911">
    <p class='ocr_par' dir='ltr' id='par_1_87' title="bbox 2130 2838 3772 2911">
     <span class='ocr_line' id='line_1_87' title="bbox 2130 2838 3772 2911; baseline 0.001 -18"><span class='ocrx_word' id='word_1_635' title='bbox 2130 2838 2434 2909; x_wconf 82' lang='lat' dir='ltr'>proiicere,</span> <span class='ocrx_word' id='word_1_636' title='bbox 2461 2843 2522 2895; x_wconf 90' lang='lat' dir='ltr'>ut</span> <span class='ocrx_word' id='word_1_637' title='bbox 2549 2839 2703 2909; x_wconf 89' lang='lat' dir='ltr'>quod</span> <span class='ocrx_word' id='word_1_638' title='bbox 2738 2839 2832 2895; x_wconf 92' lang='lat' dir='ltr'>uni</span> <span class='ocrx_word' id='word_1_639' title='bbox 2867 2840 3095 2909; x_wconf 88' lang='lat' dir='ltr'>eberat,</span> <span class='ocrx_word' id='word_1_640' title='bbox 3123 2840 3405 2895; x_wconf 90' lang='lat' dir='ltr'>ambobus</span> <span class='ocrx_word' id='word_1_641' title='bbox 3439 2839 3772 2911; x_wconf 91' lang='lat' dir='ltr'>prodesset,</span> 
     </span>
    </p>
   </div>
   <div class='ocr_carea' id='block_1_88' title="bbox 2132 2927 3771 3000">
    <p class='ocr_par' dir='ltr' id='par_1_88' title="bbox 2132 2927 3771 3000">
     <span class='ocr_line' id='line_1_88' title="bbox 2132 2927 3771 3000; baseline 0.001 -17"><span class='ocrx_word' id='word_1_642' title='bbox 2132 2932 2192 2983; x_wconf 89' lang='lat' dir='ltr'>et</span> <span class='ocrx_word' id='word_1_643' title='bbox 2222 2927 2488 2999; x_wconf 90' lang='lat' dir='ltr'>exemplo</span> <span class='ocrx_word' id='word_1_644' title='bbox 2521 2944 2721 2984; x_wconf 91' lang='lat' dir='ltr'>eorum</span> <span class='ocrx_word' id='word_1_645' title='bbox 2754 2929 3040 2985; x_wconf 88' lang='lat' dir='ltr'>omnibus.</span> <span class='ocrx_word' id='word_1_646' title='bbox 3068 2929 3206 2985; x_wconf 88' lang='lat' dir='ltr'>Nam</span> <span class='ocrx_word' id='word_1_647' title='bbox 3230 2929 3433 3000; x_wconf 92' lang='lat' dir='ltr'>paucis</span> <span class='ocrx_word' id='word_1_648' title='bbox 3461 2927 3771 2985; x_wconf 91' lang='lat' dir='ltr'>admodum</span> 
     </span>
    </p>
   </div>
   <div class='ocr_carea' id='block_1_89' title="bbox 2134 3015 3775 3088">
    <p class='ocr_par' dir='ltr' id='par_1_89' title="bbox 2134 3015 3775 3088">
     <span class='ocr_line' id='line_1_89' title="bbox 2134 3015 3775 3088; baseline 0.002 -19"><span class='ocrx_word' id='word_1_649' title='bbox 2134 3015 2501 3087; x_wconf 89' lang='lat' dir='ltr'>interpositis</span> <span class='ocrx_word' id='word_1_650' title='bbox 2518 3016 2725 3074; x_wconf 90' lang='lat' dir='ltr'>diebus</span> <span class='ocrx_word' id='word_1_651' title='bbox 2742 3017 3152 3073; x_wconf 89' lang='lat' dir='ltr'>monasterium</span> <span class='ocrx_word' id='word_1_652' title='bbox 3176 3017 3342 3088; x_wconf 90' lang='lat' dir='ltr'>petiit</span> <span class='ocrx_word' id='word_1_653' title='bbox 3360 3017 3689 3088; x_wconf 90' lang='lat' dir='ltr'>episcopus,</span> <span class='ocrx_word' id='word_1_654' title='bbox 3714 3025 3775 3072; x_wconf 90' lang='lat' dir='ltr'>et</span> 
     </span>
    </p>
   </div>
   <div class='ocr_carea' id='block_1_90' title="bbox 2133 3104 3773 3177">
    <p class='ocr_par' dir='ltr' id='par_1_90' title="bbox 2133 3104 3773 3177">
     <span class='ocr_line' id='line_1_90' title="bbox 2133 3104 3773 3177; baseline 0.002 -18"><span class='ocrx_word' id='word_1_655' title='bbox 2133 3104 2486 3161; x_wconf 84' lang='lat' dir='ltr'>humilitatis</span> <span class='ocrx_word' id='word_1_656' title='bbox 2530 3106 2778 3162; x_wconf 88' lang='lat' dir='ltr'>vestitus</span> <span class='ocrx_word' id='word_1_657' title='bbox 2820 3106 3035 3162; x_wconf 89' lang='lat' dir='ltr'>amictu</span> <span class='ocrx_word' id='word_1_658' title='bbox 3076 3105 3366 3161; x_wconf 88' lang='lat' dir='ltr'>serviebat</span> <span class='ocrx_word' id='word_1_659' title='bbox 3400 3105 3773 3177; x_wconf 89' lang='lat' dir='ltr'>pauperibus,</span> 
     </span>
    </p>
   </div>
   <div class='ocr_carea' id='block_1_91' title="bbox 2134 3192 3777 3265">
    <p class='ocr_par' dir='ltr' id='par_1_91' title="bbox 2134 3192 3777 3265">
     <span class='ocr_line' id='line_1_91' title="bbox 2134 3192 3777 3265; baseline -0.001 -15"><span class='ocrx_word' id='word_1_660' title='bbox 2134 3208 2358 3265; x_wconf 89' lang='lat' dir='ltr'>pauper</span> <span class='ocrx_word' id='word_1_661' title='bbox 2388 3199 2448 3249; x_wconf 90' lang='lat' dir='ltr'>et</span> <span class='ocrx_word' id='word_1_662' title='bbox 2481 3193 2603 3265; x_wconf 89' lang='lat' dir='ltr'>ipse</span> <span class='ocrx_word' id='word_1_663' title='bbox 2636 3194 2867 3265; x_wconf 89' lang='lat' dir='ltr'>spiritu.</span> <span class='ocrx_word' id='word_1_664' title='bbox 2901 3196 3023 3250; x_wconf 88' lang='lat' dir='ltr'>Non</span> <span class='ocrx_word' id='word_1_665' title='bbox 3056 3199 3247 3250; x_wconf 87' lang='lat' dir='ltr'>tamen</span> <span class='ocrx_word' id='word_1_666' title='bbox 3284 3192 3546 3250; x_wconf 88' lang='lat' dir='ltr'>deseruit</span> <span class='ocrx_word' id='word_1_667' title='bbox 3576 3208 3777 3250; x_wconf 88' lang='lat' dir='ltr'>curam</span> 
     </span>
    </p>
   </div>
   <div class='ocr_carea' id='block_1_92' title="bbox 2133 3281 3777 3354">
    <p class='ocr_par' dir='ltr' id='par_1_92' title="bbox 2133 3281 3777 3354">
     <span class='ocr_line' id='line_1_92' title="bbox 2133 3281 3777 3354; baseline -0.001 -16"><span class='ocrx_word' id='word_1_668' title='bbox 2133 3282 2442 3354; x_wconf 90' lang='lat' dir='ltr'>episcopii,</span> <span class='ocrx_word' id='word_1_669' title='bbox 2477 3298 2646 3354; x_wconf 88' lang='lat' dir='ltr'>quam</span> <span class='ocrx_word' id='word_1_670' title='bbox 2681 3288 2743 3339; x_wconf 90' lang='lat' dir='ltr'>ut</span> <span class='ocrx_word' id='word_1_671' title='bbox 2778 3298 2889 3339; x_wconf 91' lang='lat' dir='ltr'>non</span> <span class='ocrx_word' id='word_1_672' title='bbox 2924 3282 3222 3339; x_wconf 89' lang='lat' dir='ltr'>desereret</span> <span class='ocrx_word' id='word_1_673' title='bbox 3253 3283 3443 3352; x_wconf 87' lang='lat' dir='ltr'>exegit</span> <span class='ocrx_word' id='word_1_674' title='bbox 3476 3296 3634 3338; x_wconf 91' lang='lat' dir='ltr'>amor</span> <span class='ocrx_word' id='word_1_675' title='bbox 3660 3281 3777 3338; x_wconf 90' lang='lat' dir='ltr'>cle-</span> 
     </span>
    </p>
   </div>
   <div class='ocr_carea' id='block_1_93' title="bbox 2133 3371 3776 3444">
    <p class='ocr_par' dir='ltr' id='par_1_93' title="bbox 2133 3371 3776 3444">
     <span class='ocr_line' id='line_1_93' title="bbox 2133 3371 3776 3444; baseline 0.001 -18"><span class='ocrx_word' id='word_1_676' title='bbox 2133 3372 2182 3426; x_wconf 92' lang='lat' dir='ltr'>ri</span> <span class='ocrx_word' id='word_1_677' title='bbox 2214 3375 2273 3427; x_wconf 90' lang='lat' dir='ltr'>et</span> <span class='ocrx_word' id='word_1_678' title='bbox 2308 3372 2525 3443; x_wconf 91' lang='lat' dir='ltr'>populi,</span> <span class='ocrx_word' id='word_1_679' title='bbox 2560 3372 2696 3442; x_wconf 89' lang='lat' dir='ltr'>quin</span> <span class='ocrx_word' id='word_1_680' title='bbox 2743 3373 2939 3444; x_wconf 89' lang='lat' dir='ltr'>potius</span> <span class='ocrx_word' id='word_1_681' title='bbox 2969 3376 3196 3428; x_wconf 90' lang='lat' dir='ltr'>tantum</span> <span class='ocrx_word' id='word_1_682' title='bbox 3229 3371 3589 3440; x_wconf 89' lang='lat' dir='ltr'>augebantur</span> <span class='ocrx_word' id='word_1_683' title='bbox 3620 3371 3673 3426; x_wconf 91' lang='lat' dir='ltr'>in</span> <span class='ocrx_word' id='word_1_684' title='bbox 3707 3385 3776 3427; x_wconf 92' lang='lat' dir='ltr'>eo</span> 
     </span>
    </p>
   </div>
   <div class='ocr_carea' id='block_1_94' title="bbox 2132 3459 3777 3532">
    <p class='ocr_par' dir='ltr' id='par_1_94' title="bbox 2132 3459 3777 3532">
     <span class='ocr_line' id='line_1_94' title="bbox 2132 3459 3777 3532; baseline 0.001 -18"><span class='ocrx_word' id='word_1_685' title='bbox 2132 3460 2296 3516; x_wconf 89' lang='lat' dir='ltr'>lucra</span> <span class='ocrx_word' id='word_1_686' title='bbox 2326 3460 2631 3530; x_wconf 90' lang='lat' dir='ltr'>virtutum,</span> <span class='ocrx_word' id='word_1_687' title='bbox 2660 3467 2878 3531; x_wconf 90' lang='lat' dir='ltr'>quanto</span> <span class='ocrx_word' id='word_1_688' title='bbox 2906 3460 3243 3516; x_wconf 90' lang='lat' dir='ltr'>ferventiori</span> <span class='ocrx_word' id='word_1_689' title='bbox 3277 3459 3575 3532; x_wconf 89' lang='lat' dir='ltr'>proposito</span> <span class='ocrx_word' id='word_1_690' title='bbox 3604 3459 3777 3516; x_wconf 87' lang='lat' dir='ltr'>adhe-</span> 
     </span>
    </p>
   </div>
   <div class='ocr_carea' id='block_1_95' title="bbox 2133 3545 3770 3618">
    <p class='ocr_par' dir='ltr' id='par_1_95' title="bbox 2133 3545 3770 3618">
     <span class='ocr_line' id='line_1_95' title="bbox 2133 3545 3770 3618; baseline 0 -14"><span class='ocrx_word' id='word_1_691' title='bbox 2133 3550 2297 3605; x_wconf 90' lang='lat' dir='ltr'>rebat</span> <span class='ocrx_word' id='word_1_692' title='bbox 2331 3549 2574 3605; x_wconf 93' lang='lat' dir='ltr'>Domino</span> <span class='ocrx_word' id='word_1_693' title='bbox 2616 3549 2922 3606; x_wconf 89' lang='lat' dir='ltr'>virtutum.</span> <span class='ocrx_word' id='word_1_694' title='bbox 2956 3550 3305 3605; x_wconf 87' lang='lat' dir='ltr'>Memoratus</span> <span class='ocrx_word' id='word_1_695' title='bbox 3335 3562 3474 3605; x_wconf 89' lang='lat' dir='ltr'>vero</span> <span class='ocrx_word' id='word_1_696' title='bbox 3505 3545 3770 3618; x_wconf 89' lang='lat' dir='ltr'>clericus,</span> 
     </span>
    </p>
   </div>
   <div class='ocr_carea' id='block_1_96' title="bbox 2136 3636 3775 3709">
    <p class='ocr_par' dir='ltr' id='par_1_96' title="bbox 2136 3636 3775 3709">
     <span class='ocr_line' id='line_1_96' title="bbox 2136 3636 3775 3709; baseline 0 -15"><span class='ocrx_word' id='word_1_697' title='bbox 2136 3637 2299 3694; x_wconf 91' lang='lat' dir='ltr'>urbis</span> <span class='ocrx_word' id='word_1_698' title='bbox 2344 3638 2527 3709; x_wconf 89' lang='lat' dir='ltr'>ipsius</span> <span class='ocrx_word' id='word_1_699' title='bbox 2575 3638 2948 3709; x_wconf 63' lang='lat' dir='ltr'>praepositus,</span> <span class='ocrx_word' id='word_1_700' title='bbox 2984 3637 3040 3693; x_wconf 93' lang='lat' dir='ltr'>in</span> <span class='ocrx_word' id='word_1_701' title='bbox 3073 3651 3266 3693; x_wconf 87' lang='lat' dir='ltr'>amore</span> <span class='ocrx_word' id='word_1_702' title='bbox 3310 3638 3495 3692; x_wconf 61' lang='lat' dir='ltr'>beata;</span> <span class='ocrx_word' id='word_1_703' title='bbox 3525 3636 3775 3706; x_wconf 81' lang='lat' dir='ltr'>Virginis</span> 
     </span>
    </p>
   </div>
   <div class='ocr_carea' id='block_1_97' title="bbox 2132 3724 3771 3798">
    <p class='ocr_par' dir='ltr' id='par_1_97' title="bbox 2132 3724 3771 3798">
     <span class='ocr_line' id='line_1_97' title="bbox 2132 3724 3771 3798; baseline 0 -17"><span class='ocrx_word' id='word_1_704' title='bbox 2132 3740 2498 3798; x_wconf 89' lang='lat' dir='ltr'>permanens,</span> <span class='ocrx_word' id='word_1_705' title='bbox 2535 3732 2595 3782; x_wconf 93' lang='lat' dir='ltr'>et</span> <span class='ocrx_word' id='word_1_706' title='bbox 2625 3726 2922 3798; x_wconf 91' lang='lat' dir='ltr'>obsequiis</span> <span class='ocrx_word' id='word_1_707' title='bbox 2969 3727 3095 3797; x_wconf 91' lang='lat' dir='ltr'>ejus</span> <span class='ocrx_word' id='word_1_708' title='bbox 3137 3724 3360 3796; x_wconf 89' lang='lat' dir='ltr'>jugiter</span> <span class='ocrx_word' id='word_1_709' title='bbox 3388 3725 3676 3795; x_wconf 89' lang='lat' dir='ltr'>inherens,</span> <span class='ocrx_word' id='word_1_710' title='bbox 3714 3725 3771 3782; x_wconf 91' lang='lat' dir='ltr'>in</span> 
     </span>
    </p>
   </div>
   <div class='ocr_carea' id='block_1_98' title="bbox 2129 3813 3767 3887">
    <p class='ocr_par' dir='ltr' id='par_1_98' title="bbox 2129 3813 3767 3887">
     <span class='ocr_line' id='line_1_98' title="bbox 2129 3813 3767 3887; baseline -0.002 -15"><span class='ocrx_word' id='word_1_711' title='bbox 2129 3815 2397 3872; x_wconf 81' lang='lat' dir='ltr'>aecclesia</span> <span class='ocrx_word' id='word_1_712' title='bbox 2420 3816 2545 3886; x_wconf 91' lang='lat' dir='ltr'>ejus</span> <span class='ocrx_word' id='word_1_713' title='bbox 2569 3816 2818 3872; x_wconf 90' lang='lat' dir='ltr'>devotus</span> <span class='ocrx_word' id='word_1_714' title='bbox 2837 3816 3119 3887; x_wconf 88' lang='lat' dir='ltr'>perstitit,</span> <span class='ocrx_word' id='word_1_715' title='bbox 3146 3813 3562 3871; x_wconf 89' lang='lat' dir='ltr'>monasterium</span> <span class='ocrx_word' id='word_1_716' title='bbox 3587 3814 3767 3870; x_wconf 89' lang='lat' dir='ltr'>sancti</span> 
     </span>
    </p>
   </div>
   <div class='ocr_carea' id='block_1_99' title="bbox 2129 3898 3769 3973">
    <p class='ocr_par' dir='ltr' id='par_1_99' title="bbox 2129 3898 3769 3973">
     <span class='ocr_line' id='line_1_99' title="bbox 2129 3898 3769 3973; baseline -0.002 -16"><span class='ocrx_word' id='word_1_717' title='bbox 2129 3902 2288 3957; x_wconf 91' lang='lat' dir='ltr'>Petri</span> <span class='ocrx_word' id='word_1_718' title='bbox 2319 3916 2425 3973; x_wconf 91' lang='lat' dir='ltr'>pro</span> <span class='ocrx_word' id='word_1_719' title='bbox 2458 3901 2569 3957; x_wconf 89' lang='lat' dir='ltr'>loci</span> <span class='ocrx_word' id='word_1_720' title='bbox 2617 3901 2800 3973; x_wconf 91' lang='lat' dir='ltr'>ipsius</span> <span class='ocrx_word' id='word_1_721' title='bbox 2849 3901 3157 3958; x_wconf 88' lang='lat' dir='ltr'>nobilitate</span> <span class='ocrx_word' id='word_1_722' title='bbox 3202 3900 3384 3956; x_wconf 88' lang='lat' dir='ltr'>multo</span> <span class='ocrx_word' id='word_1_723' title='bbox 3418 3913 3613 3956; x_wconf 88' lang='lat' dir='ltr'>amore</span> <span class='ocrx_word' id='word_1_724' title='bbox 3644 3898 3769 3955; x_wconf 91' lang='lat' dir='ltr'>dili-</span> 
     </span>
    </p>
   </div>
   <div class='ocr_carea' id='block_1_100' title="bbox 2128 3987 3769 4060">
    <p class='ocr_par' dir='ltr' id='par_1_100' title="bbox 2128 3987 3769 4060">
     <span class='ocr_line' id='line_1_100' title="bbox 2128 3987 3769 4060; baseline -0.001 -15"><span class='ocrx_word' id='word_1_725' title='bbox 2128 4004 2290 4060; x_wconf 87' lang='lat' dir='ltr'>gens,</span> <span class='ocrx_word' id='word_1_726' title='bbox 2325 3994 2382 4045; x_wconf 93' lang='lat' dir='ltr'>et</span> <span class='ocrx_word' id='word_1_727' title='bbox 2415 3990 2713 4047; x_wconf 89' lang='lat' dir='ltr'>innumera</span> <span class='ocrx_word' id='word_1_728' title='bbox 2746 3990 2893 4047; x_wconf 91' lang='lat' dir='ltr'>dona</span> <span class='ocrx_word' id='word_1_729' title='bbox 2921 3989 3045 4046; x_wconf 90' lang='lat' dir='ltr'>auri</span> <span class='ocrx_word' id='word_1_730' title='bbox 3079 3993 3254 4060; x_wconf 87' lang='lat' dir='ltr'>atque</span> <span class='ocrx_word' id='word_1_731' title='bbox 3286 3987 3533 4060; x_wconf 89' lang='lat' dir='ltr'>argenti,</span> <span class='ocrx_word' id='word_1_732' title='bbox 3570 3987 3769 4059; x_wconf 88' lang='lat' dir='ltr'>pallio-</span> 
     </span>
    </p>
   </div>
   <div class='ocr_carea' id='block_1_101' title="bbox 2130 4076 3769 4149">
    <p class='ocr_par' dir='ltr' id='par_1_101' title="bbox 2130 4076 3769 4149">
     <span class='ocr_line' id='line_1_101' title="bbox 2130 4076 3769 4149; baseline -0.002 -15"><span class='ocrx_word' id='word_1_733' title='bbox 2130 4093 2258 4135; x_wconf 91' lang='lat' dir='ltr'>rum</span> <span class='ocrx_word' id='word_1_734' title='bbox 2291 4082 2466 4149; x_wconf 88' lang='lat' dir='ltr'>atque</span> <span class='ocrx_word' id='word_1_735' title='bbox 2498 4078 2779 4135; x_wconf 89' lang='lat' dir='ltr'>librorum</span> <span class='ocrx_word' id='word_1_736' title='bbox 2808 4080 3132 4135; x_wconf 88' lang='lat' dir='ltr'>conferens.</span> <span class='ocrx_word' id='word_1_737' title='bbox 3167 4077 3334 4133; x_wconf 90' lang='lat' dir='ltr'>Dedit</span> <span class='ocrx_word' id='word_1_738' title='bbox 3368 4076 3545 4133; x_wconf 91' lang='lat' dir='ltr'>etiam</span> <span class='ocrx_word' id='word_1_739' title='bbox 3573 4076 3769 4132; x_wconf 74' lang='lat' dir='ltr'>accele-</span> 
     </span>
    </p>
   </div>
   <div class='ocr_carea' id='block_1_102' title="bbox 2131 4163 3765 4239">
    <p class='ocr_par' dir='ltr' id='par_1_102' title="bbox 2131 4163 3765 4239">
     <span class='ocr_line' id='line_1_102' title="bbox 2131 4163 3765 4239; baseline -0.001 -17"><span class='ocrx_word' id='word_1_740' title='bbox 2131 4167 2233 4223; x_wconf 71' lang='lat' dir='ltr'>siaa</span> <span class='ocrx_word' id='word_1_741' title='bbox 2279 4168 2465 4224; x_wconf 90' lang='lat' dir='ltr'>eidem</span> <span class='ocrx_word' id='word_1_742' title='bbox 2514 4181 2579 4222; x_wconf 91' lang='lat' dir='ltr'>ea</span> <span class='ocrx_word' id='word_1_743' title='bbox 2634 4182 2761 4238; x_wconf 74' lang='lat' dir='ltr'>quae</span> <span class='ocrx_word' id='word_1_744' title='bbox 2812 4167 3154 4239; x_wconf 89' lang='lat' dir='ltr'>possidebat</span> <span class='ocrx_word' id='word_1_745' title='bbox 3196 4165 3251 4220; x_wconf 91' lang='lat' dir='ltr'>in</span> <span class='ocrx_word' id='word_1_746' title='bbox 3293 4165 3433 4222; x_wconf 87' lang='lat' dir='ltr'>Exio</span> <span class='ocrx_word' id='word_1_747' title='bbox 3475 4165 3529 4221; x_wconf 90' lang='lat' dir='ltr'>in</span> <span class='ocrx_word' id='word_1_748' title='bbox 3569 4163 3765 4235; x_wconf 90' lang='lat' dir='ltr'>vineis,</span> 
     </span>
    </p>
   </div>
   <div class='ocr_carea' id='block_1_103' title="bbox 2129 4251 3766 4327">
    <p class='ocr_par' dir='ltr' id='par_1_103' title="bbox 2129 4251 3766 4327">
     <span class='ocr_line' id='line_1_103' title="bbox 2129 4251 3766 4327; baseline -0.002 -16"><span class='ocrx_word' id='word_1_749' title='bbox 2129 4254 2371 4327; x_wconf 90' lang='lat' dir='ltr'>campis,</span> <span class='ocrx_word' id='word_1_750' title='bbox 2398 4256 2566 4327; x_wconf 87' lang='lat' dir='ltr'>aquis</span> <span class='ocrx_word' id='word_1_751' title='bbox 2594 4270 2993 4327; x_wconf 86' lang='lat' dir='ltr'>aquarumque</span> <span class='ocrx_word' id='word_1_752' title='bbox 3025 4255 3284 4311; x_wconf 88' lang='lat' dir='ltr'>exitibus</span> <span class='ocrx_word' id='word_1_753' title='bbox 3308 4259 3365 4309; x_wconf 90' lang='lat' dir='ltr'>et</span> <span class='ocrx_word' id='word_1_754' title='bbox 3391 4251 3766 4319; x_wconf 86' lang='lat' dir='ltr'>decursibus;</span> 
     </span>
    </p>
   </div>
   <div class='ocr_carea' id='block_1_104' title="bbox 2132 4340 3769 4416">
    <p class='ocr_par' dir='ltr' id='par_1_104' title="bbox 2132 4340 3769 4416">
     <span class='ocr_line' id='line_1_104' title="bbox 2132 4340 3769 4416; baseline -0.001 -18"><span class='ocrx_word' id='word_1_755' title='bbox 2132 4344 2282 4399; x_wconf 89' lang='lat' dir='ltr'>unde</span> <span class='ocrx_word' id='word_1_756' title='bbox 2304 4348 2361 4400; x_wconf 89' lang='lat' dir='ltr'>et</span> <span class='ocrx_word' id='word_1_757' title='bbox 2386 4360 2492 4416; x_wconf 93' lang='lat' dir='ltr'>pro</span> <span class='ocrx_word' id='word_1_758' title='bbox 2509 4359 2628 4401; x_wconf 81' lang='lat' dir='ltr'>suae</span> <span class='ocrx_word' id='word_1_759' title='bbox 2660 4345 2994 4400; x_wconf 90' lang='lat' dir='ltr'>sanctitatis</span> <span class='ocrx_word' id='word_1_760' title='bbox 3025 4344 3238 4399; x_wconf 89' lang='lat' dir='ltr'>merito</span> <span class='ocrx_word' id='word_1_761' title='bbox 3270 4342 3582 4399; x_wconf 90' lang='lat' dir='ltr'>defunctus</span> <span class='ocrx_word' id='word_1_762' title='bbox 3605 4340 3654 4395; x_wconf 92' lang='lat' dir='ltr'>in</span> <span class='ocrx_word' id='word_1_763' title='bbox 3677 4355 3769 4396; x_wconf 89' lang='lat' dir='ltr'>ea-</span> 
     </span>
    </p>
   </div>
   <div class='ocr_carea' id='block_1_105' title="bbox 2131 4429 3767 4505">
    <p class='ocr_par' dir='ltr' id='par_1_105' title="bbox 2131 4429 3767 4505">
     <span class='ocr_line' id='line_1_105' title="bbox 2131 4429 3767 4505; baseline -0.002 -18"><span class='ocrx_word' id='word_1_764' title='bbox 2131 4432 2260 4488; x_wconf 91' lang='lat' dir='ltr'>dem</span> <span class='ocrx_word' id='word_1_765' title='bbox 2275 4432 2536 4489; x_wconf 68' lang='lat' dir='ltr'>:ecclesia</span> <span class='ocrx_word' id='word_1_766' title='bbox 2553 4433 2702 4488; x_wconf 90' lang='lat' dir='ltr'>inter</span> <span class='ocrx_word' id='word_1_767' title='bbox 2718 4432 2986 4505; x_wconf 89' lang='lat' dir='ltr'>sepulcra</span> <span class='ocrx_word' id='word_1_768' title='bbox 3001 4432 3416 4503; x_wconf 90' lang='lat' dir='ltr'>episcoporum</span> <span class='ocrx_word' id='word_1_769' title='bbox 3431 4429 3767 4499; x_wconf 88' lang='lat' dir='ltr'>condignam</span> 
     </span>
    </p>
   </div>
   <div class='ocr_carea' id='block_1_106' title="bbox 2132 4519 3347 4594">
    <p class='ocr_par' dir='ltr' id='par_1_106' title="bbox 2132 4519 3347 4594">
     <span class='ocr_line' id='line_1_106' title="bbox 2132 4519 3347 4594; baseline -0.001 -19"><span class='ocrx_word' id='word_1_770' title='bbox 2132 4521 2345 4577; x_wconf 90' lang='lat' dir='ltr'>meruit</span> <span class='ocrx_word' id='word_1_771' title='bbox 2389 4521 2751 4594; x_wconf 87' lang='lat' dir='ltr'>sepulturam</span> <span class='ocrx_word' id='word_1_772' title='bbox 2785 4526 2850 4578; x_wconf 80' lang='grc'>15</span> <span class='ocrx_word' id='word_1_773' title='bbox 2884 4520 3169 4577; x_wconf 86' lang='lat' dir='ltr'>Kalendas</span> <span class='ocrx_word' id='word_1_774' title='bbox 3200 4519 3347 4576; x_wconf 87' lang='lat' dir='ltr'>Maii.</span> 
     </span>
    </p>
   </div>
   <div class='ocr_carea' id='block_1_107' title="bbox 2206 4605 3768 4683">
    <p class='ocr_par' dir='ltr' id='par_1_107' title="bbox 2206 4605 3768 4683">
     <span class='ocr_line' id='line_1_107' title="bbox 2206 4605 3768 4683; baseline -0.001 -19"><span class='ocrx_word' id='word_1_775' title='bbox 2206 4609 2347 4681; x_wconf 83' lang='lat' dir='ltr'>(F01.</span> <span class='ocrx_word' id='word_1_776' title='bbox 2381 4609 2513 4683; x_wconf 83' lang='lat'>71’.)</span> <span class='ocrx_word' id='word_1_777' title='bbox 2549 4609 2853 4666; x_wconf 91' lang='lat' dir='ltr'>Lotharius</span> <span class='ocrx_word' id='word_1_778' title='bbox 2884 4609 3066 4680; x_wconf 88' lang='lat' dir='ltr'>igitur</span> <span class='ocrx_word' id='word_1_779' title='bbox 3096 4623 3199 4664; x_wconf 91' lang='lat' dir='ltr'>rex</span> <span class='ocrx_word' id='word_1_780' title='bbox 3234 4609 3582 4664; x_wconf 89' lang='lat' dir='ltr'>Francorum</span> <span class='ocrx_word' id='word_1_781' title='bbox 3614 4605 3768 4677; x_wconf 88' lang='lat' dir='ltr'>quin-</span> 
     </span>
    </p>
   </div>
   <div class='ocr_carea' id='block_1_108' title="bbox 2130 4695 3769 4768">
    <p class='ocr_par' dir='ltr' id='par_1_108' title="bbox 2130 4695 3769 4768">
     <span class='ocr_line' id='line_1_108' title="bbox 2130 4695 3769 4768; baseline -0.001 -15"><span class='ocrx_word' id='word_1_782' title='bbox 2130 4703 2228 4755; x_wconf 86' lang='lat' dir='ltr'>tus</span> <span class='ocrx_word' id='word_1_783' title='bbox 2258 4713 2287 4755; x_wconf 88' lang='lat' dir='ltr'>a</span> <span class='ocrx_word' id='word_1_784' title='bbox 2319 4698 2529 4755; x_wconf 88' lang='lat' dir='ltr'>Karolo</span> <span class='ocrx_word' id='word_1_785' title='bbox 2577 4698 2751 4755; x_wconf 84' lang='lat' dir='ltr'>Calvo</span> <span class='ocrx_word' id='word_1_786' title='bbox 2799 4712 3142 4768; x_wconf 79' lang='lat' dir='ltr'>germanum</span> <span class='ocrx_word' id='word_1_787' title='bbox 3191 4696 3393 4754; x_wconf 90' lang='lat' dir='ltr'>habuit</span> <span class='ocrx_word' id='word_1_788' title='bbox 3426 4697 3657 4752; x_wconf 88' lang='lat' dir='ltr'>fratrem</span> <span class='ocrx_word' id='word_1_789' title='bbox 3682 4695 3769 4765; x_wconf 89' lang='lat' dir='ltr'>ju-</span> 
     </span>
    </p>
   </div>
   <div class='ocr_carea' id='block_1_109' title="bbox 2132 4783 3767 4857">
    <p class='ocr_par' dir='ltr' id='par_1_109' title="bbox 2132 4783 3767 4857">
     <span class='ocr_line' id='line_1_109' title="bbox 2132 4783 3767 4857; baseline -0.002 -15"><span class='ocrx_word' id='word_1_790' title='bbox 2132 4788 2350 4843; x_wconf 91' lang='lat' dir='ltr'>niorem</span> <span class='ocrx_word' id='word_1_791' title='bbox 2392 4802 2454 4843; x_wconf 92' lang='lat' dir='ltr'>se</span> <span class='ocrx_word' id='word_1_792' title='bbox 2488 4787 2780 4857; x_wconf 84' lang='lat' dir='ltr'>Karolum,</span> <span class='ocrx_word' id='word_1_793' title='bbox 2836 4801 3073 4843; x_wconf 87' lang='lat' dir='ltr'>uxorem</span> <span class='ocrx_word' id='word_1_794' title='bbox 3128 4792 3324 4843; x_wconf 87' lang='lat' dir='ltr'>autem</span> <span class='ocrx_word' id='word_1_795' title='bbox 3374 4785 3641 4853; x_wconf 88' lang='lat' dir='ltr'>Emmam,</span> <span class='ocrx_word' id='word_1_796' title='bbox 3674 4783 3767 4840; x_wconf 87' lang='lat' dir='ltr'>Lo-</span> 
     </span>
    </p>
   </div>
   <div class='ocr_carea' id='block_1_110' title="bbox 2131 4871 3766 4950">
    <p class='ocr_par' dir='ltr' id='par_1_110' title="bbox 2131 4871 3766 4950">
     <span class='ocr_line' id='line_1_110' title="bbox 2131 4871 3766 4950; baseline -0.001 -21"><span class='ocrx_word' id='word_1_797' title='bbox 2131 4875 2307 4931; x_wconf 90' lang='lat' dir='ltr'>tharii</span> <span class='ocrx_word' id='word_1_798' title='bbox 2329 4876 2689 4950; x_wconf 19' lang='lat' dir='ltr'>regisgltaliae</span> <span class='ocrx_word' id='word_1_799' title='bbox 2710 4881 2771 4931; x_wconf 90' lang='lat' dir='ltr'>et</span> <span class='ocrx_word' id='word_1_800' title='bbox 2793 4875 3134 4931; x_wconf 82' lang='lat' dir='ltr'>Adheleidis</span> <span class='ocrx_word' id='word_1_801' title='bbox 3160 4876 3291 4946; x_wconf 91' lang='lat' dir='ltr'>post</span> <span class='ocrx_word' id='word_1_802' title='bbox 3309 4871 3688 4946; x_wconf 88' lang='lat' dir='ltr'>imperatricis</span> <span class='ocrx_word' id='word_1_803' title='bbox 3707 4871 3766 4928; x_wconf 85' lang='lat' dir='ltr'>ﬁ-</span> 
     </span>
    </p>
   </div>
   <div class='ocr_carea' id='block_1_111' title="bbox 2134 4958 3765 5036">
    <p class='ocr_par' dir='ltr' id='par_1_111' title="bbox 2134 4958 3765 5036">
     <span class='ocr_line' id='line_1_111' title="bbox 2134 4958 3765 5036; baseline 0 -19"><span class='ocrx_word' id='word_1_804' title='bbox 2134 4958 2288 5030; x_wconf 84' lang='lat' dir='ltr'>liam,</span> <span class='ocrx_word' id='word_1_805' title='bbox 2314 4978 2385 5019; x_wconf 88' lang='lat' dir='ltr'>ex</span> <span class='ocrx_word' id='word_1_806' title='bbox 2408 4978 2518 5034; x_wconf 90' lang='lat' dir='ltr'>qua</span> <span class='ocrx_word' id='word_1_807' title='bbox 2553 4965 2816 5036; x_wconf 89' lang='lat' dir='ltr'>suscepit</span> <span class='ocrx_word' id='word_1_808' title='bbox 2846 4963 3024 5020; x_wconf 85' lang='lat' dir='ltr'>ﬁlium</span> <span class='ocrx_word' id='word_1_809' title='bbox 3054 4962 3429 5032; x_wconf 89' lang='lat' dir='ltr'>Ludovicum,</span> <span class='ocrx_word' id='word_1_810' title='bbox 3464 4961 3559 5032; x_wconf 91' lang='lat' dir='ltr'>qui</span> <span class='ocrx_word' id='word_1_811' title='bbox 3590 4959 3765 5017; x_wconf 89' lang='lat' dir='ltr'>adhuc</span> 
     </span>
    </p>
   </div>
   <div class='ocr_carea' id='block_1_112' title="bbox 2133 5049 3765 5123">
    <p class='ocr_par' dir='ltr' id='par_1_112' title="bbox 2133 5049 3765 5123">
     <span class='ocr_line' id='line_1_112' title="bbox 2133 5049 3765 5123; baseline -0.002 -15"><span class='ocrx_word' id='word_1_812' title='bbox 2133 5066 2279 5123; x_wconf 89' lang='lat' dir='ltr'>puer</span> <span class='ocrx_word' id='word_1_813' title='bbox 2301 5051 2593 5109; x_wconf 88' lang='lat' dir='ltr'>Blanciam</span> <span class='ocrx_word' id='word_1_814' title='bbox 2619 5053 2786 5109; x_wconf 89' lang='lat' dir='ltr'>duxit</span> <span class='ocrx_word' id='word_1_815' title='bbox 2810 5066 3072 5109; x_wconf 90' lang='lat' dir='ltr'>uxorem.</span> <span class='ocrx_word' id='word_1_816' title='bbox 3103 5053 3290 5123; x_wconf 70' lang='lat' dir='ltr'>[Brem</span> <span class='ocrx_word' id='word_1_817' title='bbox 3316 5065 3397 5121; x_wconf 79' lang='lat' dir='ltr'>Ill,</span> <span class='ocrx_word' id='word_1_818' title='bbox 3423 5050 3537 5121; x_wconf 64' lang='lat'>9‘2.)</span> <span class='ocrx_word' id='word_1_819' title='bbox 3569 5049 3765 5105; x_wconf 86' lang='lat' dir='ltr'>Habuit</span> 
     </span>
    </p>
   </div>
   <div class='ocr_carea' id='block_1_113' title="bbox 2134 5137 3761 5212">
    <p class='ocr_par' dir='ltr' id='par_1_113' title="bbox 2134 5137 3761 5212">
     <span class='ocr_line' id='line_1_113' title="bbox 2134 5137 3761 5212; baseline -0.001 -16"><span class='ocrx_word' id='word_1_820' title='bbox 2134 5145 2192 5196; x_wconf 91' lang='lat' dir='ltr'>et</span> <span class='ocrx_word' id='word_1_821' title='bbox 2218 5139 2398 5197; x_wconf 88' lang='lat' dir='ltr'>ﬁlium</span> <span class='ocrx_word' id='word_1_822' title='bbox 2421 5141 2670 5197; x_wconf 88' lang='lat' dir='ltr'>alterum</span> <span class='ocrx_word' id='word_1_823' title='bbox 2686 5157 2759 5197; x_wconf 82' lang='lat' dir='ltr'>ex</span> <span class='ocrx_word' id='word_1_824' title='bbox 2773 5140 3022 5212; x_wconf 89' lang='lat' dir='ltr'>quadam</span> <span class='ocrx_word' id='word_1_825' title='bbox 3038 5140 3217 5196; x_wconf 92' lang='lat' dir='ltr'>nobili</span> <span class='ocrx_word' id='word_1_826' title='bbox 3240 5139 3434 5212; x_wconf 91' lang='lat' dir='ltr'>puella</span> <span class='ocrx_word' id='word_1_827' title='bbox 3454 5137 3761 5210; x_wconf 84' lang='lat' dir='ltr'>Arnulfum,</span> 
     </span>
    </p>
   </div>
   <div class='ocr_carea' id='block_1_114' title="bbox 2132 5228 3767 5301">
    <p class='ocr_par' dir='ltr' id='par_1_114' title="bbox 2132 5228 3767 5301">
     <span class='ocr_line' id='line_1_114' title="bbox 2132 5228 3767 5301; baseline -0.002 -15"><span class='ocrx_word' id='word_1_828' title='bbox 2132 5229 2231 5300; x_wconf 91' lang='lat' dir='ltr'>qui</span> <span class='ocrx_word' id='word_1_829' title='bbox 2265 5229 2509 5301; x_wconf 90' lang='lat' dir='ltr'>primum</span> <span class='ocrx_word' id='word_1_830' title='bbox 2557 5234 2732 5287; x_wconf 89' lang='lat' dir='ltr'>natus</span> <span class='ocrx_word' id='word_1_831' title='bbox 2763 5233 2873 5299; x_wconf 89' lang='lat' dir='ltr'>est,</span> <span class='ocrx_word' id='word_1_832' title='bbox 2911 5228 3282 5300; x_wconf 90' lang='lat' dir='ltr'>postmodum</span> <span class='ocrx_word' id='word_1_833' title='bbox 3331 5230 3662 5284; x_wconf 81' lang='lat' dir='ltr'>Remensem</span> <span class='ocrx_word' id='word_1_834' title='bbox 3690 5241 3767 5282; x_wconf 90' lang='lat' dir='ltr'>ar-</span> 
     </span>
    </p>
   </div>
   <div class='ocr_carea' id='block_1_115' title="bbox 2130 5315 3769 5390">
    <p class='ocr_par' dir='ltr' id='par_1_115' title="bbox 2130 5315 3769 5390">
     <span class='ocr_line' id='line_1_115' title="bbox 2130 5315 3769 5390; baseline 0.001 -18"><span class='ocrx_word' id='word_1_835' title='bbox 2130 5317 2584 5390; x_wconf 89' lang='lat' dir='ltr'>chiepiscopum.</span> <span class='ocrx_word' id='word_1_836' title='bbox 2612 5318 2884 5374; x_wconf 86' lang='lat' dir='ltr'>Karolum</span> <span class='ocrx_word' id='word_1_837' title='bbox 2902 5318 3178 5374; x_wconf 61' lang='lat' dir='ltr'>fraternae</span> <span class='ocrx_word' id='word_1_838' title='bbox 3194 5316 3401 5374; x_wconf 89' lang='lat' dir='ltr'>uxoris</span> <span class='ocrx_word' id='word_1_839' title='bbox 3426 5315 3769 5388; x_wconf 86' lang='lat' dir='ltr'>protervitas</span> 
     </span>
    </p>
   </div>
   <div class='ocr_carea' id='block_1_116' title="bbox 2129 5403 3768 5478">
    <p class='ocr_par' dir='ltr' id='par_1_116' title="bbox 2129 5403 3768 5478">
     <span class='ocr_line' id='line_1_116' title="bbox 2129 5403 3768 5478; baseline -0.002 -17"><span class='ocrx_word' id='word_1_840' title='bbox 2129 5405 2409 5476; x_wconf 90' lang='lat' dir='ltr'>compulit</span> <span class='ocrx_word' id='word_1_841' title='bbox 2435 5410 2495 5461; x_wconf 90' lang='lat' dir='ltr'>et</span> <span class='ocrx_word' id='word_1_842' title='bbox 2519 5405 2711 5478; x_wconf 89' lang='lat' dir='ltr'>inopia</span> <span class='ocrx_word' id='word_1_843' title='bbox 2736 5406 2819 5461; x_wconf 91' lang='lat' dir='ltr'>rei</span> <span class='ocrx_word' id='word_1_844' title='bbox 2844 5404 3149 5461; x_wconf 88' lang='lat' dir='ltr'>familiaris</span> <span class='ocrx_word' id='word_1_845' title='bbox 3180 5405 3403 5477; x_wconf 88' lang='lat' dir='ltr'>patrios</span> <span class='ocrx_word' id='word_1_846' title='bbox 3436 5403 3579 5460; x_wconf 89' lang='lat' dir='ltr'>ﬁnes</span> <span class='ocrx_word' id='word_1_847' title='bbox 3608 5403 3768 5459; x_wconf 89' lang='lat' dir='ltr'>relin-</span> 
     </span>
    </p>
   </div>
   <div class='ocr_carea' id='block_1_117' title="bbox 2132 5491 3763 5566">
    <p class='ocr_par' dir='ltr' id='par_1_117' title="bbox 2132 5491 3763 5566">
     <span class='ocr_line' id='line_1_117' title="bbox 2132 5491 3763 5566; baseline -0.003 -14"><span class='ocrx_word' id='word_1_848' title='bbox 2132 5509 2310 5566; x_wconf 90' lang='lat' dir='ltr'>quere</span> <span class='ocrx_word' id='word_1_849' title='bbox 2350 5496 2407 5550; x_wconf 87' lang='lat' dir='ltr'>et</span> <span class='ocrx_word' id='word_1_850' title='bbox 2453 5494 2651 5551; x_wconf 91' lang='lat' dir='ltr'>Ottoni</span> <span class='ocrx_word' id='word_1_851' title='bbox 2701 5494 2988 5550; x_wconf 87' lang='lat' dir='ltr'>Saxonum</span> <span class='ocrx_word' id='word_1_852' title='bbox 3043 5493 3380 5565; x_wconf 90' lang='lat' dir='ltr'>imperatori</span> <span class='ocrx_word' id='word_1_853' title='bbox 3433 5506 3493 5550; x_wconf 89' lang='lat' dir='ltr'>se</span> <span class='ocrx_word' id='word_1_854' title='bbox 3541 5491 3763 5550; x_wconf 86' lang='lat' dir='ltr'>dedere.</span> 
     </span>
    </p>
   </div>
   <div class='ocr_carea' id='block_1_118' title="bbox 2129 5580 3769 5654">
    <p class='ocr_par' dir='ltr' id='par_1_118' title="bbox 2129 5580 3769 5654">
     <span class='ocr_line' id='line_1_118' title="bbox 2129 5580 3769 5654; baseline -0.001 -14"><span class='ocrx_word' id='word_1_855' title='bbox 2129 5585 2354 5641; x_wconf 87' lang='lat' dir='ltr'>Mortuo</span> <span class='ocrx_word' id='word_1_856' title='bbox 2405 5584 2656 5654; x_wconf 91' lang='lat' dir='ltr'>Lotario,</span> <span class='ocrx_word' id='word_1_857' title='bbox 2707 5583 3035 5640; x_wconf 89' lang='lat' dir='ltr'>Ludovicus</span> <span class='ocrx_word' id='word_1_858' title='bbox 3086 5581 3243 5640; x_wconf 87' lang='lat' dir='ltr'>filius</span> <span class='ocrx_word' id='word_1_859' title='bbox 3295 5580 3603 5652; x_wconf 90' lang='lat' dir='ltr'>successit,</span> <span class='ocrx_word' id='word_1_860' title='bbox 3635 5583 3769 5639; x_wconf 89' lang='lat' dir='ltr'>etin</span> 
     </span>
    </p>
   </div>
   <div class='ocr_carea' id='block_1_119' title="bbox 2136 5670 3771 5745">
    <p class='ocr_par' dir='ltr' id='par_1_119' title="bbox 2136 5670 3771 5745">
     <span class='ocr_line' id='line_1_119' title="bbox 2136 5670 3771 5745; baseline -0.001 -16"><span class='ocrx_word' id='word_1_861' title='bbox 2136 5673 2401 5745; x_wconf 89' lang='lat' dir='ltr'>primevo</span> <span class='ocrx_word' id='word_1_862' title='bbox 2423 5672 2565 5731; x_wconf 85' lang='lat' dir='ltr'>ﬂore</span> <span class='ocrx_word' id='word_1_863' title='bbox 2587 5671 2917 5744; x_wconf 88' lang='lat' dir='ltr'>juventutis</span> <span class='ocrx_word' id='word_1_864' title='bbox 2938 5671 3123 5740; x_wconf 80' lang='lat' dir='ltr'>obiit;</span> <span class='ocrx_word' id='word_1_865' title='bbox 3153 5672 3211 5728; x_wconf 88' lang='lat' dir='ltr'>in</span> <span class='ocrx_word' id='word_1_866' title='bbox 3235 5686 3350 5744; x_wconf 90' lang='lat' dir='ltr'>quo</span> <span class='ocrx_word' id='word_1_867' title='bbox 3373 5670 3587 5729; x_wconf 88' lang='lat' dir='ltr'>defecit</span> <span class='ocrx_word' id='word_1_868' title='bbox 3612 5684 3771 5742; x_wconf 69' lang='lat' dir='ltr'>gene-</span> 
     </span>
    </p>
   </div>
  </div>
