3922 6430
126 414 238 498 {es

1404 426 1907 498 CHRONICON.
1943 465 2020 479 -—
2050 428 2205 496 LlB.
2251 424 2299 495 Ῑ.

3435 419 3547 499 iet

122 570 274 630 ratio
308 585 511 643 regum
568 585 642 628 ex
686 568 876 627 famila
934 568 1126 627 Karoli
1159 569 1363 640 Magni,
1397 575 1453 627 et
1489 565 1780 628 successit
1812 568 1857 629 Α
1896 572 2475 637 constructum,eum
2499 560 2768 624 omnibus
2788 566 2984 638 rebus,
3014 568 3309 639 regalibus
3333 584 3548 642 praece-

120 677 194 718 ex
226 661 338 719 alia
384 660 598 718 familia
632 663 794 730 Hugo
817 676 938 715 rex.
986 660 1147 725 Quod
1173 662 1433 729 graviter
1460 662 1651 716 ferens
1680 663 1781 715 Ar-

120 750 321 807 nulfus
348 749 620 821 clericus,
648 749 903 806 Lotharii
930 749 1201 811 frater,ut
1226 749 1778 820 diximus,patruum

119 839 396 897 Karolum
428 840 485 895 in
510 838 809 894 Franciam
835 837 1084 899 reduxit,
1103 844 1158 893 et
1185 838 1519 894 Laudunum
1542 839 1697 909 cepit
1720 843 1777 893 et

120 929 387 985 retinuit.
435 926 726 983 Adalbero
772 941 913 982 vero
962 926 1359 982 Laudunensis
1402 928 1716 997 episcopus
1749 940 1777 980 a

119 1016 393 1073 custodia
427 1029 537 1086 qua
566 1015 876 1070 tenebatur
911 1015 1245 1084 fugiens,ad
1271 1016 1567 1084 llugonem
1598 1013 1776 1083 venit,

119 1111 178 1161 et
212 1105 265 1161 ei
302 1103 605 1160 Arnull‘um
655 1103 1022 1170 conciliavit;
1057 1103 1148 1158 cui
1211 1119 1312 1158 rex
1346 1103 1621 1160 defuncto
1677 1105 1781 1157 Rc-

120 1192 309 1250 mensi
352 1192 797 1262 archiepiscopo
849 1191 1377 1261 archiepiscopium
1413 1191 1681 1260 contulit,
1716 1197 1780 1247 ut

120 1282 235 1339 sibi
270 1280 540 1337 Karolum
571 1279 933 1336 conciliaret.
968 1278 1071 1334 Ille
1094 1281 1229 1335 dum
1266 1280 1559 1336 faciliores
1584 1279 1779 1335 aditus

120 1369 338 1440 querit,
373 1368 583 1439 quibus
619 1367 889 1424 Karolum
915 1367 1035 1437 regi
1071 1367 1366 1435 conciliet,
1403 1368 1700 1437 civitatem
1727 1368 1776 1422 ei

117 1456 323 1528 tradit,
359 1457 509 1514 unde
534 1458 605 1511 ab
633 1455 835 1512 eodem
864 1457 1103 1525 Hugone
1138 1455 1407 1526 perjurus
1426 1461 1482 1510 et
1512 1455 1771 1511 traditor

119 1545 357 1617 publice
379 1545 799 1602 conclamatur.
818 1544 931 1599 Nec
957 1544 1139 1600 multo
1162 1548 1291 1615 post
1318 1545 1387 1599 ab
1413 1544 1779 1600 Adalbereuc

119 1634 509 1705 Laudunensi,
553 1634 645 1689 cui
680 1648 742 1688 se
773 1631 1075 1699 credebat,
1099 1638 1324 1703 captus,
1363 1633 1488 1702 ipse
1520 1636 1578 1688 et
1611 1634 1780 1688 Caro-

117 1723 211 1780 lus
241 1723 462 1793 Hugoni
495 1721 843 1777 redduntur.
879 1721 1159 1778 Arnull‘us
1194 1722 1499 1793 preposito
1544 1721 1675 1789 sibi,
1713 1724 1775 1777 ut

116 1826 180 1867 se
211 1813 508 1882 perjurum
540 1814 750 1882 sponte
781 1811 1152 1881 conﬁteatur,
1179 1809 1431 1879 alioquin
1457 1810 1641 1866 oculis
1664 1811 1778 1881 pri-

1897 657 2015 726 ptis
2066 660 2165 712 tuo
2204 656 2481 713 consultu
2512 656 2625 712 sibi
2676 656 2940 726 sancitis,
2980 657 3035 712 in
3076 662 3359 715 :eternum
3395 661 3549 718 velle

1895 758 2235 815 permanere
2286 744 2716 810 inconvulsum,
2762 744 2988 801 scilicet
3024 765 3036 800 :
3072 746 3369 802 Scanciam
3412 764 3541 806 cum

1894 831 2019 888 suis
2048 834 2459 903 perninentiis,
2486 834 2778 889 abbatiam
2802 833 2991 889 sancti
3019 835 3268 890 Ainantii
3300 840 3358 892 et
3383 838 3548 909 quid-

1895 921 2030 991 quid
2056 921 2126 976 ad
2156 936 2281 976 eam
2308 923 2581 992 pertinet,
2609 923 2823 977 Novam
2850 922 3044 978 villam
3064 938 3195 980 eum
3226 926 3350 982 suis
3374 925 3542 998 locis,

1894 1008 2255 1065 Amantionis
2278 1014 2524 1079 curtem,
2544 1014 2819 1079 quantum
2837 1010 2905 1065 ad
2931 1025 3055 1066 eam
3073 1012 3391 1084 pertinent,
3411 1016 3546 1070 Par-

1894 1097 2084 1153 ridum
2135 1113 2266 1153 cum
2317 1098 2441 1153 suis
2501 1098 2868 1169 adjacentiis,
2904 1100 3159 1156 Harbodi
3193 1101 3387 1157 villam
3415 1117 3544 1160 cum

1894 1187 2017 1241 suis
2056 1186 2445 1256 pertinentiis,
2471 1187 2737 1243 Castonis
2758 1188 2945 1243 curtis
2969 1189 3280 1245 ecclesiam
3304 1205 3433 1247 cum
3456 1191 3548 1249 his

1893 1289 2020 1344 (μιῖο
2044 1275 2115 1330 ad
2154 1290 2277 1329 eam
2320 1275 2636 1346 pertinent,
2679 1274 3005 1332 mcelesiam
3048 1277 3119 1333 de
3151 1278 3385 1335 Marleio
3417 1295 3547 1337 cum

1893 1363 2015 1418 suis
2047 1363 2410 1433 adjacentiis,
2446 1363 2770 1419 {ecclesiam
2804 1364 2873 1420 de
2916 1364 3170 1421 Mareulﬁ
3205 1372 3375 1423 curte
3416 1384 3546 1425 cum

1892 1452 2014 1507 suis
2048 1451 2410 1522 adjacentiis,
2457 1452 2783 1508 {ecclesiam
2817 1454 2888 1508 de
2922 1455 3198 1510 Amonzei
3228 1455 3367 1512 villa
3416 1472 3546 1513 cum

1892 1539 2013 1595 suis
2028 1538 2399 1610 adjacentiis,
2427 1555 2557 1595 cum
2576 1540 2771 1610 terris,
2798 1540 3004 1611 vineis,
3029 1541 3394 1615 molendinis,
3416 1559 3546 1601 cum

1893 1627 2077 1683 servis
2094 1632 2152 1683 et
2172 1626 2424 1698 ancillis,
2451 1628 2742 1684 abbatiam
2768 1629 2959 1685 sancti
2986 1630 3219 1686 Petriet
3239 1631 3545 1690 ecclesiam

1893 1714 1963 1770 de
1996 1717 2207 1786 Maroa,
2260 1715 2330 1771 ad
2386 1717 2681 1773 Liniacum
2733 1717 3017 1789 quidquid
3052 1718 3123 1774 ad
3156 1718 3320 1777 illum
3353 1720 3547 1778 locum

1893 1803 2168 1875 pertinet,
2218 1805 2289 1860 ad
2338 1807 2553 1861 Novam
2598 1804 2796 1861 villam
2826 1806 2881 1861 in
2934 1807 3206 1864 Barrensi
3257 1809 3543 1867 comitatu

115 1898 697 1970 varetur,perjurum
725 1914 787 1954 se
810 1898 1021 1954 clamat
1056 1902 1113 1954 et
1139 1900 1362 1954 veniam
1379 1899 1525 1969 petit
1553 1917 1567 1965 ;
1600 1903 1775 1969 atque
1806 1922 1859 1981 Β
1891 1891 2173 1981 quidquid
2199 1893 2270 1949 ad
2308 1908 2439 1949 eum
2462 1892 2653 1950 locum
2689 1895 2966 1965 pertinet.
3003 1897 3134 1952 Haec
3183 1911 3325 1953 vero
3357 1899 3546 1955 omnia

116 1988 197 2043 ita
223 2003 358 2043 mox
396 1986 729 2058 deponitur,
755 1992 811 2042 et
864 1987 919 2042 in
940 1987 1067 2044 loco
1089 1987 1217 2055 ejus
1242 1988 1561 2043 Gerbertus
1585 1986 1776 2043 diaco-

115 2091 227 2133 nus
283 2077 409 2147 ejus
452 2075 860 2145 substituitur,
912 2075 1100 2146 primo
1146 2089 1291 2147 puer
1324 2076 1379 2130 in
1415 2075 1773 2131 monasterio

116 2164 307 2222 sancti
341 2163 570 2234 Gyraldi
604 2164 883 2233 nutritus,
934 2164 1035 2220 sed
1067 2180 1170 2236 pro
1204 2179 1427 2220 morum
1462 2162 1771 2219 insolentia

115 2254 414 2324 expulsus,
439 2252 808 2324 postmodum
831 2257 890 2307 et
915 2252 984 2309 de
1006 2253 1518 2324 archiepiscopatu
1545 2252 1769 2323 pulsus,

117 2340 189 2396 ad
223 2341 509 2397 Othonem
533 2341 944 2412 imperatorem
968 2356 1033 2397 se
1055 2341 1322 2397 contulit.
1355 2341 1601 2396 Karolus
1633 2356 1773 2397 vero

119 2429 387 2499 privatus
428 2428 643 2499 senuit,
669 2433 725 2485 et
766 2428 1044 2485 Arnulfus
1085 2429 1492 2500 episcomtum
1528 2430 1768 2499 recepit.

118 2510 294 2573 Soror
325 2518 451 2587 ejus
500 2517 793 2573 Mathildis
828 2518 935 2572 fuit
969 2518 1200 2574 Rodulﬁ
1235 2519 1390 2583 rugis
1424 2516 1773 2586 Burgundia:

116 2610 327 2676 mater,
360 2610 417 2661 et
450 2605 577 2675 ejus
605 2604 741 2675 ﬁlia,
775 2619 944 2676 quam
969 2606 1267 2663 Conradus
1292 2607 1632 2677 imperator,
1663 2611 1777 2661 ter-

118 2693 180 2748 tii
213 2694 451 2749 Ottonis
511 2692 683 2763 ﬁlius,
741 2708 983 2749 uxorem
1040 2693 1227 2764 duxnt,
1281 2693 1437 2749 Gisla
1474 2693 1628 2748 dicta
1658 2697 1770 2763 est,

120 2785 309 2837 mater
332 2781 584 2837 Heinrici
607 2780 769 2837 tertii
793 2782 1185 2853 imperatoris.
1212 2782 1381 2837 Berta
1408 2796 1637 2852 quoque
1651 2782 1777 2852 ejus

119 2870 233 2926 ﬁlia
266 2873 457 2924 mater
490 2869 709 2925 Odonis
743 2870 840 2940 qui
881 2869 1034 2940 apud
1068 2870 1177 2925 Bar
1210 2870 1357 2926 obiit
1387 2868 1476 2925 ’7‘.

189 2956 296 3026 (Cf.
329 2958 463 3013 Ser.
519 2956 650 3013 abb.
699 2956 817 3029 FZ.)
850 2959 1012 3013 Anno
1069 2961 1174 3013 968
1232 2957 1379 3014 obiit
1441 2957 1777 3016 Remundus

120 3044 414 3101 Eduorum
444 3045 780 3116 episcopus.

185 3132 327 3200 (Fel.
362 3134 476 3204 72.)
510 3154 535 3183 α
552 3135 844 3190 Joannes
870 3134 1204 3207 episcopus,
1234 3150 1445 3193 servus
1474 3150 1777 3193 servorum

117 3218 235 3289 Dei,
271 3222 614 3278 Bsnnucnno
644 3224 807 3278 fratri
860 3226 1063 3280 nostro
1094 3224 1481 3282 Virdunensis
1514 3225 1779 3281 ecclesiae

119 3308 417 3380 episeopo,
451 3325 581 3367 cum
613 3312 882 3369 omnibus
906 3312 1021 3373 sibi
1050 3327 1079 3367 a
1114 3314 1229 3368 Deo
1265 3313 1597 3369 commissis
1653 3312 1782 3368 bra-

116 3395 269 3451 vium
300 3402 520 3455 eternas
554 3400 1066 3456 remunerationis.

194 3505 220 3533 ‹‹
255 3485 535 3543 Convenit
568 3488 896 3559 apostolico
926 3487 1305 3545 moderamini
1365 3490 1459 3561 pia
1495 3489 1779 3559 religione

119 3571 476 3642 pollentibus
496 3575 762 3633 benivola
789 3577 1037 3633 caritate
1072 3578 1285 3649 favere,
1312 3584 1389 3634 'et
1416 3579 1779 3650 poscentium

121 3662 326 3719 animis
350 3663 535 3721 alacri
579 3664 889 3722 devotione
920 3680 1221 3723 assensum
1256 3667 1536 3739 pra3bere.
1575 3669 1641 3722 Et
1675 3667 1781 3723 hoc

121 3750 267 3806 enim
305 3752 673 3823 potissimum
727 3755 1027 3825 praemium
1062 3755 1208 3812 lucri
1244 3770 1271 3811 a
1298 3755 1605 3811 conditore
1665 3771 1783 3811 om-

125 3837 277 3895 nium
311 3841 553 3896 Domino
577 3843 1065 3913 promerebimur,
1093 3844 1140 3899 si
1171 3844 1529 3900 venerabilia
1555 3848 1783 3902 sancto-

129 3939 249 3983 rum
282 3926 409 3985 loca
424 3935 712 4001 oportune
742 3931 1006 3988 ordinata
1032 3931 1103 3987 ad
1119 3932 1415 3988 meliorem
1434 3933 1784 3989 fuerintsta-

130 4018 244 4071 tum
271 4021 473 4075 nostra
499 4023 852 4076 auctoritate
867 4019 1171 4090 perducta.
1200 4021 1383 4090 Igitur
1408 4021 1678 4091 quoniam
1696 4027 1775 4090 te,

130 4103 425 4162 carissime
458 4106 1050 4179 frater,interc:etera
1075 4114 1292 4166 sanetae
1320 4112 1778 4170 conversationis

129 4193 401 4250 exercitia
427 4196 817 4267 comperimus
841 4196 1129 4269 quoddam
1155 4199 1572 4255 monasterium
1596 4200 1651 4254 in
1678 4204 1776 4257 tuo

129 4280 419 4354 episcopio
444 4282 611 4352 juxta
641 4285 943 4342 civitatem
964 4286 1205 4343 Virduni
1238 4287 1294 4341 in
1326 4287 1592 4344 aecclesia
1618 4288 1773 4345 beati

131 4366 281 4424 Petri
313 4386 419 4441 pro
480 4386 678 4429 amore
708 4374 808 4429 Dei
851 4374 1275 4445 eonstruxisse,
1311 4375 1368 4430 in
1402 4390 1516 4445 quo
1549 4377 1775 4447 req’uie-

100 4452 109 4463 '
135 4461 293 4512 scunt
310 4473 556 4532 corpora
573 4466 909 4519 sanctorum
925 4463 1330 4520 confessorum
1356 4468 1532 4535 atque
1572 4466 1774 4536 praefa-

130 4546 201 4598 ta:
215 4545 477 4604 ecclesia;
492 4555 707 4606 sanct:e
723 4552 912 4608 Mariae
943 4550 1232 4621 quondam
1249 4552 1775 4624 episcoporum,Vi-

1813 3273 1864 3336 Ο

1892 1980 2171 2050 praedicta
2204 1981 2331 2038 loca
2349 1997 2482 2038 cum
2506 1983 2629 2039 suis
2666 1983 2940 2040 omnibus
2962 1985 3319 2054 generaliter
3337 1991 3395 2042 et
3422 2002 3548 2059 spe-

1889 2068 2121 2125 cialiter
2158 2070 2547 2141 pertinentiis,
2564 2076 2624 2127 et
2638 2071 2919 2143 quidquid
2934 2075 3050 2129 Deo
3064 2073 3392 2145 epitulante
3405 2079 3545 2132 voto

1890 2156 2144 2213 ﬁdelium
2168 2159 2299 2216 huic
2321 2160 2676 2216 monasterio
2694 2176 3040 2218 concessum
3063 2163 3240 2218 fuerit
3266 2163 3321 2218 in
3345 2163 3542 2220 futuro

1891 2250 2173 2317 tempore,
2200 2262 2303 2318 per
2325 2249 2709 2304 hocnostrum
2743 2250 3129 2320 apostolicum
3164 2250 3535 2323 privilegium

1889 2336 2224 2405 perenniter
2265 2336 2561 2393 ﬁrmamus
2592 2342 2709 2393 tam
2742 2339 2909 2395 vobis
2940 2354 3109 2410 quam
3170 2340 3384 2397 vestris
3417 2356 3547 2398 suc-

1890 2425 2250 2494 cessoribus,
2277 2428 2335 2480 et
2369 2425 2608 2497 insuper
2636 2427 2744 2483 hoc
2778 2433 2997 2484 nostrae
3029 2430 3401 2486 auctoritatis
3423 2430 3536 2502 pri-

1888 2511 2103 2581 vilegio
2118 2527 2251 2569 esse
2267 2516 2715 2573 eorroboratum
2738 2515 3029 2587 volumus,
3049 2518 3247 2587 quatin
3259 2532 3324 2574 us
3338 2518 3540 2575 eadem

1889 2601 2276 2657 Virdunensis
2306 2603 2594 2675 aecclesia,
2631 2619 2758 2675 quae
2782 2606 3065 2662 hactenus
3089 2606 3161 2662 de
3192 2606 3328 2663 ﬁliis
3354 2609 3426 2663 ab
3458 2608 3542 2680 ip-

1890 2690 1973 2745 sis
2007 2690 2271 2748 infaneize
2328 2690 2675 2750 rudimentis
2708 2694 2764 2749 in
2808 2694 3030 2763 gremio
3090 2711 3197 2751 suo
3230 2696 3536 2768 expositis,

1891 2776 2373 2849 dumjad,cxterna
2396 2782 2744 2837 monasteria
2773 2783 3206 2855 confugiebant,
3232 2784 3539 2841 fraudaba-

1890 2870 2007 2936 tur,
2043 2867 2252 2923 abhinc
2283 2872 2340 2924 et
2399 2868 2676 2942 deinceps
2719 2871 2771 2925 in
2806 2873 3067 2929 membro
3127 2873 3239 2930 sibi
3271 2873 3539 2944 subjecto

1889 2955 2138 3011 consilio
2170 2957 2259 3012 sui
2291 2957 2555 3029 episcopi
2588 2963 2764 3029 atque
2789 2960 3155 3031 providentia
3178 2961 3423 3032 gloriosi
3446 2963 3546 3019 ab-

1892 3043 2048 3098 batis
2078 3045 2380 3101 Humberti
2414 3045 2484 3101 de
2516 3062 2716 3104 eorum
2745 3054 2947 3105 sancta
2981 3051 3427 3107 conversatione
3453 3066 3548 3108 su-

1893 3130 2130 3187 blimata
2186 3131 2495 3202 glorietur.
2551 3135 2606 3189 Si
2641 3150 2752 3206 qua
2812 3143 3005 3192 autem
3055 3138 3369 3195 temerario
3399 3153 3546 3197 ausu

1894 3234 2101 3290 magna
2132 3236 2384 3291 parvave
2438 3238 2705 3295 persona,
2735 3225 3158 3297 cujuscumque
3189 3227 3414 3284 ordinis
3442 3232 3542 3286 aut

1896 3310 2233 3380 potestatis,
2259 3314 2463 3366 contra
2488 3312 2635 3369 hanc
2651 3320 2912 3369 nostram
2929 3315 3308 3386 apostolicam
3331 3331 3548 3388 prace-

1894 3397 2150 3468 ptionem
2175 3398 2258 3454 ire
2294 3402 2689 3472 temptaverit,
2726 3403 2874 3459 sciat
2903 3418 2965 3460 se
2996 3405 3353 3461 auctoritate
3388 3407 3544 3463 beati

1891 3486 2048 3540 Petri
2065 3487 2465 3557 apostolorum
2482 3490 2764 3562 principis
2777 3494 3545 3565 excommunicatum,atque

1893 3575 2281 3631 anathematis
2296 3577 2529 3634 vinculo
2554 3593 2686 3634 esse
2713 3580 3073 3653 innodatum,
3096 3587 3153 3638 et
3188 3598 3216 3638 a
3250 3583 3541 3652 regnoDei

1894 3661 2167 3729 alienum,
2201 3680 2331 3721 cum
2364 3666 2747 3739 omnibusque
2798 3669 2992 3740 impiis
3024 3675 3246 3726 {eterno
3277 3670 3545 3726 incendio

1894 3756 2071 3822 atque
2094 3752 2382 3825 supplicio
2407 3755 2915 3827 condempnatum.
2945 3757 3086 3827 (Fel.
3115 3757 3246 3829 72’.)
3271 3759 3377 3826 Qui
3401 3773 3545 3816 vero

1893 3839 2242 3897 observator
2262 3843 2528 3898 extiterit
2552 3844 2725 3914 hujus
2748 3847 2935 3902 nostri
2962 3847 3263 3918 praecepti,
3290 3848 3538 3918 gratiam

1893 3932 2068 3999 atque
2102 3930 2563 3987 misericordiam
2622 3934 2919 4005 vitamque
2951 3941 3227 3993 aeternam
3260 3952 3288 3993 a
3324 3937 3545 3994 miseri-

1891 4017 2240 4073 cordissimo
2272 4019 2505 4076 domino
2535 4023 2648 4076 Deo
2674 4027 2878 4078 nostro
2900 4025 3181 4095 consequi
3222 4029 3538 4082 mereatur.

1890 4103 2182 4174 Scriptum
2216 4121 2316 4177 per
2337 4122 2567 4164 manum
2602 4110 2805 4166 Leonis
2827 4111 3112 4167 scriniarii
3141 4117 3366 4170 sanetae
3391 4113 3546 4172 sedis

1889 4193 2228 4263 apostolicae
2261 4194 2316 4249 in
2350 4210 2544 4251 mense
2588 4198 2863 4255 Januario
2893 4214 2998 4269 per
3047 4200 3421 4258 indictionem
3453 4205 3539 4259 14.

1887 4283 2092 4337 Datum
2126 4287 2157 4338 δ
2189 4282 2323 4339 Idus
2352 4285 2609 4341 Januarii
2641 4301 2747 4357 per
2778 4303 3007 4344 manum
3040 4290 3240 4346 Marini
3273 4292 3539 4365 episcopi

1887 4374 1947 4426 et
1978 4374 2195 4427 sanctae
2219 4370 2378 4428 sedis
2400 4372 2741 4443 apostolica)
2767 4374 3221 4449 bibliothecarii,
3248 4395 3403 4438 anno
3423 4382 3541 4437 Deo

1885 4458 2152 4530 propicio
2184 4460 2562 4531 pontiﬁcatus
2584 4461 2775 4518 domni
2807 4464 3086 4522 Johannis
3120 4468 3327 4522 summi
3354 4469 3543 4540 ponti-

1888 4547 2013 4604 ﬁcis
2043 4553 2100 4605 et
2136 4549 2489 4606 universalis
2521 4552 2617 4608 XII
2650 4566 2814 4623 papae
2846 4552 2901 4607 in
2951 4554 3350 4611 sacratissima
3398 4556 3540 4613 sede

134 4633 266 4703 toni,
300 4636 654 4707 Pulchronii,
704 4640 1076 4696 Possessoris
1110 4644 1286 4711 atque
1318 4641 1573 4712 Firmini,
1609 4648 1668 4697 et
1702 4642 1771 4698 de
1801 4626 1856 4688 D
1888 4636 2043 4693 beati
2081 4637 2241 4693 Petri
2279 4639 2530 4710 apostoli
2553 4637 2799 4712 decimo,
2833 4641 3020 4712 primo
3052 4643 3107 4698 in
3141 4657 3359 4715 mense,
3394 4643 3540 4700 indi-

138 4720 304 4778 rebus
336 4726 453 4781 tuas
486 4725 772 4783 aeeclcsiae
806 4728 1047 4798 provida
1080 4728 1548 4785 consideratione
1580 4729 1773 4787 suble-

134 4820 310 4881 vasse,
346 4818 408 4867 ut
438 4812 487 4868 si
524 4814 753 4883 quando
786 4814 885 4870 ﬁlii
928 4820 1044 4873 tua;
1099 4817 1363 4873 ecclesiae
1397 4817 1590 4874 divino
1622 4834 1772 4875 com-

133 4898 320 4963 puncti
338 4914 532 4957 amore
548 4906 782 4959 terrena
796 4903 1190 4976 despicientes
1204 4904 1275 4960 ad
1300 4907 1771 4977 contemplativae

132 4979 257 5042 vitae
289 4989 704 5059 perfectionem
735 4993 1055 5062 confugere
1076 4993 1504 5064 desiderarent,
1522 4988 1593 5051 ne
1617 5009 1647 5050 a
1669 5000 1771 5052 tua

133 5072 383 5131 tecelesia
419 5079 653 5149 penitus
674 5079 969 5138 dissociati
998 5082 1358 5154 viderentur,
1394 5082 1449 5138 in
1483 5087 1774 5142 monaste-

134 5156 233 5230 rio,
265 5164 413 5233 quod
460 5168 783 5225 membrum
815 5174 903 5226 est
963 5170 1222 5239 ejusdem
1254 5171 1539 5242 ecclesiae,
1576 5171 1770 5228 solatii

135 5246 406 5320 refugium
420 5256 531 5311 sub
549 5255 750 5314 habitu
775 5257 1075 5329 religionis
1100 5259 1213 5315 sibi
1239 5260 1770 5319 invenirentetDeo

134 5334 316 5403 quieta
350 5344 787 5413 tranquillitate
810 5347 954 5403 inibi
981 5347 1366 5415 famulentur;
1396 5350 1620 5406 noverit
1653 5365 1772 5407 om-

130 5421 278 5480 nium
308 5426 563 5489 ﬁdelium
598 5438 715 5490 tam
734 5435 1112 5505 prmsentium
1151 5450 1321 5506 quam
1349 5442 1411 5492 et
1441 5438 1770 5496 futurorum

131 5506 431 5586 industria,
465 5534 573 5577 nos
608 5520 759 5580 idem
812 5522 1234 5582 monasterium
1263 5527 1366 5581 tua
1399 5524 1771 5585 ordinatione

1886 4727 2083 4783 ctione
2145 4730 2230 4797 14,
2264 4741 2414 4783 anno
2474 4728 2547 4784 ab
2601 4728 2711 4785 inc.
2762 4730 2919 4785 Dom.
2951 4735 3126 4787 971.»
3178 4733 3312 4788 Haec
3343 4736 3536 4789 autem

1885 4818 2020 4871 sunt
2054 4815 2270 4885 addita,
2300 4816 2471 4871 immo
2505 4817 2766 4887 quaedam
2800 4817 3030 4874 reddita
3065 4820 3309 4889 praefato
3344 4834 3540 4876 mona-

1886 4902 2073 4958 sterio
2104 4908 2237 4974 post
2270 4908 2576 4975 acceptum
2610 4905 2719 4960 hoc
2752 4904 3115 4976 privilegium
3138 4926 3151 4961 :
3173 4905 3432 4964 Ecclesia
3465 4908 3539 4964 de

1884 4991 2168 5048 Bocconis
2200 4995 2412 5062 monte,
2448 4992 2695 5049 ecclesia
2729 4993 2800 5050 de
2842 4994 3125 5050 Donnatis
3155 5009 3287 5051 cum
3320 4994 3539 5052 molen-

1884 5079 2043 5150 dino,
2077 5079 2324 5137 ecclesia
2358 5079 2429 5137 de
2461 5081 2639 5138 Mauri
2688 5080 2847 5153 villa,
2882 5082 2954 5138 ad
3011 5083 3238 5140 Rivaldi
3271 5082 3535 5141 mansum

1884 5170 2067 5225 mansi
2103 5172 2376 5241 quatuor,
2399 5168 2472 5226 ad
2494 5169 2741 5227 Raherei
2772 5175 3001 5228 curtem
3030 5176 3087 5228 et
3114 5171 3534 5230 Gisleicurtem

1883 5262 1940 5316 et
1971 5260 2188 5317 Novam
2210 5258 2408 5316 villam
2440 5260 2621 5317 mansi
2650 5260 2896 5331 triginta
2916 5276 3047 5318 cum
3079 5260 3329 5318 ecclesia
3360 5265 3421 5317 et
3440 5276 3537 5319 ca-

1884 5345 2057 5419 pella,
2116 5348 2303 5404 vineae
2336 5346 2393 5403 in
2426 5347 2667 5404 Arnoldi
2725 5348 2863 5404 villa
2895 5362 3038 5419 quas
3095 5347 3381 5405 dederunt
3439 5349 3537 5407 Ri-

1882 5437 2098 5494 cbuara
2130 5435 2387 5507 ducissa,
2442 5435 2789 5507 Adelardul,
2822 5435 3172 5503 Amalricus,
3230 5436 3531 5512 Albertus,

1886 5528 2222 5599 Warnerus,
2254 5524 2549 5599 Gyrull‘us,
2583 5526 2929 5585 Lambertus
2948 5526 3285 5599 canonicus,
3320 5527 3393 5586 ad
3406 5528 3538 5603 Flo_

1482 5622 1723 5682 VARIIE
1765 5622 2167 5685 LECTIONES.

199 5706 266 5741 ³⁷⁸
294 5713 456 5772 Hinc
484 5717 611 5774 octo
644 5717 817 5776 lineas
843 5730 1045 5778 eram.
