3922 6414
411 375 522 436 195

1370 363 1737 427 HUGONIS
1781 360 2132 424 ABBATIS
2173 360 2863 423 FLAVINIACENSIS

3728 360 3839 418 196

408 503 743 572 rinchingas
795 514 1030 557 mansus
1063 514 1210 556 unus
1253 512 1383 554 cum
1418 497 1625 566 vineis,
1683 495 1754 551 ad
1790 497 2063 551 Sanctum
2093 493 2148 554 A
2180 497 2336 563 sunt,
2364 509 2468 566 pro
2493 508 2737 565 quorum
2763 492 3132 561 liberatione,
3156 493 3217 547 ut
3242 490 3478 562 dieitur,
3506 490 3834 553 Gotbertus

406 592 696 649 lulianum
755 604 987 645 mansus
1035 586 1315 643 dimidius
1344 602 1475 643 cum
1510 585 1697 653 vinea,
1762 584 1831 640 ad
1866 584 2066 638 Flaba-

410 682 556 737 sium
588 677 767 734 mansi
801 683 945 747 tres,
972 677 1027 731 in
1049 675 1273 731 Soliaco
1307 674 1580 744 ecclesia,
1608 674 1678 728 ad
1704 671 1938 729 Buslani
1962 669 2068 727 vil-

410 770 521 825 lam
552 768 825 825 ecclesia.

481 862 643 914 Anno
675 854 932 912 secundo
984 858 1118 926 post
1148 854 1346 911 datum
1375 854 1483 910 hoc
1536 852 1930 926 privilegium,
1968 849 2066 920 qui

409 953 533 1005 erat
559 949 630 1003 ab
654 947 765 1001 inc.
788 947 945 1000 Dom.
962 949 1085 1014 972,
1114 944 1265 998 Otho
1289 945 1525 1013 Magnus
1550 943 1872 1013 imperator
1895 939 2063 1018 obiit,

407 1044 477 1095 10
498 1035 723 1108 imperii
756 1034 844 1090 sui
879 1048 1051 1099 anno,
1075 1036 1134 1088 et
1158 1033 1309 1088 Otho
1340 1033 1524 1088 Rufus
1548 1030 1860 1087 successit.
1898 1031 2070 1084 Hum-

408 1126 612 1182 bertus
661 1123 834 1178 etiam
895 1122 1077 1178 abbas
1110 1120 1258 1176 obiit
1290 1126 1323 1177 2
1370 1122 1564 1177 Nonas
1612 1116 1969 1187 Decembris,
2008 1122 2069 1173 et

411 1214 745 1271 Adilmarus
778 1212 835 1265 in
870 1209 1057 1267 locum
1086 1211 1212 1281 ejus
1241 1208 1599 1266 substitutus
1624 1212 1737 1264 est.
1770 1205 2068 1263 Successit

410 1303 629 1373 itaque,
666 1305 729 1357 ut
767 1300 1040 1370 diximus,
1076 1298 1289 1355 Othoni
1323 1296 1513 1370 primo
1547 1296 1843 1354 secundus
1893 1295 2063 1364 Otho,

409 1391 506 1463 qui
540 1395 599 1445 et
628 1390 831 1457 Rufus,
872 1388 943 1444 de
976 1403 1090 1459 quo
1125 1388 1346 1444 dictum
1378 1391 1470 1443 est
1499 1385 1896 1458 proverbium,
1930 1384 2066 1454 quia

407 1478 701 1536 successit
753 1477 891 1534 Otto
926 1476 1218 1533 secundus
1248 1474 1319 1533 ad
1350 1475 1677 1546 imperium,
1734 1478 1796 1530 ut
1829 1472 2064 1528 floreret

410 1565 708 1625 saeculum.
763 1566 921 1623 Vixit
952 1570 1149 1622 autem
1184 1564 1432 1621 domnus
1464 1563 1854 1632 Berengarius
1883 1576 2067 1632 usque

413 1655 485 1713 ad
520 1661 752 1726 tempus
802 1654 1038 1710 Ottonis
1071 1652 1256 1722 tertii,
1288 1656 1345 1709 et
1380 1654 1692 1709 defunctus
1719 1655 1753 1706 2
1782 1651 1919 1707 Idus
1958 1653 2069 1706 Au-

416 1744 597 1816 gusti,
621 1743 771 1798 infra
801 1742 1126 1799 {ecclesiam
1153 1740 1475 1797 tumulatus
1490 1745 1583 1796 est
1619 1755 1749 1797 cum
1771 1740 1990 1795 honore
2011 1739 2068 1794 in

2179 582 2373 639 claves
2407 583 2570 639 urbis
2605 583 2722 653 regi
2757 582 2989 639 detulit.
3027 582 3112 637 Ob
3143 581 3289 638 hanc
3332 580 3531 651 itaque
3585 595 3833 638 causam

2180 688 2309 728 cum
2335 673 2653 729 invenisset
2683 674 2843 740 Hugo
2863 685 3149 742 expensas
3170 668 3450 741 episcopii
3476 670 3837 726 extermina-

2181 766 2291 831 tas,
2324 762 2543 817 notatis
2585 761 2854 817 villarum
2906 760 3198 817 reditibus
3243 775 3376 815 mox
3410 774 3695 816 reversus
3727 766 3830 814 est.

2180 850 2302 915 Quo
2324 865 2565 919 egresso
2589 853 2972 921 susceperunt
2999 851 3218 920 absque
3236 849 3398 919 regio
3412 849 3566 905 dono
3584 848 3835 904 Adelbe-

2181 953 2400 1009 ronem,
2438 939 2724 995 Beatrieis
2753 938 2934 995 ﬁlium
2988 939 3193 995 matris
3245 938 3413 995 ducis
3462 936 3831 1007 Theoderici,

2179 1026 2277 1096 qui
2298 1025 2721 1097 aliquantulum
2745 1032 3006 1084 moratus
3031 1026 3087 1082 in
3110 1026 3370 1087 civitate.
3389 1025 3676 1081 defuncto
3702 1026 3835 1079 Met-

2179 1115 2330 1170 tensi
2353 1116 2653 1188 episcopo,
2672 1115 2773 1172 illo
2787 1131 2848 1173 se
2862 1114 3135 1186 contulit,
3154 1114 3269 1171 isto
3289 1114 3517 1171 relicto.
3536 1114 3689 1171 Huic
3713 1128 3835 1170 suc-

2179 1203 2361 1260 cessit
2398 1204 2711 1275 Adalbero,
2748 1204 2906 1261 filius
2937 1204 3170 1261 comitis
3200 1202 3516 1273 Godefridi,
3555 1217 3709 1260 avus
3741 1202 3836 1257 du-

2180 1291 2266 1348 cis
2297 1292 2615 1363 Godefridi,
2652 1293 2746 1363 qui
2782 1296 3024 1365 accepta
3056 1307 3237 1350 uxore
3276 1291 3590 1362 Bonefacii,
3627 1297 3831 1363 postea

2181 1380 2371 1437 factus
2400 1384 2488 1438 est
2526 1382 2803 1438 marchio.
2829 1384 2884 1439 Is
2916 1381 3217 1439 Salernum
3245 1381 3447 1437 eodem
3478 1392 3631 1438 anno
3665 1381 3834 1436 bene

2180 1468 2456 1525 dictionis
2488 1486 2608 1527 suae
2639 1471 2963 1528 curationis
2993 1471 3181 1542 gratia
3214 1472 3529 1543 profectus,
3558 1483 3832 1526 reversus

2183 1557 2237 1612 in
2272 1559 2438 1614 Italia
2472 1559 2615 1614 obiit
2654 1563 2718 1615 14
2750 1559 2868 1615 Kal.
2906 1561 3057 1631 Mai.,
3093 1564 3153 1616 et
3187 1559 3436 1616 relatum
3466 1573 3693 1630 corpus
3713 1557 3834 1627 ejus

2181 1646 2423 1703 Virduni
2458 1647 2753 1719 sepultum
2786 1652 2898 1704 est.
2933 1649 3088 1704 Vixit
3138 1648 3194 1704 in
3245 1648 3591 1720 episcopatu
3639 1646 3831 1703 tribus

2182 1734 2356 1790 semis
2390 1735 2574 1807 annis,
2608 1740 2664 1792 et
2698 1737 2987 1793 successit
3018 1738 3213 1793 Heimo
3248 1752 3395 1793 anno
3426 1740 3552 1792 958.

417 1833 690 1902 ingressu
723 1829 991 1900 claustri,
1027 1830 1179 1899 quod
1215 1832 1449 1885 constat
1481 1844 1611 1885 eum
1642 1833 1699 1884 et
1725 1828 1991 1899 quesisse
2009 1830 2065 1882 et
2098 1845 2152 1906 Β
2257 1824 2421 1895 [Ron.
2458 1826 2629 1880 GLAB.
2667 1840 2704 1896 ι,
2740 1824 2815 1897 4.]
2852 1827 2911 1881 In
2946 1825 3109 1881 initio
3143 1826 3342 1896 itaque
3390 1824 3551 1895 regni
3595 1824 3829 1881 Ottonis

413 1919 789 1993 praecepisse.
826 1918 930 1989 (Cf.
989 1917 1170 1975 Gesta
1212 1919 1331 1974 Vir.
1365 1918 1443 1987 2.)
1474 1919 1732 1987 Regebat
1766 1922 1900 1974 tunc
1927 1920 2071 1972 tem-

421 2008 584 2081 poris
619 2007 967 2077 Burgundiae
1002 2021 1241 2076 regnum
1274 2006 1580 2077 Rodulfus,
1610 2006 1858 2062 Conradi
1891 2006 2065 2074 filius,

414 2097 582 2166 cujus
621 2110 884 2152 sororem
916 2095 1131 2151 Gislam
1166 2095 1464 2151 Conradus
1498 2095 1836 2166 imperator,
1882 2094 1979 2164 qui
2012 2099 2068 2148 et

418 2185 601 2254 Cono,
635 2183 798 2240 duxit
823 2197 1081 2239 uxorem.
1121 2183 1289 2251 (Clzr.
1319 2184 1588 2254 Diniam.)
1623 2185 1682 2238 In
1703 2181 2071 2252 Lugdunensi

415 2272 689 2347 aacelesia
731 2274 1036 2342 promotus
1070 2275 1199 2327 erat
1227 2271 1299 2327 ad
1330 2270 1733 2342 episcopatum
1790 2269 2074 2326 Burchar-

420 2361 550 2431 dus,
586 2360 818 2416 Rodulfl
853 2360 1011 2430 regis
1043 2360 1245 2431 frater,
1279 2360 1523 2417 Conradi
1554 2375 1625 2415 ex
1652 2358 1979 2416 concubina
2011 2357 2074 2412 fl-

421 2448 553 2520 lius,
589 2465 619 2505 a
647 2464 760 2519 quo
792 2447 1103 2505 ordinatus
1127 2452 1215 2504 est
1243 2450 1434 2505 Bruno
1455 2447 2074 2518 Lingonensisepisco-

424 2553 553 2610 pus,
589 2553 638 2594 a.
679 2537 830 2593 dom.
868 2536 980 2593 inc.
1016 2541 1139 2607 981,
1176 2536 1291 2593 ind.
1323 2537 1629 2608 nonafllic
1670 2536 2071 2609 episcopatum

422 2625 864 2696 Lugdunensem
895 2625 951 2680 in
984 2624 1225 2681 infantia
1258 2624 1507 2696 adeptus
1536 2629 1648 2682 est.

493 2714 702 2782 (Gesta
737 2713 925 2781 Vini.)
950 2716 1111 2770 Anno
1130 2713 1310 2783 igitur
1334 2712 1485 2770 dom.
1509 2714 1627 2769 inc.
1658 2717 1779 2783 983,
1807 2713 1945 2769 Otto
1960 2714 2070 2770 Ru-

423 2804 513 2860 fus
568 2801 875 2871 secundus,
928 2817 1059 2858 cum
1110 2806 1174 2857 l2
1203 2816 1386 2858 annos
1434 2806 1759 2871 regnasset,
1819 2802 2074 2858 moriens

424 2893 640 2960 Romae,
678 2904 710 2945 a
742 2889 867 2946 suis
900 2890 1122 2946 relatus
1152 2894 1265 2960 est,
1296 2894 1353 2944 et
1386 2890 1738 2961 Aquisgrani
1772 2889 2069 2962 sepultus;

425 2980 518 3036 cui
549 2977 839 3036 successit
870 2978 1096 3034 tercius
1125 2977 1263 3033 Otto
1285 2983 1353 3035 12
1383 2993 1686 3050 annorum,
1719 2978 1868 3050 quia
1899 2992 2075 3034 cuna-

428 3064 584 3125 bulis
617 3065 866 3137 sumpsit
901 3070 1196 3137 sceptrum
1221 3068 1631 3137 Romanorum,
1663 3066 1770 3123 sub
1800 3067 1967 3138 cujus
1988 3081 2076 3121 re-

423 3154 640 3225 gimine
688 3153 846 3209 salus
876 3153 982 3210 fuit
1008 3154 1220 3211 mundo
1249 3158 1307 3209 et
1340 3152 1541 3223 gloria.
1594 3155 1872 3226 Tempore
1902 3153 2075 3224 hujus

427 3242 663 3315 praefuit
690 3241 1038 3298 Virdunensi
1090 3242 1356 3300 ecclesiae
1387 3242 1706 3312 Wigfridus
1736 3244 2070 3316 episcopus.

424 3331 528 3387 Hic
552 3330 799 3402 quadam
835 3329 928 3386 die
979 3331 1183 3387 urbem
1213 3345 1508 3401 egressus,
1543 3331 1702 3387 venit
1757 3332 1830 3390 ad
1876 3331 2070 3389 villam

423 3418 670 3475 fratrum
703 3434 831 3489 quae
874 3418 1250 3475 Wandersala
1284 3418 1518 3491 dicitur,
1553 3420 1654 3477 ubi
1683 3434 1715 3476 a
1747 3421 1959 3478 comite
1991 3422 2077 3476 Si-

421 3506 637 3578 gifrido
667 3510 879 3578 captus
911 3510 969 3563 et
1002 3507 1327 3579 absolutus,
1361 3507 1432 3564 de
1473 3508 1718 3579 pecunia
1764 3524 1935 3581 quam
1968 3525 2073 3580 pro

424 3594 831 3651 emendatione
864 3596 1120 3667 suscepit
1155 3596 1234 3652 ita
1266 3594 1591 3653 aacclesiam
1634 3602 1850 3655 sanctae
1882 3598 2074 3654 Mariae

424 3684 658 3739 coronis
689 3683 940 3754 ornavit,
973 3687 1036 3740 ut
1066 3684 1112 3739 si
1145 3698 1316 3741 manu
1349 3684 1594 3756 primam
1629 3689 1922 3756 tangeres,
1957 3701 2075 3743 om-

425 3785 530 3827 nes
564 3786 747 3843 usque
779 3771 849 3827 ad
882 3772 1260 3828 novissimam
1293 3776 1686 3830 moverentur.
1720 3774 1821 3830 Hie
1855 3774 2075 3846 praede-

423 3858 777 3916 cessorissui
794 3858 988 3914 domui
1004 3860 1337 3930 Berengerii
1353 3860 1615 3917 imitator
1630 3862 1839 3933 factus,
1865 3862 1922 3919 in
1942 3864 2076 3920 sub-

424 3946 597 4002 urbio
628 3944 980 4003 Virdunensi
1014 3948 1317 4005 cenobium
1341 3948 1675 4021 aedificavit,
1709 3955 1766 4007 et
1801 3965 2075 4021 aggrega-

423 4038 483 4089 ta
516 4035 933 4091 monachorum
985 4040 1195 4108 turma,
1238 4051 1453 4109 corpus
1484 4037 1624 4096 illuc
1679 4040 1868 4097 sancti
1906 4038 2074 4097 Pauli

423 4122 685 4195 episcopi
721 4122 976 4180 levatum
1008 4124 1079 4182 de
1103 4124 1229 4182 loco
1254 4140 1367 4196 quo
1384 4126 1639 4198 jacebat,
1668 4127 1723 4183 in
1747 4128 1965 4185 feretro
1988 4142 2077 4185 ar-

424 4215 637 4282 genteo
670 4211 1023 4284 recondidit,
1084 4213 1421 4286 victumque
1477 4216 1780 4287 fratribus,
1814 4217 1912 4289 qui
1942 4216 2074 4274 loco

423 4298 627 4355 eodem
658 4300 899 4357 Domino
948 4301 1335 4374 deservirent,
1367 4317 1441 4360 ex
1473 4303 1761 4362 reditibus
1789 4305 2074 4378 episcopii

422 4387 699 4458 providit.
736 4388 839 4444 Hie
872 4389 1047 4446 etiam
1072 4390 1224 4447 inter
1242 4395 1443 4450 cetera
1465 4392 1614 4451 bona
1636 4393 1895 4452 Ravandi
1919 4409 2076 4451 man-

419 4490 543 4532 sum
589 4480 792 4533 sancto
837 4477 1089 4535 Firmino
1145 4478 1417 4536 contulit.
1479 4481 1766 4540 Defuncto
1799 4487 1993 4540 autem
2040 4486 2075 4539 2

2104 3198 2156 3264 C

2183 1913 2279 1979 Ili,
2309 1928 2453 1985 papa
2486 1914 2652 1985 obiit,
2688 1914 2745 1969 in
2773 1914 2941 1984 cujus
2976 1915 3166 1971 locum
3201 1915 3339 1971 Otto
3364 1913 3540 1971 alium
3567 1914 3826 1970 ordinari

2184 2002 2487 2073 przecepit,
2525 2018 2695 2073 quem
2726 2004 2975 2060 Joannes
3007 2004 3381 2060 Crescentius
3427 2004 3497 2060 de
3529 2002 3827 2058 nobilibus

2182 2091 2570 2147 Romanorum
2605 2092 2843 2163 dejecit,
2877 2097 2935 2149 et
2968 2093 3144 2150 alium
3177 2093 3509 2150 substituit.
3545 2091 3658 2149 Sed
3697 2092 3825 2147 Otto

2183 2193 2475 2250 reversus,
2509 2180 2671 2237 illum
2704 2180 2995 2251 dejectum
3031 2181 3280 2238 abscicis
3310 2182 3580 2237 manibus
3609 2180 3743 2250 ejus
3773 2186 3824 2233 et

2183 2268 2423 2325 auribus
2452 2273 2509 2324 et
2543 2269 2731 2326 oculis
2761 2271 2969 2341 erutis,
2995 2274 3053 2326 et
3082 2270 3274 2326 occiso
3309 2269 3670 2338 Crescentio,
3699 2269 3823 2322 Ger-

2185 2356 2414 2413 bertum
2448 2373 2654 2430 papam
2687 2359 2946 2416 ordinari
2981 2360 3281 2432 praecepit.
3312 2360 3573 2432 [RICB£R,
3599 2374 3685 2429 Ill,
3722 2355 3822 2425 43.]

2182 2445 2285 2501 [lic
2317 2446 2373 2500 in
2409 2447 2654 2525 cenobiq
2688 2447 2875 2504 sancti
2902 2447 3134 2503 Geraldi
3159 2447 3314 2520 apud
3338 2446 3710 2504 Aureliacum
3735 2460 3824 2499 nu-

2181 2534 2360 2591 tritus
2384 2535 2510 2606 fuit,
2535 2536 3033 2607 grammaticaque
3058 2541 3146 2593 est
3169 2536 3459 2605 eruditus,
3484 2538 3541 2591 et
3562 2535 3635 2590 ab
3660 2534 3823 2589 abba-

2183 2627 2240 2678 te
2258 2622 2371 2679 loci
2396 2622 2627 2680 Borello
2653 2624 2949 2681 citerioris
2972 2624 3261 2696 Hispaniae
3295 2622 3428 2681 duci
3454 2621 3817 2689 commissus,

2183 2715 2243 2767 ut
2279 2712 2334 2765 in
2367 2712 2597 2769 artibus
2629 2713 2989 2785 erudiretur,
3016 2715 3088 2769 ab
3110 2728 3180 2769 eo
3205 2711 3689 2768 Hattonicuidam
3714 2709 3822 2780 epi-

2183 2814 2359 2870 scopo
2390 2800 2649 2857 traditus
2680 2806 2772 2858 est
2813 2801 3211 2871 instruendus,
3248 2801 3401 2872 apud
3444 2814 3612 2871 quem
3655 2796 3820 2870 pluri-

2182 2902 2337 2944 mum
2361 2887 2417 2944 in
2442 2888 2689 2947 mathesi
2714 2889 2961 2947 studuit.
2986 2892 3199 2947 Verum
3231 2888 3513 2961 praedicto
3535 2887 3685 2944 duce
3700 2900 3817 2942 cum

2181 2976 2459 3048 episcopo
2482 2978 2717 3034 Romam
2746 2982 2945 3048 eunte,
2974 2978 3126 3035 idem
3150 2993 3281 3035 cum
3308 2978 3396 3034 eis
3427 2977 3745 3049 profectus,
3768 2979 3818 3027 et

2181 3078 2347 3136 papae
2382 3065 2575 3123 factus
2607 3067 2966 3137 notissimus,
2995 3068 3068 3124 ab
3099 3083 3169 3125 eo
3201 3065 3399 3123 Ottoni
3430 3065 3553 3135 regi
3585 3068 3677 3120 est
3702 3061 3819 3118 inti-

2186 3155 2394 3224 matus,
2429 3159 2487 3210 et
2523 3170 2653 3212 cum
2705 3155 3075 3212 Adalberone
3124 3155 3396 3212 Remensi
3427 3154 3705 3227 episcopo
3732 3152 3819 3205 Re-

2186 3241 2293 3298 mis
2323 3243 2503 3299 venit.
2532 3243 2662 3317 (z’b.)
2698 3244 2823 3311 Quo
2857 3249 3117 3317 tempore
3142 3244 3376 3301 Otricus
3401 3241 3551 3315 apud
3576 3242 3818 3298 Saxones

2186 3328 2429 3400 insignis
2459 3330 2803 3388 habebatur.
2834 3334 2971 3388 Post
3006 3348 3217 3390 annum
3247 3330 3551 3388 Remensis
3584 3327 3819 3385 Adalbe-

2188 3432 2251 3473 ro
2282 3419 2517 3475 Romam
2548 3435 2679 3477 cum
2718 3421 3003 3477 Gerberto
3035 3422 3293 3493 petebat,
3326 3425 3387 3477 et
3435 3418 3615 3475 Ticini
3650 3430 3816 3485 augu-

2187 3511 2341 3563 stum
2362 3522 2492 3564 cum
2514 3507 2712 3564 Otrico
2737 3509 3026 3580 reperit,a
3042 3523 3156 3579 quo
3170 3508 3474 3579 magnifice
3497 3507 3816 3577 susceptus,

2186 3592 2518 3667 ductusque
2569 3612 2673 3667 per
2718 3596 2937 3654 Padum
2979 3598 3165 3654 classe
3213 3598 3564 3666 Ravennam,
3598 3598 3658 3651 et
3697 3590 3815 3663 quia

2186 3697 2335 3740 anno
2370 3684 2675 3756 superiore
2708 3685 2944 3743 Otricus
2964 3684 3232 3742 Gerberti
3258 3699 3320 3741 se
3346 3684 3817 3757 reprehensorem

2187 3772 2243 3828 in
2276 3772 2523 3843 quadam
2557 3773 2740 3843 figura
2762 3789 2893 3830 cum
2917 3773 3228 3846 multiplici
3251 3772 3612 3830 diversarum
3637 3782 3814 3826 rerum

2188 3860 2610 3919 distributione
2643 3866 3097 3933 monstraverat,
3136 3863 3307 3934 jussu
3357 3860 3590 3930 augusti
3635 3869 3817 3915 omnes

2186 3948 2389 4020 palatii
2412 3949 2708 4022 sapientes
2730 3950 2883 4007 intra
2910 3951 3187 4024 palatium
3211 3949 3445 4008 collecti
3467 3953 3622 4019 sunt,
3648 3942 3817 4003 archi-

2187 4037 2501 4111 episcopus
2532 4053 2765 4111 quoque
2796 4056 2928 4097 cum
2962 4039 3196 4097 Adsone
3229 4039 3440 4096 abbate
3471 4032 3742 4093 Dervensi
3765 4035 3813 4086 et

2188 4126 2642 4184 scolasticorum
2665 4142 2944 4185 numerus
2968 4144 3082 4186 non
3105 4143 3322 4200 parvus
3347 4131 3433 4195 ;et
3450 4130 3618 4197 cepta
3639 4123 3815 4194 dispu-

2187 4215 2432 4285 tatione,
2459 4232 2589 4273 cum
2607 4215 2725 4286 jam
2750 4231 2894 4285 pene
2920 4221 3107 4274 totum
3131 4217 3282 4274 diem
3305 4211 3812 4287 consumpsissem,

2188 4305 2421 4374 augusti
2454 4309 2599 4363 nutu
2630 4305 2763 4363 finis
2796 4306 3114 4379 impositus
3143 4309 3256 4363 est.
3296 4304 3377 4361 Ibi
3411 4302 3725 4360 Gerbertus
3754 4294 3814 4350 ab

2188 4397 2438 4463 augusto
2461 4395 2694 4465 egregie
2720 4394 2993 4466 donatus,
3018 4395 3215 4452 Remis
3237 4409 3368 4452 cum
3390 4390 3814 4463 archiepiscopo

2188 4495 2464 4539 reversus
2495 4488 2603 4554 est,
2637 4486 2695 4539 et
2730 4487 2863 4554 post
2900 4497 2931 4541 a
2961 4485 3202 4554 Hugone
3253 4481 3510 4552 Hugonis
3556 4475 3734 4548 Magni
3764 4470 3819 4526 f1-

422 4562 661 4620 Kalend.
700 4564 994 4638 Septemb.
1026 4566 1335 4638 Wigifrido
1363 4566 1433 4601 ’⁷⁵
1463 4568 1815 4628 Virdunensi
1850 4572 2076 4644 episco-
2102 4556 2158 4621 D
2188 4569 2286 4642 lio,
2322 4586 2458 4641 rege
2488 4572 2863 4644 Francorum,
2899 4572 2998 4644 qui
3030 4571 3323 4630 Ludovico
3365 4568 3725 4627 successerat
3753 4572 3815 4615 ex

423 4666 500 4723 po
525 4654 586 4709 et
618 4652 677 4707 in
709 4654 1065 4711 monasterio
1098 4656 1252 4727 quod
1277 4655 1403 4729 ipse
1427 4662 1807 4716 contraxerat
1828 4659 2075 4717 tumula-

418 4741 502 4796 to.
539 4739 705 4810 Hugo
736 4741 1101 4799 substitutus
1130 4748 1241 4799 est.
1275 4744 1381 4799 Hic
1422 4744 1719 4815 ingressus
1748 4747 2068 4819 civitatem,

421 4825 575 4885 unde
602 4826 851 4900 viveret,
887 4828 1189 4899 inquisivit
1218 4849 1230 4883 :
1257 4831 1566 4890 Lotharius
1588 4834 1740 4891 enim
1766 4850 1869 4892 rex
1900 4837 2073 4892 Fran-

420 4930 641 4986 corum,
674 4915 807 4987 quia
841 4918 969 4973 erat
1000 4931 1096 4974 res
1121 4917 1357 4990 publica
1404 4920 1513 4977 sub
1538 4919 1751 4991 juvene
1808 4923 2072 4997 principe

419 5003 829 5076 Romanorum,
866 5004 1141 5063 defuncto
1196 5006 1502 5078 Wigifrido
1532 5009 1832 5082 episeopo,
1867 5012 2074 5069 Virdu-

421 5106 557 5149 num
582 5090 817 5149 obsedit
848 5107 1000 5151 anno
1024 5095 1095 5151 ab
1114 5094 1227 5152 inc.
1253 5096 1412 5151 Dom.
1438 5100 1562 5167 986,
1593 5097 1695 5154 sed
1723 5098 1956 5156 minime
1980 5114 2072 5157 ce-

422 5179 529 5251 pit,
545 5179 943 5238 omniatamen
958 5181 1112 5239 circa
1131 5183 1331 5240 urbem
1346 5184 1600 5241 vastavit
1623 5201 1637 5251 ;
1670 5189 1877 5242 contra
1900 5201 2072 5258 quem

421 5268 642 5337 egressi
673 5268 744 5326 ad
794 5268 1011 5327 bellum
1041 5274 1100 5327 et
1128 5270 1411 5345 superati,
1462 5270 1667 5344 plures
1696 5285 1769 5331 ex
1798 5274 1884 5333 eis
1913 5278 2067 5350 capti

2187 4659 2298 4716 alia
2330 4660 2535 4732 stirpe,
2562 4660 2792 4731 dejeeto
2815 4660 3060 4718 Arnulfo
3094 4660 3391 4733 pontifice,
3417 4659 3474 4714 in
3495 4658 3814 4742 Remenseiu

2185 4748 2694 4821 archiepiscopum
2707 4764 2769 4807 se
2787 4748 3134 4821 quibusdam
3158 4747 3480 4821 praestigiis
3506 4749 3813 4818 promoveri

2187 4838 2343 4894 fecit.
2381 4837 2503 4908 (fol.
2538 4840 2654 4911 73.)
2687 4840 2900 4896 Verum
2952 4838 3259 4910 aliquanto
3306 4844 3569 4909 tempore
3602 4831 3809 4891 exacto,

2186 4924 2282 4982 ubi
2315 4925 2500 4983 sensit
2534 4926 2689 4997 quod
2727 4925 3007 4984 Arnulfus
3025 4926 3224 4983 sedem
3242 4923 3529 4998 epiSCOpii
3555 4920 3664 4979 sibi
3689 4926 3811 4989 prae-

2183 5012 2376 5085 ripere
2407 5018 2463 5070 et
2500 5013 2778 5086 populum
2811 5014 2882 5072 ad
2918 5030 2980 5072 se
3005 5015 3288 5073 reducere
3311 5014 3631 5081 nitebatur,
3657 5005 3810 5063 noctu

2186 5102 2414 5172 fugiens
2445 5102 2516 5159 ad
2549 5102 2832 5169 Othonem
2866 5102 2970 5160 ivit
2998 5121 3013 5169 ;
3039 5120 3069 5159 a
3103 5118 3218 5175 quo
3251 5118 3364 5159 non
3398 5099 3582 5158 multo
3614 5096 3734 5171 post
3766 5088 3811 5142 in

2184 5191 2617 5248 Ravennensem
2651 5191 3157 5264 archiepisCOpum
3210 5188 3564 5263 quibusdam
3598 5200 3657 5244 se
3687 5190 3812 5255 [πε-

2185 5278 2379 5349 stigiis
2412 5280 2745 5352 promoveri
2776 5280 2933 5338 fecit.
2960 5281 3100 5338 Inde
3135 5277 3507 5354 postmodum
3528 5288 3674 5352 papa
3695 5280 3810 5328 con-

1768 5423 2007 5483 VARLE
2050 5426 2453 5487 LECTIONES.

493 5565 570 5649 τ’).
587 5566 822 5649 ῗθεῐιιίκιῖθ
852 5565 910 5623 in
939 5564 1050 5625 θιίε
1078 5566 1287 5640 Ραῖίηε
1318 5566 1429 5627 θυι)
1457 5567 1567 5629 hoc
1597 5569 1764 5643 Sisuo
1787 5570 1826 5632 Ζ
1854 5588 2043 5649 usque
2071 5575 2146 5637 sd
2176 5591 2191 5635 :
2215 5578 2510 5638 successit
2542 5578 2595 5636 ei
2626 5578 2830 5637 Heimo
2860 5591 2892 5638 ο
2919 5582 3043 5640 No:
3080 5579 3352 5638 ordinem
3378 5577 3474 5636 ita
3500 5570 3808 5636 indicatum

422 5634 817 5697 mamma.
