3922 6456
251 382 364 442 197

1520 389 2023 455 CHRONICON.
2057 431 2134 442 --
2164 397 2318 459 LIB.
2366 400 2441 461 ΙΙ.

3541 407 3656 468 198

244 516 611 607 stitutusest
643 522 703 574 et
732 518 1015 578 Silvester
1038 522 1234 580 dictus
1262 529 1374 581 est.
1402 524 1561 582 Obiit
1583 531 1776 585 autem
1799 543 1895 585 an-
1922 532 1977 591 A
2011 532 2175 587 Anno
2206 532 2276 586 ab
2310 532 2420 588 inc.
2456 532 2612 588 Dom.
2658 537 2782 603 995,
2828 536 3085 607 suscepit
3118 536 3394 606 regimcm
3429 537 3657 596 Clunia-

244 619 318 662 no
349 609 476 676 999,
498 601 555 662 et
581 607 896 678 Gregorius
928 611 973 667 V
1003 612 1291 669 successit
1320 613 1453 687 (78).

316 737 484 808 (Bon.
522 741 692 796 (ius.
730 756 790 811 ιι,
824 743 897 814 5].
932 745 1094 801 Anno
1124 745 1304 815 igitur
1332 748 1402 803 ab
1434 747 1542 804 inc.
1570 751 1729 805 Dom.
1765 755 1889 822 988,

243 825 434 896 imago
470 829 694 884 Domini
728 830 785 885 in
817 847 993 889 cruce
1041 835 1231 905 posita
1266 837 1320 891 in
1345 841 1702 896 monasterio
1759 855 1894 912 apo-

240 915 530 973 stolorum
565 919 894 978 Aurelianis
927 923 1204 995 ploravit,
1241 928 1511 985 omnibus
1557 930 1894 986 admiranti-

242 1004 373 1074 bus,
396 1006 534 1075 quid
562 1008 667 1065 hoc
684 1011 1067 1080 portenderet
1086 1013 1332 1084 signum.
1352 1018 1410 1072 In
1433 1017 1632 1075 eadem
1654 1019 1892 1077 civitate

241 1107 354 1148 una
385 1096 641 1152 noctium
668 1095 841 1170 lupus
863 1100 1196 1173 adveniens,
1224 1104 1553 1162 aecclesiam
1591 1107 1895 1178 ingressus

242 1183 553 1240 matutinis
586 1184 749 1243 boris
781 1194 1000 1246 restem
1024 1190 1173 1261 signi
1205 1207 1306 1248 ore
1356 1194 1626 1266 arripuit,
1663 1200 1718 1252 et
1775 1198 1893 1267 agi-

240 1273 380 1325 tans
414 1271 559 1327 illud
589 1273 867 1347 insonuit,
893 1292 1061 1348 quem
1077 1279 1172 1336 vix
1204 1282 1276 1338 ab
1295 1283 1561 1340 zecclesia
1593 1285 1889 1356 expellere

239 1360 581 1429 potuerunt.
621 1364 1064 1434 Sequentianno
1094 1372 1216 1425 tota
1250 1371 1605 1442 civitasigne
1623 1389 1890 1430 consum-

239 1450 341 1517 pta
372 1453 462 1504 est
505 1464 635 1506 cum
694 1453 1003 1526 accclesiis,
1040 1457 1144 1513 sed
1199 1460 1478 1517 Arnulfus
1531 1462 1890 1518 venerabilis

234 1535 556 1609 episcopus
573 1540 807 1599 inventa
833 1546 1080 1615 pecunia
1103 1547 1160 1601 in
1184 1547 1579 1607 fundamentis
1601 1551 1888 1610 zecclesiaa

233 1629 457 1682 sanctae
492 1628 716 1701 Crucis,
753 1633 1016 1690 eamdem
1040 1634 1370 1694 aecclesiam
1399 1638 1456 1694 in
1487 1639 1695 1696 melius
1723 1654 1889 1712 repa-

234 1712 409 1770 ravit.

2007 621 2202 677 censis
2231 623 2493 679 ecclesnm
2524 628 2765 679 sanctus
2798 624 2982 679 Odilo.

2078 709 2240 779 (lam.
2261 753 2275 781 ,
2304 726 2361 780 ιι,
2389 712 2465 781 1,)
2498 712 2738 768 Mortuis
2768 713 2949 782 igitur
2981 714 3254 770 Lothario
3278 719 3334 771 et
3365 715 3651 772 Ludovico

2005 799 2355 855 Francorum
2392 800 2649 871 regibus,
2684 804 2846 869 llugo
2880 816 3003 872 rex,
3038 806 3100 857 ut
3132 798 3405 871 diXimus,
3438 805 3652 860 consti-

2004 891 2169 944 tutus
2197 894 2306 959 est,
2333 890 2500 960 cujus
2522 891 2703 945 frater
2727 892 2961 947 fuerunt
2984 891 3120 947 Otto
3151 892 3267 948 dux
3302 893 3648 962 Burgundize

2003 981 2060 1032 et
2093 978 2419 1034 Heinricus.
2458 979 2625 1049 (ϐὰν.
2660 981 2927 1052 Βίυἱοη.)
2959 981 3167 1036 Verum
3199 982 3412 1038 Ottone
3438 982 3490 1037 in
3516 983 3654 1039 ado~

2003 1063 2287 1122 lescentia
2315 1071 2547 1123 mortuo
2579 1068 2802 1139 absque
2831 1067 3050 1139 liberis,
3085 1068 3391 1126 Heinricus
3420 1085 3650 1126 succes-

2002 1153 2077 1209 sit
2102 1172 2116 1222 ;
2139 1155 2305 1225 cujus
2324 1154 2480 1212 filius
2504 1156 2611 1212 fuit
2635 1155 2756 1212 Odo
2781 1156 3101 1227 Beluensis,
3123 1162 3179 1214 et
3200 1158 3503 1229 privignus
3524 1158 3648 1229 ejus

2000 1241 2328 1299 Willelmus
2380 1244 2623 1315 advena,
2673 1244 2939 1301 Rainaldi
2987 1245 3220 1302 comitis
3272 1251 3457 1318 pater.
3511 1248 3648 1303 Post

2001 1330 2333 1387 Heinricum
2375 1332 2699 1403 Heinricus,
2748 1334 2986 1389 Robcrti
3022 1332 3177 1403 regis
3204 1349 3276 1389 ex
3309 1334 3644 1391 Constantia

2001 1416 2177 1490 filius,
2213 1418 2487 1475 ducatum
2520 1421 2795 1492 optinuit,
2836 1427 2892 1477 et
2925 1423 2978 1477 ei
3015 1422 3136 1492 regi
3167 1422 3321 1478 facto
3353 1423 3647 1480 Robertus
3740 1410 3753 1429 ’

1999 1507 2242 1564 Vetulus
2261 1509 2574 1580 successit,
2608 1510 2787 1566 frater
2809 1510 2957 1581 ejus,
2979 1514 3034 1566 et
3057 1511 3315 1568 Roberto
3341 1512 3504 1581 Hugo
3528 1511 3647 1569 dux

2002 1601 2202 1667 postea
2253 1599 2591 1667 monachus,
2642 1598 2896 1655 lleinrici
2942 1598 3041 1654 filii
3089 1599 3278 1671 ipsius
3309 1599 3552 1656 Roberti
3583 1600 3646 1655 fi-

2001 1685 2145 1752 lius;
2176 1699 2290 1756 quo
2339 1688 2577 1756 Hugone
2628 1688 2924 1758 defuncto,
2977 1688 3271 1744 Robertus
3322 1686 3476 1745 filius
3519 1688 3645 1758 ejus

1999 1774 2312 1844 successit,
2338 1777 2395 1830 et
2423 1773 2819 1830 Constantiam
2848 1775 3011 1831 duxit
3043 1790 3302 1844 uxorem,
3333 1780 3640 1845 cognatam

312 1845 474 1917 (Iam.
509 1863 568 1920 ιι,
592 1851 673 1942 7.)
706 1854 869 1942 Anno
899 1855 1079 1925 igitur
1109 1861 1231 1931 991,
1268 1864 1504 1917 sanctus
1527 1861 1695 1918 Odilo
1724 1862 1882 1918 venit
1914 1883 1967 1942 Β
1999 1863 2258 1932 Hugonis
2293 1861 2793 1919 Autisiodorensis
2830 1863 3114 1936 epiSCOpi,
3156 1864 3388 1920 comitis
3418 1864 3643 1920 Cabilo-

233 1934 309 1990 ad
337 1939 778 1997 conversionem
803 1941 1082 2016 Cluniaci,
1110 1952 1166 2002 et
1202 1951 1235 2003 4
1260 1963 1410 2005 anno
1440 1955 1683 2008 sanctus
1713 1950 1884 2007 Maio-

233 2021 330 2111 lus
363 2025 530 2080 obiit.
569 2028 647 2083 Ea
683 2033 1030 2102 tempestate
1073 2036 1250 2093 Roma
1310 2039 1554 2095 maxima
1588 2054 1660 2096 ex
1715 2044 1885 2111 parte

233 2109 372 2179 igne
403 2114 706 2173 combusta
738 2123 847 2175 est.
877 2121 1173 2194 Templum
1200 2126 1377 2183 etiam
1400 2129 1587 2185 sancti
1617 2109 1775 2184 Pet—ri
1795 2143 1887 2186 ac-
1934 2165 1941 2168 ο

235 2211 479 2256 censum
513 2207 621 2273 est,
658 2209 713 2260 et
742 2206 860 2276 jam
882 2211 1082 2267 trabes
1115 2213 1271 2270 ferro
1299 2220 1358 2271 et
1389 2215 1679 2273 lamminis
1727 2217 1883 2274 ereis

234 2293 539 2358 coopertae
572 2292 877 2367 ardebant,
914 2312 1044 2355 cum
1072 2301 1261 2358 omnis
1290 2302 1460 2374 plebs
1509 2306 1761 2361 Romana
1812 2306 1884 2362 ad

236 2375 617 2445 sepulchrum
651 2385 1295 2463 apostoliconcurrens,
1324 2393 1419 2449 ubi
1443 2392 1691 2450 humana
1706 2394 1885 2450 nichil

234 2463 639 2553 praevalebant
670 2472 906 2544 auxilia,
933 2474 1190 2534 divinum
1212 2484 1272 2535 et
1291 2481 1680 2551 apostolicum
1712 2496 1886 2553 expe-

232 2551 441 2641 ctabat
475 2556 835 2631 suffragium,
867 2567 923 2617 et
956 2565 1155 2621 statim
1190 2567 1361 2639 ignis,
1413 2570 1510 2640 qui
1536 2571 1652 2641 jam
1687 2551 1886 2627 trabes

229 2635 556 2730 lambebat,
582 2646 882 2706 extinctus
905 2656 1016 2707 est.
1051 2654 1130 2710 Eo
1162 2635 1393 2726 quoque
1431 2635 1699 2730 tempore
1727 2659 1885 2715 obie-

231 2729 373 2782 runt
408 2728 531 2785 Odo
561 2746 758 2791 comes
787 2738 1530 2812 Turonorum,lleribertus
1558 2728 1885 2805 Meldorum

229 2817 684 2904 etATrecorum,
775 2825 1099 2885 Willelmus
1164 2830 1887 2904 Pictavorum,Manasses

232 2902 551 2994 episcopus
581 2908 913 2983 Trecorum,
943 2914 1309 2976 Gislebertus
1344 2902 1723 2994 Parisiorum,
1783 2923 1887 2980 Ge-

234 2989 450 3047 buinus
484 2994 679 3052 Catala
691 3012 955 3057 unorum.

1998 1951 2214 2008 nensis.
2273 1952 2462 2023 [Cum
2496 1953 2595 2023 R.,
2631 1968 2714 2023 ιιι,
2744 1951 2819 2022 2.]
2869 1954 3031 2009 Anno
3073 1954 3145 2008 ab
3187 1953 3299 2008 inc.
3335 1956 3457 2023 996,
3494 1954 3642 2009 obiit

1997 2040 2305 2096 Heinricus
2338 2040 2455 2097 dux
2477 2040 2629 2111 apud
2662 2040 2954 2098 Poliacum
2987 2055 3163 2112 super
3194 2040 3443 2110 Ararim,
3468 2045 3528 2096 et
3548 2041 3644 2096 Ri-

1998 2128 2252 2184 cbardus
2284 2130 2747 2186 Normannorum
2781 2130 2899 2186 dux
2929 2129 3095 2186 obiit.
3134 2130 3295 2201 [1310.
3330 2143 3389 2199 ιι,
3425 2127 3499 2199 8.]
3546 2130 3642 2184 Se-

2000 2217 2201 2287 quenti
2251 2232 2481 2288 quoque
2531 2232 2682 2273 anno
2724 2219 3019 2275 Robertus
3052 2233 3156 2274 rex
3194 2219 3411 2275 ducens
3442 2233 3638 2274 secum

1998 2305 2350 2381 Richardum
2400 2308 2468 2376 ll,
2514 2306 2804 2376 juniorem
2861 2309 3318 2363 Normannorum
3363 2307 3637 2363 comitem

1998 2410 2131 2452 cum
2160 2394 2419 2464 triginta‘
2437 2394 2671 2451 milibus
2705 2396 3186 2467 Normannorum,
3222 2395 3633 2465 Burgundiam,

1998 2482 2132 2554 quia
2164 2497 2194 2539 a
2227 2497 2291 2540 se
2323 2483 2639 2554 defecerat,
2685 2484 2953 2555 vastavit,
2989 2488 3050 2540 et
3081 2485 3314 2540 tandem
3360 2483 3633 2555 optinuit.

1999 2572 2196 2644 [Inm.,
2231 2585 2290 2641 ιι,
2327 2569 2402 2641 9.]
2437 2570 2560 2637 Quo
2595 2577 2852 2642 tempore
2900 2573 3049 2629 facta
3093 2576 3186 2628 est
3234 2572 3415 2628 fames
3446 2570 3636 2628 valida

1997 2659 2394 2731 quinquennio
2427 2660 2481 2715 in
2516 2664 2644 2716 toto
2687 2661 2828 2716 orbe
2868 2661 3147 2716 Romano.
3180 2662 3261 2717 Eo
3290 2661 3463 2716 etiam
3498 2664 3640 2716 tem-

1999 2763 2140 2819 pore
2194 2751 2443 2820 praeerat
2492 2747 2759 2804 ecclesia:
2807 2749 3139 2806 Divionensi
3188 2749 3418 2805 abbatis
3450 2748 3636 2805 oﬂicio

1995 2837 2245 2894 eximius
2298 2841 2464 2908 pater
2509 2835 2855 2907 Willelmus,
2908 2837 3077 2907 cujus
3125 2843 3291 2907 gesta
3340 2837 3435 2909 qui
3487 2836 3636 2892 scire

1996 2923 2272 2995 voluerit,
2326 2924 2383 2980 in
2430 2923 2582 2980 libro
2634 2924 2770 2982 vitae
2828 2925 2957 2996 ejus
2988 2940 3019 2982 a
3049 2924 3300 2982 Rodull‘o
3357 2923 3639 2981 monacho

1996 3012 2156 3069 edito
2187 3011 2384 3083 legere
2422 3016 2640 3085 potest.

1828 3107 2052 3165 NOTAE.

305 3188 418 3259 (78)
450 3189 677 3249 Minime
709 3193 810 3251 sed
843 3209 912 3252 eo
927 3211 1077 3256 anno
1090 3199 1368 3272 Gregorio
1398 3203 1444 3259 V
1468 3202 1765 3275 Sylvester
1793 3207 1843 3263 II
1860 3206 2163 3266 successit.

236 3308 3643 3344 —-—-—————________________________.___________________

1293 3414 1698 3526 LIBER
1780 3358 2595 3531 SECUNDUS“.

312 3581 476 3637 Anno
524 3581 595 3637 ab
620 3582 730 3639 inc.
767 3584 927 3642 Dom.
955 3590 1112 3659 1002,
1149 3589 1296 3646 obiit
1337 3591 1475 3649 Otto
1531 3594 1625 3664 III,
1655 3594 1889 3663 juvenis
1920 3594 1969 3658 C
1999 3599 2066 3654 19
2112 3596 2511 3654 aecclesiarum
2565 3596 2777 3656 altaria
2829 3614 2960 3657 cum
3021 3589 3263 3657 decimis
3311 3602 3370 3655 et
3415 3600 3636 3672 paratis

236 3665 584 3739 imperator:
619 3672 843 3730 exactis
874 3674 931 3729 in
963 3689 1141 3747 regno
1167 3682 1233 3735 19
1253 3681 1441 3752 annis,
1481 3685 1539 3737 et
1580 3682 1889 3740 Heinricus

241 3757 550 3844 successit.
576 3759 700 3826 Quo
718 3773 867 3818 anno
881 3762 1037 3821 circa
1052 3766 1193 3824 solis
1221 3769 1555 3827 occubitum
1580 3770 1760 3828 draco
1786 3786 1891 3844 per

239 3854 375 3931 aera
399 3843 537 3899 ferri
562 3846 725 3903 visus
752 3852 866 3919 est,
902 3854 959 3905 et
991 3851 1175 3921 ignea:
1206 3854 1262 3909 in
1295 3855 1445 3911 coelo
1479 3843 1809 3931 acicsvisze,
1831 3862 1889 3915 et

246 3926 383 3986 luna
407 3931 463 3987 in
489 3932 810 4004 plenilunio
825 3942 960 4009 post
979 3939 1213 3998 inicium
1240 3944 1743 4015 quadragesimaea
1778 3926 1892 4004 me-

242 4016 343 4074 dio
375 4021 567 4078 noctis
600 4038 785 4094 usque
811 4025 881 4081 ad
912 4031 1105 4084 ortum
1128 4029 1242 4086 diei
1262 4031 1316 4085 in
1336 4033 1675 4103 sanguinem
1699 4049 1886 4106 versa,

243 4110 304 4162 et
341 4107 427 4163 sol
462 4108 615 4166 circa
650 4112 950 4170 meridiem
984 4115 1041 4171 in
1074 4116 1216 4174 duas
1236 4126 1435 4190 partes
1459 4121 1679 4180 divisus
1708 4128 1816 4180 est.

246 4203 251 4207 '
285 4191 682 4284 _(_Cat.pont.)
717 4201 993 4271 Sequenti
1028 4219 1177 4262 anno
1226 4208 1517 4267 Iohannes
1573 4225 1719 4284 papa
1769 4212 1890 4269 XIII

242 4282 413 4353 obiit,
448 4289 508 4339 et
540 4286 893 4345 Benedictus
923 4294 1229 4351 successit.

318 4370 441 4440 (fol.
477 4372 605 4445 73’).
644 4377 806 4433 Anno
840 4379 912 4434 ab
943 4379 1056 4436 inc.
1090 4382 1248 4438 Dom.
1281 4384 1438 4456 1010,
1491 4385 1638 4442 obiit
1667 4386 1892 4445 Heldri-

243 4473 350 4515 cus
374 4460 1064 4545 abbas‘Flaviniacensis,
1101 4476 1169 4526 19
1193 4470 1315 4543 Kal,
1358 4474 1637 4545 Januarii,
1676 4480 1735 4532 et
1763 4492 1893 4535 suc-

246 4541 701 4639 cessitdomnus
727 4554 1030 4613 Amadeus.
1049 4558 1154 4629 (Cf.
1170 4561 1338 4618 Sorr.
1372 4560 1501 4619 abb.
1535 4541 1731 4638 Fldv.)
1763 4564 1888 4639 Hic,

178 4690 185 4703 η,
244 4635 481 4693 abbatia
519 4638 778 4712 dimissa,
817 4641 1151 4703 Cluniacum
1184 4647 1308 4719 ivit,
1339 4655 1397 4705 et
1428 4655 1561 4722 post
1618 4635 1890 4710 reversus

240 4722 631 4783 Colticensem
655 4730 863 4787 cellam
894 4732 1209 4804 adquisivit
1240 4736 1374 4810 (79),
1407 4742 1463 4794 et
1524 4740 1890 4798 Sinemuren-

238 4824 362 4900 sem
387 4815 444 4867 et
483 4814 928 4877 Bellilocensem
957 4827 1015 4878 et
1057 4822 1465 4883 Corbiniacum
1515 4830 1886 4900 recuperavit

1997 3684 2253 3757 optinuit
2294 3686 2406 3759 (81)

2066 3774 2352 3831 Defuncto
2401 3788 2632 3847 quoque
2679 3775 2989 3832 Adelmaro
3036 3777 3247 3833 abbate
3294 3776 3635 3833 monasterii

1998 3861 2188 3918 sancti
2208 3863 2403 3920 Vitoni
2424 3868 2455 3919 5
2477 3863 2598 3920 Kal.
2623 3866 2772 3935 Jan.,
2794 3863 3118 3923 Adelardus
3139 3865 3501 3922 substitutus
3521 3869 3630 3922 est.

1996 3951 2067 4006 Et
2090 3951 2200 4008 hoc
2231 3952 2508 4010 defuncto
2540 3956 2608 4009 13
2638 3951 2759 4010 Kal.
2790 3954 2949 4025 Jan.,
2992 3954 3364 4010 Ermenricus
3407 3967 3637 4010 succes-

1999 4038 2096 4110 sit,
2129 4040 2246 4111 qui,
2280 4040 2338 4096 in
2370 4044 2650 4112 quantum
2696 4041 2902 4114 valuit,
2943 4042 3131 4099 locum
3163 4041 3481 4115 ampliavit.
3516 4043 3637 4098 Hoc

1998 4127 2174 4182 etiam
2207 4129 2278 4184 ad
2311 4142 2567 4201 superna
2596 4134 2952 4202 transvecto,
2985 4134 3019 4185 6
3046 4129 3167 4187 Kal.
3204 4131 3495 4202 Septemb.
3530 4131 3641 4187 Ro-

1997 4213 2217 4271 hardus
2234 4216 2543 4287 successit,
2559 4222 2618 4273 et
2636 4218 2907 4274 Rohardo
2925 4218 3289 4276 Lambertus.
3306 4219 3448 4275 Post
3465 4232 3637 4289 quem

1998 4308 2207 4375 raptus
2223 4307 2316 4359 est
2335 4303 2406 4360 de
2423 4305 2690 4361 coenobio
2713 4306 2902 4363 sancti
2927 4305 3135 4363 Felicis
3153 4306 3457 4364 Mettensis
3480 4307 3640 4363 dom-

1996 4405 2110 4447 nus
2141 4391 2451 4463 Fingenius
2484 4394 2817 4450 Scottorum
2849 4394 3125 4466 progenie
3161 4395 3465 4467 oriundus,
3501 4395 3635 4466 quia

1998 4478 2165 4538 locus
2190 4480 2342 4538 idem
2368 4495 2472 4554 per
2493 4496 2721 4539 manum
2750 4481 2955 4540 laicam
2987 4483 3411 4554 aliquantulum
3441 4483 3639 4553 negle-

1996 4571 2130 4625 ctus
2157 4572 2305 4640 erat,
2339 4568 2411 4626 ad
2442 4569 2890 4627 restaurandum
2920 4585 3050 4628 eum
3082 4569 3297 4627 ibidem
3329 4570 3512 4627 abbas
3541 4573 3635 4627 est

1998 4655 2325 4713 ordinatus.
2387 4658 2564 4729 Cujus
2615 4656 2948 4730 adventum,
2998 4658 3527 4731 peregrinationem
3574 4661 3638 4713 et

1998 4745 2443 4802 conversionem
2474 4746 2569 4817 qui
2604 4746 2832 4818 plenius
2863 4760 3033 4804 nosse
3074 4746 3390 4819 desiderat,
3424 4747 3482 4803 in
3512 4746 3634 4803 vita

1998 4832 2297 4890 Teoderici
2319 4835 2513 4890 eximii
2530 4835 3098 4907 MettensisepisCOpi
3113 4836 3261 4893 scire
3277 4840 3474 4907 potest
3496 4834 3633 4907 (82).

237 4896 381 4971 (80).
417 4900 718 4964 Sarmatiae
740 4913 998 4966 castrum
1028 4912 1203 4985 cepit,
1231 4913 1543 4972 Passavant
1571 4896 1882 4990 destruxit,
1916 4905 1970 4965 D
1998 4920 2069 4975 Et
2098 4920 2207 4977 hoc
2239 4936 2471 4994 quoque
2517 4920 2813 4995 defuncto,
2851 4896 2983 4983 cum
3009 4896 3125 4998 jam
3159 4896 3291 4998 post
3320 4896 3639 4982 Adalbero-

245 5012 253 5019 ”
306 5066 375 5075 ---
536 5071 554 5075 ,
677 5073 692 5075 Α
1590 5013 1829 5070 νΑιιιλΕ
1868 5015 2267 5075 LECTIONES.

1821 5156 2041 5214 NOT/E.

306 5066 376 5101 ’7‘
407 5062 622 5130 titulus
652 5073 817 5133 deest
836 5077 905 5135 in
932 5077 1147 5138 codice.

308 5247 423 5328 (79)
452 5248 539 5328 _Ab
564 5250 874 5328 ‘Helmuino
896 5254 1177 5327 episcopo
1199 5256 1451 5314 Eduensi
1509 5272 1659 5315 anno
1688 5260 1753 5315 30
1792 5276 1880 5317 re-

231 5319 329 5401 gni
360 5319 809 5401 Rob_erti__reg_i_s,
843 5319 998 5380 teste
1057 5319 1258 5382 charta
1293 5345 1308 5394 ;
1368 5329 1682 5401 Mabillon.,
1735 5346 1865 5387 ann.

234 5389 428 5444 Bened
448 5391 539 5461 Iv,
570 5389 792 5461 651K.

236 5527 248 5538 ο
306 5460 539 5541 (80)Αᾼρ
570 5463 1097 5541 eodenlllelmuino
1121 5467 1691 5541 diplomatescripto
1724 5484 1872 5528 anno

382 5532 543 5599 1034,
576 5546 725 5589 anno
748 5533 979 5591 Henrici
1019 5532 1252 5608 regis'd.
1310 5532 1657 5597 Mabillon'l.
1720 5540 1758 5611 l,
1814 5558 1868 5613 p.

204 5744 205 5747 η
305 5667 420 5741 (ει)
460 5668 598 5726 Duae
634 5675 875 5729 exstant
926 5668 1300 5735 donationem
1346 5676 1569 5735 chartae
1618 5677 1874 5738 Amadeo

1991 5266 2163 5339 datae,
2195 5267 2436 5339 Robert‘i
2470 5268 2622 5337 regis
2654 5283 2762 5324 una
2798 5284 2859 5325 ιιι
2890 5269 3008 5324 Kal.
3044 5269 3208 5326 Mart.
3235 5282 3287 5339 a.
3316 5272 3491 5339 1018;
3524 5271 3636 5330 Ma-

1986 5336 2188 5411 billon,
2241 5337 2445 5393 Annal.
2496 5336 2706 5411 Dened.
2738 5341 2827 5408 IV,
2863 5345 2967 5397 238
3001 5358 3013 5393 :
3046 5338 3352 5411 Raginaldi
3394 5336 3631 5399 comitis

1987 5407 2167 5461 altera
2200 5422 2248 5463 a.
2287 5413 2462 5478 1037;
2496 5410 2687 5464 Labbe
2718 5415 2767 5478 1,
2798 5415 2921 5466 270.
2960 5411 3021 5465 K.

2057 5477 2174 5556 (g3?)
2206 5476 2604 5556 Laudat_i_ian_c
2625 5476 2812 5556 Vitam
2835 5484 3041 5556 auctor
3059 5480 3207 5540 Vitae
3230 5479 3505 5556 Richardi
3533 5495 3626 5556 ap.

1986 5545 2509 5625 gabill._§ct_._.ss.
2554 5549 2820 5625 ξφα-γι,
2854 5553 2904 5606 1.
2939 5550 3054 5607 Cfr.
3097 5563 3331 5625 quoque
3378 5545 3605 5612 Monum

1987 5616 2175 5672 Germ.
2212 5614 2303 5673 SS.
2346 5616 2434 5688 ιν,
2467 5622 2671 5690 p.696.
2709 5619 2772 5674 K.
