3922 6452
277 402 389 473 199

1225 396 1590 469 HUGONIS
1632 394 1985 469 ABBATIS
2028 400 2718 470 FLAVINIAECNSIS

3562 402 3689 469 200

271 558 399 601 nem
432 542 852 600 Virdunensem
885 540 1288 613 episcopatum
1319 538 1520 595 Heimo
1554 540 1799 597 sortitus
1828 553 1915 597 es-
1946 542 1999 602 A
2033 538 2243 596 docilis
2274 539 2487 611 ingenii
2522 543 2746 609 attente
2781 536 2999 609 rimari,
3034 542 3094 594 ut
3149 524 3575 606 agnosceretur
3608 542 3687 598 ab

272 637 381 703 set,
417 633 662 689 domnus
690 630 1015 687 Richardus
1042 628 1234 685 locum
1259 628 1421 685 illum
1447 628 1763 698 regendum
1795 644 1917 685 sus-

272 721 445 792 cepit.
501 720 676 790 Cujus
726 720 922 788 vitam,
976 732 1167 773 mores
1215 721 1274 773 et
1306 721 1493 787 actus,
1547 716 1918 773 nobilitatem

270 809 520 880 generis,
548 808 784 864 inicium
804 806 1230 874 conversionis,
1255 805 1510 862 studium
1533 804 1834 875 religionis
1860 809 1920 861 et

272 897 769 969 perseverantiam
796 895 1173 967 perfectionis
1197 895 1496 951 humilitas
1516 900 1719 951 nostra
1747 909 1919 951 sensu

222 1020 227 1026 ε
276 985 412 1041 licet
454 986 614 1041 tenui
646 988 705 1041 et
739 999 1007 1041 sermone
1047 984 1269 1040 rustico
1311 983 1642 1039 describere
1681 983 1918 1051 gliscit;

277 1075 409 1146 quia
442 1075 489 1130 si
524 1074 663 1145 quid
697 1089 919 1143 sumus,
956 1090 1086 1130 cum
1124 1073 1302 1129 nichil
1336 1073 1534 1143 simus,
1570 1078 1752 1129 totum
1790 1076 1921 1143 post

275 1165 450 1219 Deum
483 1166 541 1218 et
571 1166 809 1219 sanctos
848 1162 975 1231 ejus
1014 1162 1425 1219 ascribendum
1458 1164 1547 1216 est
1581 1161 1807 1216 meritis
1840 1161 1922 1231 ip-

276 1251 416 1308 sius.
451 1251 612 1307 Unde
645 1250 1004 1307 invocandus
1042 1254 1132 1306 est
1175 1250 1342 1305 nobis
1376 1248 1771 1321 spiritualium
1808 1248 1923 1303 dis-

276 1341 534 1396 tributor
553 1340 929 1396 karismatum
956 1340 1209 1411 Spiritus
1234 1342 1496 1409 sanctus,
1523 1342 1586 1395 ut
1614 1338 1923 1394 beatitudi-

277 1443 405 1484 nem
434 1428 561 1499 ejus
589 1444 696 1485 suo
740 1429 969 1499 quidem
1013 1443 1208 1497 sensu,
1244 1431 1446 1483 nostro
1487 1441 1587 1482 ore
1627 1427 1919 1496 enunciet,

275 1522 339 1573 ut
372 1516 645 1575 laudetur
669 1518 724 1572 in
748 1517 1027 1588 operibus
1058 1517 1203 1587 suis,
1235 1521 1292 1572 et
1325 1521 1603 1587 appareat
1635 1514 1921 1571 mirabilis

273 1607 327 1661 in
370 1607 594 1663 sanctis
637 1606 776 1662 suis.

346 1698 395 1752 1.
438 1694 509 1727 ’⁷⁷
537 1695 748 1750 Extitit
778 1692 959 1764 igitur
998 1693 1361 1749 nobilissima
1397 1695 1747 1748 Francorum
1790 1692 1923 1747 stir-

278 1795 348 1854 pe
388 1781 750 1853 progenitus,
786 1785 970 1851 patre.
1007 1824 1019 1836 .
1058 1824 1070 1836 .
1107 1822 1118 1835 .
1157 1823 1169 1835 .
1212 1778 1303 1849 "3,
1339 1783 1525 1835 matre
1556 1793 1714 1834 vero.
1752 1820 1763 1831 .
1803 1820 1814 1833 .
1852 1820 1863 1832 .
1903 1820 1915 1833 .

2030 629 2300 685 omnibus
2330 627 2518 698 magni
2552 641 2682 683 eum
2713 629 2970 685 futurum
3004 641 3137 682 esse
3196 627 3480 699 preconii,
3507 643 3683 700 quem

2032 716 2119 772 sic
2140 716 2579 773 commendabat
2605 731 2847 773 acumen
2868 714 3228 785 intellectus,
3247 722 3605 774 secretorum
3621 722 3681 773 et

2033 805 2397 861 misticorum
2428 820 2633 876 capax,
2659 810 3013 876 cooperante
3029 809 3085 860 et
3104 803 3474 875 praecedente
3487 806 3682 875 gratia

2033 894 2150 949 Dei.
2188 893 2309 965 (fol.
2345 896 2458 964 74.)
2490 893 2780 949 Transivit
2812 899 3008 964 itaque
3038 893 3093 949 in
3125 893 3326 949 eadem
3363 894 3506 950 urbe
3549 910 3684 965 pro-

2034 982 2235 1038 ﬁciens
2258 996 2440 1053 usque
2472 982 2541 1037 ad
2564 982 2882 1053 perfectam
2903 983 3396 1038 incrementorum
3422 987 3678 1054 :etatem,

2032 1075 2087 1127 et
2105 1070 2201 1141 qui
2228 1075 2356 1127 erat
2378 1084 2512 1126 acer
2534 1071 2783 1141 ingenio,
2803 1070 3010 1126 statuit
3036 1070 3384 1141 sibimetipsi
3420 1086 3683 1127 normam

2031 1158 2284 1230 vivendi,
2322 1159 2588 1216 recidens
2618 1160 2671 1213 in
2702 1174 2762 1215 se
2796 1160 2989 1229 noxia,
3036 1174 3164 1229 quae
3198 1158 3253 1214 in
3287 1158 3416 1214 aliis
3469 1158 3681 1215 solerti

2031 1247 2333 1317 vigilantia
2367 1248 2864 1318 reprehendebat.
2888 1248 3103 1304 Probat
3120 1247 3226 1304 hoc
3252 1246 3522 1317 religiosa
3542 1248 3683 1305 vita

2032 1335 2157 1405 ejus
2190 1337 2582 1406 conversatio,
2616 1340 2673 1391 et
2707 1336 3046 1392 continuata
3072 1336 3354 1392 malorum
3400 1337 3683 1407 redargu-

2035 1423 2137 1494 tio,
2167 1439 2278 1494 qua
2303 1429 2531 1480 tantum
2561 1425 2894 1480 abundabat
2916 1424 3088 1479 animi
3119 1424 3245 1493 ejus
3295 1423 3517 1480 directa
3544 1425 3684 1480 sim-

2034 1511 2288 1583 plicitas,
2326 1518 2387 1569 ut
2425 1528 2527 1584 pro
2560 1511 2683 1568 zelo
2706 1512 2804 1567 Dei
2830 1512 3678 1584 etemulationejustitiaeprai-

2035 1601 2294 1656 centoris
2326 1607 2384 1656 et
2418 1600 2815 1657 archidiaconi
2840 1601 2891 1657 ei
2916 1600 3163 1657 officium
3188 1600 3674 1671 committeretur,

2035 1695 2091 1744 et
2127 1687 2467 1758 magisterio
2501 1689 2625 1759 ejus
2676 1689 2987 1760 dispositio
3046 1689 3347 1745 Remensis
3392 1688 3680 1746 aecclesiaa

2032 1776 2389 1834 traderetur.
2419 1778 2519 1833 Cui
2553 1777 2740 1833 oﬂlcio
2766 1792 2933 1849 quam
2960 1782 3219 1849 strenue,
3244 1792 3413 1848 quam
3429 1779 3683 1849 pruden-

274 1870 344 1903 ²⁷⁸
377 1872 510 1941 (83),
536 1874 593 1926 et
619 1871 690 1926 ab
714 1869 856 1941 ipsis
880 1869 1136 1925 infantia}
1161 1868 1509 1924 rudimentis
1534 1867 1748 1922 litteris
1781 1866 1921 1922 libe-
1949 1899 2003 1959 Β
2035 1871 2145 1937 ter,
2178 1880 2347 1936 quam
2383 1865 2661 1922 sollerter
2693 1866 3106 1937 invigilaverit,
3140 1881 3210 1922 ne
3234 1866 3393 1921 nimii
3426 1867 3679 1923 fortasse

277 1956 501 2013 ralibus
526 1956 579 2011 in
605 1955 869 2011 {ecclesia
896 1960 1111 2011 sanctae
1136 1954 1324 2010 Mariae.
1354 1954 1657 2008 Remensis
1690 1953 1922 2008 institu-

279 2050 393 2102 tus.
418 2044 554 2111 Quae
575 2044 823 2100 ecclesia
845 2048 1011 2099 tanto
1035 2049 1168 2099 tunc
1192 2043 1474 2098 vernabat
1500 2041 1801 2110 religionis
1826 2041 1923 2096 de-

275 2148 432 2201 core,
486 2136 572 2189 tot
621 2147 998 2204 personarum
1049 2130 1328 2186 nobilium
1382 2134 1441 2185 et
1490 2128 1916 2199 religiosarum,

277 2237 421 2294 quas
451 2222 575 2293 ipsa
601 2221 657 2275 in
682 2235 745 2277 se
771 2221 1145 2290 educaverat,
1181 2219 1292 2274 sibi
1323 2218 1714 2289 adplaudebat
1748 2217 1923 2272 hone-

280 2316 369 2369 sta
400 2310 822 2366 numerositate
844 2312 900 2364 et
926 2307 1155 2364 decenti
1186 2308 1517 2377 honestate,
1546 2311 1605 2363 ut
1638 2305 1921 2376 religione

280 2401 403 2471 ipsa
416 2398 827 2471 praeemineret
846 2397 1113 2454 omnibus
1132 2394 1418 2452 aecelesiis
1433 2395 1697 2464 Belgicae,
1716 2395 1924 2449 forma-

279 2500 389 2557 que
420 2490 581 2541 esset
620 2479 887 2541 omnibus
926 2484 1172 2540 honeste
1214 2482 1444 2538 vivendi
1480 2486 1757 2551 recteque
1789 2495 1924 2537 con-

279 2573 551 2630 versandi
581 2573 637 2627 in
669 2573 968 2643 castitate,
1014 2572 1069 2627 in
1102 2571 1368 2641 scientia,
1403 2570 1458 2625 in
1496 2570 1826 2641 disciplina,
1864 2569 1919 2624 in

274 2662 647 2734 correptione
665 2676 910 2730 morum,
940 2661 993 2716 in
1015 2660 1331 2716 exibitione
1354 2660 1633 2715 bonorum
1655 2674 1913 2729 operum.

274 2752 491 2808 Probat
524 2750 631 2808 hoc
656 2750 849 2807 domni
873 2753 932 2804 et
954 2764 1091 2806 vere
1117 2749 1301 2805 sancti
1335 2747 1655 2804 Constantii
1687 2747 1920 2803 canoni-

275 2841 326 2897 ci
346 2839 606 2910 ejusdem
626 2839 907 2897 zecelesiaa
933 2839 1046 2910 pia,
1071 2842 1347 2894 constans
1366 2842 1425 2892 et
1440 2836 1628 2892 ﬁdelis
1647 2841 1918 2893 constan-

272 2928 376 3000 tia,
399 2929 654 2999 itemque
679 2927 925 2985 alterius
950 2927 1275 2982 Constantii
1297 2925 1575 2982 imitanda
1589 2932 1645 2980 et
1662 2925 1917 2981 recolen-

275 3016 345 3073 da
377 3017 434 3072 in
464 3031 752 3088 pauperes
786 3014 1101 3072 laudabilis
1140 3024 1335 3071 rerum
1378 3028 1612 3070 suarum
1655 3014 1917 3085 profusio

270 3109 328 3162 et
350 3105 533 3161 totius
555 3104 888 3176 patrimonii
919 3103 1226 3175 dispersio.
1263 3103 1519 3169 Quorum
1553 3102 1800 3159 alterum
1836 3103 1919 3174 ip-

271 3207 334 3250 sa
365 3208 469 3251 sua
502 3193 865 3251 commendat
908 3192 1112 3262 religio
1151 3197 1211 3247 et
1252 3206 1426 3263 Opera
1471 3190 1911 3262 misericordias,

269 3281 517 3338 alterum
542 3281 689 3338 adeo
714 3257 1045 3353 pauperum
1060 3257 1341 3352 praedicat
1368 3280 1689 3351 miseratio,
1716 3284 1779 3335 ut
1801 3257 1913 3351 ipsi
1947 3257 1994 3317 Ο

271 3369 378 3429 soli
408 3370 625 3429 inventi
656 3371 795 3440 sint,
829 3370 923 3441 qui
953 3369 1103 3425 tanti
1132 3370 1241 3425 viri
1276 3368 1409 3425 dum
1444 3369 1662 3424 deﬂent
1688 3368 1912 3425 obitum

269 3460 590 3532 praedicant
620 3461 910 3530 meritum,
936 3464 991 3515 et
1017 3460 1151 3515 dum
1177 3460 1346 3515 funus
1370 3458 1530 3514 illius
1554 3461 1719 3527 grata
1746 3457 1915 3513 sedu-

268 3547 438 3605 litate
470 3548 714 3604 ofﬂciosi
748 3552 1088 3619 procurant,
1114 3547 1249 3603 dum
1275 3547 1346 3603 ad
1371 3547 1561 3601 missae
1592 3545 1913 3616 solempnia

269 3649 399 3706 quae
432 3640 679 3707 possunt
726 3652 832 3707 pro
880 3636 1081 3706 requie
1113 3634 1238 3704 ejus
1271 3635 1608 3691 munuscula
1641 3634 1909 3704 offerunt,

269 3728 405 3785 dum
436 3740 638 3782 omnes
671 3723 904 3780 insimul
956 3724 1113 3780 circa
1161 3737 1376 3794 corpus
1423 3723 1722 3791 aggregati
1752 3738 1910 3778 suam

265 3816 485 3873 deﬂent
512 3812 950 3880 desolationem,
978 3817 1039 3867 et
1072 3826 1232 3867 suam
1258 3810 1313 3866 in
1337 3810 1485 3865 tanti
1517 3809 1911 3866 elemosinarii

267 3903 692 3975 ingeminantes
721 3904 1165 3971 conqueruntur
1199 3899 1660 3969 destitutionem,
1682 3898 1808 3967 ejus
1831 3899 1913 3953 ni-

268 3993 476 4049 mirum
498 3990 676 4048 vitam
698 3988 860 4044 miris
882 3987 1154 4044 laudibus
1174 3986 1485 4056 extollunt,
1511 3992 1570 4042 et
1587 3987 1635 4042 si
1661 3986 1796 4057 quid
1812 3987 1914 4043 hu-

268 4096 457 4138 manae
486 4084 710 4135 naturae
738 4078 883 4135 vitio
912 4077 966 4132 in
989 4091 1058 4132 eo
1092 4081 1433 4147 corruptum
1464 4081 1575 4146 est,
1601 4075 1657 4131 id
1683 4076 1805 4131 suis
1834 4074 1912 4132 la-

264 4168 466 4228 crimis
497 4170 701 4238 tegunt
723 4170 780 4222 et
805 4164 1095 4238 operiunt.
1132 4164 1266 4221 Ideo
1288 4168 1482 4222 autem
1504 4165 1709 4220 horum
1743 4178 1911 4221 cons-

264 4257 512 4317 tantiam
544 4256 615 4312 ad
645 4254 971 4327 exemplum
1006 4253 1260 4310 fidelium
1304 4254 1393 4311 hic
1436 4252 1807 4323 inseruimus,
1845 4256 1906 4307 ut

263 4350 543 4418 agnoscat
589 4345 686 4416 qui
726 4344 953 4415 legerit,
986 4346 1072 4400 tot
1103 4345 1161 4399 et
1192 4342 1342 4398 tales
1372 4341 1531 4399 viros
1560 4342 1616 4396 in
1651 4340 1904 4412 palestra

258 4438 479 4496 sanctaa
503 4434 806 4491 Remensis
828 4431 1111 4491 aecclesiae
1136 4446 1242 4488 nec
1267 4431 1390 4488 sine
1414 4430 1715 4501 magistris
1739 4431 1907 4486 desu-

262 4524 451 4595 dasse,
487 4538 594 4581 nec
625 4523 709 4580 sic
741 4522 902 4580 solos
939 4521 1199 4579 evasisse
1246 4534 1471 4576 carnea:
1509 4518 1679 4575 molis
1711 4533 1908 4575 carce-

2036 1954 2325 2011 laudando
2358 1954 2741 2025 inveniamur,
2776 1955 2950 2011 silere
2984 1955 3373 2026 decrevimus,
3427 1954 3677 2010 maxime

2032 2058 2162 2100 cum
2186 2048 2246 2099 et
2282 2044 2577 2099 silentium
2604 2044 2793 2115 ipsum
2818 2042 2945 2100 laus
2966 2043 3094 2113 ejus
3124 2044 3221 2115 sit,
3250 2044 3381 2114 quia
3412 2043 3457 2100 si
3490 2048 3677 2099 totam

2034 2133 2423 2189 substantiam
2440 2138 2699 2188 nostram
2716 2134 2771 2187 in
2790 2132 3059 2190 laudibus
3077 2133 3203 2203 ejus
3225 2132 3678 2205 superextende-

2034 2234 2250 2291 remus,
2278 2221 2465 2277 minus
2488 2226 2647 2277 esset
2673 2221 2827 2292 quod
2860 2221 3205 2293 diceremus,
3232 2221 3303 2276 ad
3328 2220 3384 2276 id
3427 2220 3579 2292 quod
3594 2219 3678 2275 di-

2031 2310 2276 2365 cendum
2306 2314 2485 2365 esset.
2519 2308 3248 2379 Jubilatergoinlaudibus
3274 2310 3401 2380 ejus
3437 2310 3678 2366 Remen-

2033 2398 2117 2452 sis
2141 2397 2427 2467 accclesia,
2465 2399 2596 2469 quia
2628 2402 2685 2453 et
2711 2398 2832 2468 ipsa
2874 2398 3001 2469 ejus
3033 2398 3286 2469 devotio,
3344 2413 3454 2469 qua
3502 2397 3555 2452 in
3607 2411 3674 2453 ea

2036 2485 2287 2542 fideliter
2311 2486 2619 2555 laboravit,
2640 2486 2766 2542 laus
2781 2486 2907 2555 ejus
2922 2491 3032 2543 est.
3065 2488 3350 2543 Utebatur
3382 2488 3675 2557 potestate

2034 2574 2144 2629 sibi
2177 2574 2392 2630 tradita
2428 2575 2481 2631 in
2497 2574 2964 2645 aedificationem,
2984 2590 3094 2629 non
3114 2576 3169 2630 in
3185 2575 3673 2644 destructionem,

2032 2661 2251 2718 habens
2284 2662 2616 2718 libertatem
2643 2664 2802 2719 vocis
2826 2663 3048 2733 judicio
3083 2679 3188 2719 suo
3214 2664 3517 2719 confutare
3540 2676 3675 2718 reos

2030 2755 2091 2806 et
2122 2752 2492 2821 convincere,
2524 2750 2862 2822 nulliusque
2887 2766 3192 2822 personam
3214 2751 3267 2807 in
3288 2750 3507 2819 judicio
3524 2749 3673 2807 acci-

2034 2853 2189 2910 pere.
2224 2840 2448 2906 Quibus
2480 2839 2655 2895 rebus
2690 2840 2766 2895 ita
2788 2841 3062 2909 cognitus
3095 2844 3218 2897 erat
3279 2839 3563 2908 omnibus,
3606 2842 3671 2893 ut

2031 2928 2425 2984 absensetiam
2442 2942 2548 2998 pro
2565 2927 2651 2984 sui
2679 2928 3005 2984 reverentia
3024 2933 3082 2984 et
3106 2929 3314 2985 inﬂexa
3340 2926 3670 2984 constantia

2029 3030 2061 3071 a
2094 3017 2323 3072 cunctis
2351 3016 2679 3086 timeretur,
2724 3020 2781 3072 et
2813 3016 3034 3088 pariter
3076 3031 3276 3073 omnes
3326 3030 3495 3073 senes
3537 3028 3670 3071 cum

2022 3104 2358 3174 junioribus
2372 3104 2644 3159 Richardi
2661 3103 3015 3160 inadulatam
3028 3105 3338 3174 gravitatis
3362 3117 3668 3160 censuram

2028 3193 2469 3250 reverebantur.
2486 3194 2619 3248 Erat
2635 3193 2786 3248 enim
2800 3208 2937 3249 vere
2954 3193 3280 3264 religiosus,
3301 3191 3669 3249 orationibus

2023 3282 2322 3338 continuis
2351 3296 2584 3337 vacans.
2632 3281 2732 3337 Cui
2757 3283 2933 3337 etiam
2958 3268 3135 3337 moris
3169 3285 3294 3338 erat
3323 3279 3666 3352 psalterium

2024 3384 2095 3426 ex
2108 3369 2311 3426 ordlne
2332 3385 2566 3440 quoquo
2586 3370 2678 3426 die
2692 3370 2906 3440 dicere,
2931 3374 2986 3425 et
3014 3370 3232 3441 primos
3258 3370 3487 3440 quidem
3504 3367 3670 3439 quin-

2025 3458 2589 3531 quagenospsalmos
2613 3458 2821 3514 stando
2880 3459 3147 3514 manibus
3171 3459 3242 3514 ad
3301 3463 3517 3514 terram
3568 3455 3664 3512 de-

2024 3548 2192 3603 ﬂexis
2207 3547 2460 3616 dicebat,
2480 3546 2920 3617 quinquagenos
2941 3551 3196 3616 erectus,
3229 3546 3665 3617 quinquagenos

2022 3640 2357 3707 prostratus
2389 3639 2510 3690 toto
2542 3649 2810 3705 corpore,
2837 3639 2924 3690 set
2988 3650 3323 3706 suspensus.
3379 3631 3662 3690 Articulis

2025 3724 2234 3795 pedum
2267 3738 2610 3779 manuumve
2634 3726 3001 3779 sustentatus
3042 3724 3375 3794 perorabat.
3429 3720 3663 3777 Solebat

2022 3813 2198 3869 etiam
2230 3817 2364 3868 ante
2387 3827 2618 3868 crucem
2658 3812 2979 3868 orationem
3041 3811 3392 3868 cotidianam
3442 3810 3657 3879 dicere,

2025 3916 2269 3972 quarum
2286 3902 2391 3957 hec
2407 3905 2572 3957 erant
2589 3901 2842 3961 omnium
2862 3915 3134 3957 versuum
3151 3900 3322 3957 inicia
3342 3919 3354 3953 :
3378 3899 3569 3957 Adero
3583 3898 3657 3967 te,

2027 3989 2965 4061 Ultriste,cmcemascendentem,
2988 3989 3048 4046 et
3065 3988 3335 4046 benedice
3376 3989 3446 4045 te.
3505 3986 3658 4052 Quas

2022 4094 2152 4136 cum
2177 4078 2269 4135 die
2294 4093 2405 4135 una
2437 4078 2616 4134 multa
2649 4084 2985 4150 perorasset
3008 4078 3306 4148 instantia,
3323 4090 3564 4147 surgens
3584 4075 3656 4131 ab

2020 4169 2307 4237 oratione,
2342 4170 2400 4222 et
2433 4166 2774 4223 crucifixum
2798 4183 2927 4223 cum
2952 4166 3211 4223 lacrimis
3235 4165 3542 4239 aspiciens,
3560 4177 3658 4219 au-

2020 4258 2163 4314 divit
2196 4271 2397 4313 vocem
2421 4256 2709 4312 dicentem
2724 4256 2834 4312 sibi
2857 4275 2869 4310 :
2902 4257 2990 4313 Tu
3008 4270 3100 4313 me
3119 4257 3185 4313 in
3207 4256 3386 4313 terris
3432 4251 3657 4311 benedi-

2014 4346 2189 4415 wistz',
2211 4346 2268 4401 et
2287 4359 2389 4415 eyo
2414 4344 2681 4401 benedice
2696 4345 2767 4401 te.
2791 4345 2858 4399 Et
2873 4343 3100 4401 elevata
3131 4344 3393 4414 dextera,
3410 4341 3506 4413 qui
3527 4345 3654 4397 erat

2016 4435 2073 4490 in
2107 4436 2288 4490 forma
2319 4433 2512 4489 erucis
2538 4433 2835 4489 benedixit
2868 4448 3017 4489 eum.
3047 4433 3168 4500 Qua
3183 4431 3487 4491 dulcedine
3501 4444 3653 4488 com-

2016 4525 2289 4596 punctus,
2324 4520 2547 4591 gratias
2576 4522 2695 4591 egit
2729 4521 3022 4578 sacerdoti
3036 4537 3278 4592 summo,
3303 4518 3649 4590 etcepitjam

259 4627 402 4685 rem,
445 4616 509 4669 ut
554 4627 665 4670 non
706 4610 1054 4682 reliquerint
1102 4608 1330 4678 aliquos
1368 4608 1456 4665 sui
1504 4607 1790 4680 propositi
1820 4612 1904 4663 tc-
1933 4619 1986 4680 D
2013 4615 2181 4667 tanto
2210 4611 2766 4682 artiusperfectiora
2791 4610 3081 4681 meditari,
3108 4614 3325 4681 quanto
3351 4607 3651 4679 gratiosio-

260 4709 385 4761 stes
414 4708 471 4760 et
503 4706 939 4773 cooperatores,
974 4700 1068 4771 qui
1099 4714 1298 4755 eorum
1321 4702 1379 4755 et
1410 4698 1658 4769 vestigia
1692 4697 1902 4754 imitati

260 4795 322 4849 et
354 4790 488 4847 fidei
534 4791 812 4847 virtutem
845 4789 960 4845 sint
996 4786 1331 4858 amplexati.

331 4882 384 4936 2.
418 4880 479 4934 In
512 4879 620 4935 hac
644 4892 784 4948 ergo
806 4876 1074 4933 aecclesia
1098 4875 1386 4945 religiosa:
1412 4874 1624 4932 indolis
1646 4890 1791 4947 puer
1810 4875 1903 4930 Ri-

259 4968 515 5026 chardus
545 4966 762 5023 litteris
794 4965 1048 5021 traditus
1077 4964 1440 5035 imbuendus,
1476 4965 1636 5021 brevi
1673 4963 1902 5033 singula

258 5055 628 5129 percucurrit
661 5068 789 5125 quze
821 5054 1231 5123 magistrorum
1264 5052 1522 5110 sollertia
1558 5067 1904 5124 percurren-

256 5144 330 5201 da
380 5145 651 5214 signavit.
709 5142 873 5214 Cepit
897 5143 1014 5213 jam
1043 5143 1252 5200 altiora
1303 5141 1590 5211 meditari,
1621 5146 1679 5197 et
1713 5155 1840 5211 quae
1871 5154 1903 5197 a

257 5233 557 5304 magistris
598 5246 713 5291 non
754 5231 1062 5303 didicerat,
1112 5231 1422 5291 vivacitate
1453 5234 1511 5285 et
1543 5228 1899 5300 perspicacia

2013 4715 2135 4758 rem
2166 4700 2320 4756 circa
2353 4714 2417 4755 se
2437 4700 2792 4769 agnoscebat
2812 4698 3178 4756 dulcedinem
3199 4696 3531 4754 miserentis
3550 4696 3650 4752 Dei

2015 4790 2135 4844 Hoc
2167 4804 2273 4846 nos
2293 4786 2532 4845 Rodomi
2557 4787 2731 4859 positi
2765 4803 2796 4843 a
2825 4787 2971 4845 viris
2992 4787 3286 4857 religiosis
3304 4784 3648 4855 audivimus,

2017 4877 2184 4948 quiet
2200 4877 2311 4948 ipsi
2331 4890 2394 4931 se
2411 4875 2745 4933 fatebantur
2757 4875 3035 4932 audissea
3050 4876 3292 4945 Hugone
3314 4872 3649 4945 cognomine

2013 4966 2421 5035 Grammatice,
2438 4965 2563 5020 viro
2582 4968 2824 5021 strenuo
2846 4968 2905 5019 et
2930 4964 3225 5035 religioso,
3269 4964 3651 5032 Rotomagen-

2013 5055 2095 5115 sis
2110 5053 2390 5110 aecclesiae
2404 5052 2836 5120 archidiacono,
2854 5053 2951 5123 qui
2965 5052 3228 5109 Remisin
3242 5050 3506 5109 aecclesia
3521 5063 3653 5105 san-

2010 5146 2122 5198 ctae
2145 5141 2336 5198 Mariae
2372 5155 2634 5213 praesens
2655 5141 2839 5198 adfuit
2865 5141 3095 5212 quando
3117 5141 3224 5196 hec
3272 5144 3440 5210 gesta
3490 5141 3645 5194 sunt.

2081 5235 2131 5287 3.
2166 5231 2381 5288 Verum
2400 5243 2529 5287 cum
2554 5229 2611 5286 in
2641 5229 2765 5288 dies
2783 5230 3011 5287 fervore
3044 5228 3307 5301 religiosi
3364 5226 3651 5300 propositi

1617 5352 1851 5409 VARIAS
1893 5354 2291 5410 LECTIONES.

322 5454 392 5490 "’7
421 5455 657 5515 numeri
685 5455 948 5528 capitum
977 5454 1274 5514 [iubentur
1291 5452 1357 5509 in
1383 5451 1595 5510 codice.
1620 5449 1689 5484 ³⁷⁸
1722 5452 1881 5510 locus
1907 5453 2099 5511 vacat.

1836 5550 2060 5606 ΝΟΤιΕ.

323 5650 437 5722 (83)
466 5650 628 5708 Patri
661 5654 789 5722 erat
824 5647 1086 5719 Walteri,
1120 5645 1291 5705 matri
1321 5646 1676 5705 Theodradae
1706 5660 1936 5719 nomen,
1971 5652 2036 5705 ut
2066 5650 2325 5704 testatur
2354 5649 2562 5705 auctor
2590 5645 2737 5704 Vita
2767 5642 3043 5715 Richardi
3071 5657 3165 5720 ap.
3195 5640 3466 5704 Mabillon
3498 5645 3651 5704 Ann.

252 5720 347 5781 SS;
379 5723 523 5782 Sac.
557 5722 650 5793 VI,
669 5724 720 5776 1.
745 5720 809 5775 Κ.
