3922 6418
146 399 263 465 ἑυ1

1381 388 1878 458 CHHONIGUN.
1930 422 2005 438 --
2047 387 2203 453 LIB.
2250 387 2325 455 li.

3432 396 3554 466 ρος

153 530 225 585 ad
260 527 471 585 altiora
524 539 708 598 penna
738 524 1066 584 devotionis
1096 524 1532 595 sustolleretur,
1566 529 1622 581 et
1655 535 1791 581 eon-
1820 520 1878 583 Α
1906 520 2055 577 rium
2084 525 2142 576 et
2176 520 2571 591 Godefridum,
2614 527 2674 578 et
2717 522 2893 580 ﬁliam
2941 524 3209 596 Odillam,
3263 544 3390 601 quae
3442 532 3553 590 fuit

158 621 481 689 temptores
503 613 699 672 mundi
722 614 1124 687 suimetipsius
1149 612 1537 684 abnegatores
1559 610 1796 667 mirare-
1909 607 2208 665 abbatissa
2230 607 2572 667 ancillarum
2597 611 2696 665 Dei
2723 611 2777 665 in
2802 614 3160 671 monasterio
3179 620 3398 673 sanctae
3422 619 3555 678 Odi-

158 709 276 775 tur,
298 706 595 774 Deumque
618 701 674 758 in
699 701 882 774 ﬁgura
905 703 1100 761 crucis
1122 702 1373 775 positum
1391 703 1792 769 veneraretur,

161 806 448 864 sequaces
481 804 622 849 suos
652 790 725 848 ad
757 805 819 848 se
846 790 1190 848 invitantem
1221 795 1280 848 et
1307 790 1600 848 dicentem
1634 807 1647 843 :
1687 786 1802 854 Qui

156 880 315 940 mihi
332 879 662 950 ministrat,
685 892 777 938 me
795 880 1086 951 sequatur
1115 879 1310 951 (Joan.
1338 894 1435 950 xu,
1461 878 1598 949 26.),
1625 890 1804 934 reme-

163 984 401 1027 morans
450 968 585 1041 quia
633 982 838 1041 parum
888 972 1045 1026 esset
1086 968 1421 1026 ministrare
1454 966 1713 1036 Domino,
1748 963 1805 1020 in

164 1075 280 1132 quo
312 1057 469 1117 nulla
510 1063 669 1116 esset
708 1057 1009 1130 perfectio,
1045 1058 1154 1115 nisi
1185 1061 1245 1114 et
1276 1058 1626 1129 sequeretur
1654 1067 1805 1122 eum,

165 1147 382 1218 delegit
416 1148 534 1204 Deo
566 1146 791 1204 ﬁrmius
833 1146 1133 1217 adherere,
1178 1145 1446 1217 quoniam
1480 1145 1666 1218 bonus
1695 1145 1807 1212 est,

165 1240 228 1292 et
252 1236 410 1294 beati
432 1236 531 1309 qui
555 1240 798 1309 sperant
822 1234 877 1291 in
903 1249 1053 1292 eum.
1077 1235 1246 1307 Cepit
1268 1234 1447 1305 igitur
1469 1231 1628 1304 larga
1643 1244 1811 1287 manu

169 1340 301 1397 quae
324 1325 479 1384 circa
504 1339 566 1384 se
588 1329 758 1382 erant
779 1323 1121 1396 dispensare
1146 1323 1522 1396 pauperibus,
1544 1326 1601 1376 et
1622 1319 1762 1377 licet
1782 1334 1812 1375 a

170 1414 378 1485 primis
415 1414 582 1472 annis
624 1412 1033 1485 conpassionis
1074 1412 1130 1468 in
1162 1427 1232 1468 eo
1264 1426 1440 1484 opera
1472 1408 1811 1477 claruerint,

171 1508 364 1560 tamen
389 1518 505 1575 quo
529 1501 779 1575 amplius
807 1501 1034 1557 miseria
1061 1500 1246 1557 seculi
1270 1504 1328 1555 et
1353 1499 1529 1555 fallax
1551 1497 1677 1567 ejus
1689 1511 1817 1567 gra-

169 1591 255 1648 tia
277 1591 823 1663 contempnebatur,
840 1604 912 1645 eo
926 1589 1108 1659 magis
1123 1589 1375 1645 instabat
1402 1583 1817 1644 misericordiae

168 1680 472 1753 operibus,
498 1683 563 1737 ut
587 1678 779 1737 nudus
809 1677 1104 1735 Christum
1136 1676 1322 1747 sequi,
1348 1681 1407 1732 et
1431 1689 1651 1748 pauper
1683 1688 1820 1746 pau-

174 1782 375 1839 perem
408 1766 624 1823 imitari
656 1765 903 1836 valeret,
945 1765 1043 1835 qui
1084 1769 1329 1836 propter
1355 1778 1460 1821 nos
1499 1762 1819 1819 minoratus

175 1855 475 1930 paululum
500 1856 573 1912 ab
601 1853 825 1924 angelis
846 1854 917 1910 de
937 1852 1294 1925 pauperibus
1316 1852 1475 1908 nasci
1497 1856 1555 1907 et
1589 1851 1645 1906 in
1676 1864 1820 1923 prae-

175 1945 342 2018 sepio
376 1942 646 2001 reclinari
686 1941 894 2013 voluit,
930 1946 993 1998 ut
1025 1946 1182 1999 esset
1222 1941 1445 2013 piorum
1487 1938 1707 1996 cibaria
1731 1937 1819 2009 ju-

175 2038 523 2092 mentorum.
578 2030 683 2088 Ubi
733 2044 873 2089 vero
923 2034 1134 2087 cuncta
1183 2028 1468 2086 distracta
1511 2032 1668 2097 sunt,
1714 2042 1818 2085 nec

175 2120 470 2179 desideria
503 2118 781 2177 dilatione
810 2119 1141 2191 consepita,
1168 2118 1305 2190 quin
1327 2116 1528 2189 potius
1550 2129 1821 2186 augmen-

175 2214 324 2280 tata,
366 2209 497 2282 quia
533 2210 733 2266 sancta
775 2210 964 2278 erant,
997 2211 1057 2263 et
1088 2206 1511 2278 cogitationum
1542 2204 1823 2261 inundan-

179 2298 346 2369 tium,
372 2311 517 2369 quas
542 2296 884 2369 perfectioni
908 2296 1152 2353 studens
1167 2294 1356 2351 ﬁdelis
1374 2294 1559 2350 anima
1576 2293 1817 2366 patitur,

180 2386 438 2444 violento
461 2386 682 2459 impetu
700 2385 923 2453 sedato,
950 2384 1021 2441 ad
1046 2388 1276 2456 portum
1299 2383 1515 2454 quietis
1540 2381 1822 2455 appulsus

183 2474 310 2531 ﬁxit
344 2475 656 2532 anchoram
678 2473 825 2546 spei,
852 2472 986 2545 quia
1015 2471 1446 2529 deliberaverat
1464 2470 1578 2541 jam
1602 2475 1666 2528 ut
1689 2469 1820 2540 iret,

177 2564 339 2637 cepit
374 2563 588 2620 iterum
612 2562 831 2619 anxiari
858 2576 971 2633 quo
995 2561 1128 2632 iret,
1155 2575 1323 2632 quem
1346 2560 1455 2616 sibi
1485 2560 1677 2617 locum
1709 2562 1824 2616 sta-

182 2652 367 2709 tionis
388 2650 666 2722 eligeret;
690 2650 786 2707 ubi
806 2649 1129 2722 piantatus,
1146 2650 1201 2705 in
1218 2651 1444 2705 interna
1461 2648 1658 2705 cordis
1678 2662 1827 2705 ame-

178 2740 372 2797 nitate
402 2739 807 2796 virideseeret.
842 2738 1085 2795 Volebat
1112 2738 1265 2793 enim
1288 2737 1396 2795 hoc
1421 2736 1574 2810 quod
1607 2736 1825 2794 dictum

179 2832 279 2886 est
300 2827 455 2900 patri
481 2825 853 2884 credulitatis
873 2829 1092 2883 nostrae
1116 2825 1361 2882 Abrahae
1387 2844 1399 2880 :
1423 2824 1551 2883 Exi
1573 2825 1644 2882 de
1666 2826 1830 2883 terra

184 2917 314 2986 tua,
349 2916 411 2973 et
433 2915 504 2973 de
532 2914 880 2986 cognatione
910 2913 1016 2971 tua
1048 2911 1213 2989 (Gen.
1240 2928 1340 2984 xu,
1373 2917 1434 2980 1;
1463 2914 1590 2971 Aet.
1617 2928 1715 2984 vn,
1750 2913 1825 2985 3),

184 3004 262 3062 ad
285 3004 543 3060 litteram
567 3003 829 3075 implere,
854 3003 958 3059 sed
981 3002 1396 3061 considerabat
1422 3018 1534 3060 non
1558 3003 1682 3061 sine
1715 3002 1831 3059 fru-

190 3098 294 3152 ctu
324 3093 468 3163 fore,
494 3092 563 3163 si,
590 3092 743 3149 inter
764 3106 904 3149 suos
927 3091 1172 3165 positus,
1200 3094 1503 3163 factusque
1533 3092 1620 3149 eis
1651 3092 1829 3147 forma

187 3182 323 3240 vitae
337 3182 622 3253 honestat,
638 3182 928 3254 praeberet
942 3180 1030 3237 eis
1042 3180 1369 3253 exemplum
1384 3180 1666 3252 sequendi
1682 3181 1835 3237 Chri-

1912 695 2026 753 iiae.
2052 695 2267 753 Habuit
2289 700 2350 753 et
2372 696 2544 753 alium
2566 712 2637 753 ex
2654 698 2974 761 concubina
2998 699 3176 758 ﬁlium
3201 703 3428 763 nomine
3452 709 3557 766 Go-

1915 783 2224 842 defridum.
2260 784 2607 845 Godei‘ridus
2637 801 2779 845 vero
2810 787 2926 845 dux
2951 787 3006 844 in
3031 789 3252 849 divitiis
3280 797 3341 849 et
3367 795 3554 865 gloria

1918 874 2140 944 absque
2173 872 2376 931 liberis
2401 875 2729 933 consenuit.
2767 876 2981 934 Gozelo
3013 882 3207 935 autem
3236 880 3352 938 dux
3384 884 3561 943 Gede-

1920 960 2131 1021 fridum
2148 962 2350 1034 ﬁlium,
2379 964 2474 1036 qui
2491 969 2732 1038 accepta
2746 981 2929 1023 uxore
2952 967 3242 1026 Bonefacii
3264 974 3471 1042 postea
3485 974 3563 1030 fa-

1923 1054 2054 1107 ctus
2075 1055 2166 1108 est
2191 1052 2468 1123 marchio,
2494 1053 2768 1112 heredem
2793 1054 3051 1126 reliquit.
3084 1056 3201 1116 Hac
3232 1072 3373 1129 ergo
3395 1075 3567 1131 gene-

1926 1153 2053 1196 rosa
2078 1140 2263 1213 stirpe
2278 1146 2517 1200 creatus
2530 1142 2779 1201 domnus
2802 1142 3156 1215 Fridericus,
3175 1144 3230 1203 in
3245 1146 3568 1206 sublimita—

1927 1232 1984 1283 te
2011 1228 2295 1286 honorum
2330 1230 2579 1301 positus,
2625 1246 3028 1291 mensurarum
3068 1247 3303 1292 suarum
3354 1234 3570 1295 limites

1928 1314 2295 1398 attendebat,
2310 1330 2379 1372 ne
2399 1316 2455 1372 in
2475 1316 2805 1389 praecipitio
2826 1316 2896 1352 ²⁸⁰
2918 1319 3120 1392 pedem
3145 1326 3418 1392 poneret:
3434 1322 3567 1380 ideo

1930 1402 2143 1460 bonum
2176 1403 2520 1462 intentionis
2544 1420 2665 1465 suae
2689 1405 2859 1464 ﬁnem
2885 1408 3134 1480 adeptus
3151 1412 3261 1480 est,
3288 1410 3385 1482 qui
3407 1416 3567 1469 extra

1931 1490 2074 1548 ﬁnes
2094 1506 2233 1573 suos
2251 1498 2492 1563 vagatus
2513 1509 2626 1551 non
2649 1500 2756 1553 est.
2786 1496 3065 1555 Hostibus
3082 1498 3393 1568 terribilis,
3416 1514 3570 1558 amo-

1932 1596 1993 1636 re
2021 1581 2269 1651 justitim
2300 1583 2660 1655 spectabilis,
2689 1586 3042 1657 pauperibus
3072 1586 3292 1659 largus,
3326 1588 3569 1662 dapsilis

1932 1669 1988 1724 in
2021 1669 2220 1732 donis;
2255 1670 2312 1725 in
2346 1672 2638 1743 parcendo
2669 1673 2816 1745 pius,
2854 1674 2907 1731 in
2933 1674 3273 1734 ulciscendo
3303 1691 3566 1736 severus.

1934 1758 2039 1824 Qui
2072 1763 2129 1815 et
2146 1758 2194 1815 si
2226 1758 2513 1831 palacium
2548 1761 2979 1834 frequentabat,
3012 1764 3067 1820 in
3089 1765 3459 1837 sterquilinio
3485 1770 3571 1824 ta-

1933 1861 2061 1903 men
2090 1862 2221 1904 cum
2255 1849 2425 1907 beato
2444 1850 2551 1906 Job
2572 1849 2811 1907 sedebat
2844 1851 2994 1923 (Job,
3020 1868 3079 1924 ιι,
3106 1854 3161 1925 8)
3195 1872 3206 1908 :
3233 1854 3366 1926 quia
3386 1855 3435 1915 si
3460 1871 3570 1928 qua

1934 1932 2139 1992 illicite
2160 1937 2423 2007 gerebat,
2439 1952 2505 1995 ea
2527 1936 2597 1994 ad
2614 1940 2826 1996 mentis
2849 1940 3049 1999 oculos
3074 1939 3382 2015 penitendo
3403 1944 3574 2001 redu-

1931 2025 2121 2081 cebat.
2144 2024 2392 2082 Sedebat
2413 2025 2469 2081 in
2488 2028 2879 2099 sterquilinio,
2904 2030 3034 2100 quia
3058 2045 3186 2089 cum
3209 2036 3342 2091 ante
3364 2047 3424 2092 se
3444 2047 3576 2107 pec-

1932 2117 2197 2171 catorum
2213 2118 2474 2171 stercora
2491 2117 2789 2188 cernebat,
2806 2118 2853 2174 si
2872 2118 3008 2190 quid
3023 2119 3296 2177 elationis
3314 2120 3370 2177 in
3386 2121 3574 2179 animo

1934 2201 2313 2274 surrexisset,
2331 2202 2667 2262 inclinabat.
2694 2206 2758 2262 Et
2786 2212 3005 2277 quanto
3021 2221 3081 2265 se
3098 2208 3397 2281 pulverem
3421 2213 3478 2267 et
3504 2210 3583 2269 ci-

1934 2305 2127 2347 nerem
2150 2306 2278 2348 cum
2298 2292 2415 2349 Deo
2438 2292 2682 2363 loquens
2702 2294 3036 2368 estimabat,
3062 2300 3225 2355 tanto
3242 2297 3461 2357 celsius
3482 2315 3576 2359 us-

1936 2393 2047 2451 que
2070 2379 2141 2435 ad
2169 2379 2446 2437 honorem
2471 2380 2678 2441 divinae
2701 2382 3162 2455 colloquutionis
3193 2388 3569 2446 ascendebat.

1936 2468 2079 2525 Hinc
2092 2474 2185 2525 est
2198 2468 2352 2540 quod
2373 2469 2450 2526 ita
2472 2484 2606 2526 vere
2620 2471 2959 2531 humiliatus
2970 2478 3078 2542 est,
3098 2479 3160 2531 ut
3176 2475 3244 2532 ad
3262 2474 3378 2532 alta
3392 2476 3576 2535 virtu-

1934 2560 2059 2614 tum
2084 2571 2326 2627 surgere
2351 2558 2639 2617 veraeitcr
2658 2566 2881 2632 posset.
2904 2562 3040 2632 Agit
3061 2563 3212 2619 enim
3236 2564 3344 2622 hoc
3367 2564 3459 2637 pia
3476 2566 3573 2623 Dei

1936 2645 2239 2703 miseratio
2268 2660 2406 2717 erga
2438 2646 2661 2705 electos
2702 2663 2859 2718 suos,
2896 2655 2960 2706 ut
2993 2656 3211 2722 quanto
3240 2668 3301 2709 se
3331 2652 3480 2711 infra
3511 2668 3574 2712 se

1939 2734 2101 2807 ipsos
2132 2734 2481 2807 despiciunt,
2534 2739 2700 2794 tanto
2750 2737 3060 2797 sublimius
3086 2739 3160 2797 ad
3192 2755 3442 2799 amorem
3474 2743 3573 2801 Dei

1941 2823 2336 2896 subrigantur,
2354 2828 2412 2880 et
2426 2840 2494 2882 eo
2509 2826 2689 2898 magis
2707 2826 2939 2884 videant
2961 2826 3291 2887 claritatem
3313 2830 3434 2903 Dei,
3461 2846 3576 2904 quo

1940 2926 2045 2969 eos
2070 2913 2272 2984 magis,
2299 2928 2369 2971 ne
2393 2915 2464 2971 de
2486 2929 2547 2972 se
2571 2929 2773 2985 magna
2797 2916 3072 2973 sentiant.
3100 2919 3367 2990 reprimit
3389 2920 3579 2979 virtus

1941 3014 2096 3058 verae
2136 3001 2507 3062 humilitatis.

2015 3094 2067 3148 4.
2102 3093 2241 3149 Cum
2264 3092 2459 3164 itaque
2485 3094 2555 3151 ad
2578 3094 2902 3154 conditoris
2924 3096 3009 3154 sui
3035 3097 3394 3157 desiderium
3417 3103 3577 3159 totus

1946 3178 2169 3237 diutina
2183 3181 2564 3240 meditatione
2585 3182 2987 3257 incalesceret,
3004 3191 3065 3242 et
3079 3186 3195 3257 jam
3211 3193 3412 3260 aperte
3428 3204 3591 3248 mun-

189 3279 366 3344 stum,
401 3247 779 3343 adipiscendo
811 3269 1114 3342 religionis
1148 3247 1529 3343 propositum.
1567 3269 1837 3327 Conside-
1858 3247 1915 3310 'C
1947 3269 2003 3325 di
2038 3270 2323 3327 lenocinia
2358 3270 2657 3342 despicere
2679 3278 2738 3329 et
2760 3274 2879 3331 Deo
2906 3247 3024 3331 tota
3058 3247 3381 3334 intentione
3412 3247 3586 3335 adhe-

190 3361 358 3417 rabat
385 3375 595 3417 rursus
611 3358 1012 3416 difﬁcillimum
1034 3374 1166 3415 esse
1190 3359 1345 3415 inter
1363 3364 1538 3415 notos
1558 3362 1617 3415 ct
1635 3358 1835 3415 afﬁnes

188 3448 482 3520 gravioris
513 3448 799 3520 propositi
829 3448 1213 3506 intentionem
1244 3447 1705 3520 apprehendere,
1741 3447 1834 3505 ubi

191 3536 509 3608 aliquando
531 3541 693 3592 certa
716 3536 912 3594 estvia
937 3535 1204 3609 periculi,
1221 3536 1441 3592 incerta
1458 3536 1688 3607 salutis,
1707 3551 1837 3594 eum

194 3626 446 3684 retrahit
473 3625 762 3683 hominem
788 3626 904 3697 jam
928 3626 1045 3682 Deo
1069 3624 1495 3697 proximantem
1529 3639 1687 3681 amor
1709 3640 1840 3697 pro-

196 3714 570 3788 pinquorum,
604 3719 665 3769 et
694 3714 1037 3770 reverberat
1077 3713 1259 3771 aciem
1300 3713 1500 3771 vultus
1538 3714 1684 3785 ejus,
1729 3728 1840 3785 qua

198 3804 352 3860 Deus
381 3801 697 3859 intuendus
717 3807 895 3872 esset,
920 3802 1139 3859 caritas
1162 3802 1377 3874 carnis,
1402 3807 1462 3859 et
1485 3801 1841 3859 multimoda

200 3892 549 3965 punctiones
578 3891 781 3962 seculi,
816 3906 961 3963 quas
982 3906 1095 3948 non
1119 3890 1265 3947 adeo
1294 3906 1505 3961 graves
1536 3891 1715 3949 sentit
1746 3890 1842 3963 qui

200 3980 663 4053 Oportunitatem
703 3979 995 4036 sentiendi
1026 3979 1174 4036 vitat
1199 3982 1256 4035 et
1287 3979 1519 4050 refugit.
1555 3981 1711 4036 inter
1739 3980 1844 4036 has

200 4074 261 4125 et
286 4068 432 4125 alias
456 4068 810 4140 multiplices
841 4068 1289 4140 repugnantium
1314 4069 1426 4125 sibi
1450 4068 1697 4127 invicem
1721 4083 1847 4125 car-

202 4158 295 4215 nis
314 4161 375 4223 et
395 4157 642 4229 spiritus
665 4156 1122 4215 deliberationes
1153 4156 1318 4214 aﬁ‘uit
1341 4156 1695 4227 adjutorium
1718 4157 1848 4214 0m-

204 4247 547 4320 nipotentis,
573 4251 632 4303 et
658 4245 871 4303 famulo
902 4261 1007 4304 suo
1037 4245 1348 4304 desudanti
1375 4245 1430 4301 in
1456 4245 1712 4318 palestra
1734 4244 1850 4316 glo-

205 4336 349 4394 riosi
378 4335 717 4394 certaminis
745 4334 1016 4393 solatium
1045 4335 1298 4407 praebuit
1324 4336 1624 4407 cujusdam
1658 4335 1849 4392 ﬁdelis

207 4426 320 4496 sui,
346 4425 444 4498 qui
468 4425 576 4482 sub
599 4423 845 4481 clamide
877 4422 1180 4482 mundanae
1211 4422 1514 4494 dignitatis
1546 4422 1852 4481 abscondi-

206 4517 329 4574 tum
342 4514 585 4585 gerebat
603 4511 1075 4586 probatissimum
1089 4511 1328 4569 militem
1342 4512 1572 4569 Christi.
1585 4512 1721 4585 (Fel.
1735 4512 1850 4585 74.)

1951 3374 2079 3416 rere
2095 3364 2358 3431 cuperet,
2375 3358 2717 3432 videretque
2731 3360 2901 3418 homo
2916 3361 2969 3418 in
2987 3362 3204 3421 saeculo
3225 3365 3587 3424 constitutus

1951 3447 2451 3518 pernecessarium
2486 3448 2593 3505 sibi
2628 3449 2750 3506 fore
2788 3453 2849 3507 ut
2880 3450 2990 3508 hoc
3030 3466 3195 3509 suum
3234 3451 3590 3512 desiderium

1949 3535 2192 3593 cuilibet
2215 3534 2627 3606 religiosorum
2654 3538 3013 3611 propalaret,
3037 3540 3207 3611 cujus
3230 3540 3593 3601 relevaretur

1949 3624 2195 3681 consilio
2227 3629 2283 3679 et
2316 3625 2684 3683 orationibus
2733 3626 3084 3699 ﬁrmaretur,
3136 3629 3324 3686 visum
3372 3634 3466 3687 est
3517 3629 3591 3702 ei,

1954 3712 2144 3770 divina
2168 3713 2369 3784 utique
2394 3714 2644 3771 faciente
2668 3714 2995 3786 clementia,
3018 3723 3079 3774 ut
3099 3716 3287 3775 virum
3313 3718 3597 3789 religione

1954 3802 2497 3876 nominatissimum,
2536 3804 2888 3863 Richardum
2922 3805 3218 3878 videlicet,
3253 3808 3325 3865 de
3354 3823 3469 3880 quo
3499 3808 3600 3865 im-

1957 3891 2403 3963 praesentiarum
2426 3892 2622 3964 agitur
2645 3893 2784 3964 (Cfr.
2807 3892 2964 3953 Gest.
2993 3895 3155 3953 Vird.
3172 3898 3249 3968 8),
3272 3901 3597 3969 expeteret,

1957 3984 2015 4035 et
2045 3981 2097 4035 ei
2133 3983 2426 4053 tamquam
2467 3980 2580 4038 sibi
2625 3980 2795 4038 alteri
2828 3998 2892 4039 se
2924 3983 3115 4055 ipsum
3148 3985 3439 4055 crederet,
3471 4000 3601 4043 cum

1957 4083 2028 4127 eo
2050 4068 2299 4126 archana
2322 4069 2521 4127 cordis
2544 4070 2634 4127 sui
2657 4070 3037 4143 participaret
3056 4090 3068 4128 :
3086 4072 3247 4130 illum
3267 4087 3395 4131 esse
3418 4072 3604 4131 consi-

1959 4155 2190 4214 liarium
2215 4156 2312 4228 qui
2337 4156 2514 4213 nichil
2537 4156 2783 4215 haberet
2814 4157 3010 4229 fallax,
3036 4159 3213 4217 nichil
3247 4158 3602 4231 simulatum,

1962 4243 2138 4302 nichil
2169 4250 2463 4318 corrupta
2497 4245 2658 4318 pacis
2688 4246 2954 4304 amicum.
2989 4248 3158 4305 Venit
3187 4263 3348 4321 ergo,
3379 4253 3441 4306 et
3469 4249 3604 4307 dum

1964 4333 2140 4391 unius
2161 4333 2437 4392 voluntas
2454 4334 2737 4406 aperitur,
2754 4336 3056 4393 amborum
3075 4335 3426 4395 desiderium
3450 4351 3608 4395 reve-

1964 4421 2141 4496 latur,
2168 4427 2228 4481 et
2260 4426 2319 4480 ut
2348 4422 2685 4495 perﬁciatur
2717 4422 2940 4480 alterna
2971 4424 3410 4483 conﬁrmatione
3440 4427 3609 4483 robo-

1967 4518 2152 4569 ratur.
2179 4513 2487 4569 Decretum
2510 4511 2804 4581 estigitur
2821 4512 3111 4571 communi
3137 4517 3296 4583 voto,
3317 4517 3377 4569 et
3397 4527 3469 4569 ex
3483 4527 3611 4570 sen-

209 4602 556 4660 Fredericus
596 4616 804 4660 nomen
818 4606 944 4658 erat
960 4601 1103 4672 viro,
1136 4615 1415 4672 generosa
1459 4602 1605 4659 satis
1637 4602 1764 4673 ejus
1793 4606 1853 4657 et
1883 4598 1935 4660 D
1971 4594 2152 4658 tentia
2176 4601 2470 4673 utrimque
2500 4599 2884 4657 deliberatum
2908 4605 3000 4657 est
3024 4606 3086 4658 ut
3111 4614 3332 4673 pauper
3362 4599 3608 4673 quilibet

211 4690 327 4749 alta
353 4707 630 4766 propago.
652 4692 789 4765 (Cfr.
812 4690 970 4750 (ἔδει.
1010 4690 1169 4747 Vird.
1191 4691 1268 4762 9.)
1295 4689 1618 4748 Comitatus
1632 4691 1854 4748 honore

210 4782 465 4854 vigebat,
501 4786 559 4838 et
595 4781 749 4853 quod
779 4780 1087 4837 maximum
1121 4783 1236 4851 est,
1267 4779 1610 4837 comitatum
1642 4779 1855 4836 mentis

213 4871 409 4929 indole
433 4870 810 4944 perornahat.
844 4871 1019 4927 Pater
1051 4869 1180 4939 ejus
1213 4869 1565 4926 Godefridus
1594 4874 1741 4940 erat,
1768 4869 1858 4927 vir

215 4959 507 5033 probitate
530 4960 717 5032 gratia
731 4958 1024 5017 etdivitiis
1036 4963 1096 5015 et
1109 4958 1432 5017 honoribus
1454 4958 1604 5015 inter
1628 4972 1860 5030 magna-

215 5055 306 5108 tes
346 5049 509 5121 regni
547 5049 1066 5107 nominatissimus.
1114 5050 1378 5105 Habebat
1407 5054 1466 5106 et
1497 5048 1645 5106 alios
1684 5047 1893 5119 ﬁlios,-

216 5136 642 5197 Adalberonem
685 5137 1108 5199 Virdunensem
1140 5152 1312 5210 quem
1342 5138 1597 5196 diximus
1637 5137 1861 5210 episeo-

217 5243 375 5301 pum,
421 5228 832 5285 Herimannum
860 5226 931 5261 ’τ’
963 5241 1194 5300 quoque
1243 5227 1520 5285 comitum
1565 5227 1863 5285 nobilissi-

216 5333 395 5387 mum,
447 5317 820 5374 Godefridum
878 5331 1108 5388 quoque
1154 5321 1215 5371 et
1263 5316 1608 5372 Gozelonem
1659 5316 1858 5373 duces.

215 5406 732 5478 Herimannus,qui
746 5411 807 5462 et
820 5404 1053 5477 Hezelo,
1070 5403 1402 5461 Mathildem
1418 5403 1585 5461 duxit
1601 5420 1860 5476 uxorem,

215 5510 289 5554 ex
312 5509 425 5570 qua
452 5496 655 5568 genuit
680 5493 830 5552 duos
855 5493 1028 5566 ﬁlios,
1047 5494 1213 5551 bonae
1227 5492 1350 5566 spei
1374 5493 1635 5567 arbores,
1654 5493 1868 5566 Grego-

1969 4686 2139 4747 locus
2169 4688 2513 4760 eligeretur,
2539 4687 2594 4743 in
2628 4702 2743 4761 quo
2771 4688 2955 4745 honor
2984 4688 3083 4744 Dei
3115 4692 3172 4744 et
3203 4687 3364 4758 rigor
3394 4687 3610 4758 regulae

1971 4782 2447 4850 conservaretur,
2464 4778 2563 4835 ubi
2577 4777 2707 4835 novi
2722 4775 3059 4835 christiante
3082 4776 3446 4850 paupertatis
3463 4789 3615 4832 ama-

1972 4871 2134 4924 tores
2152 4866 2440 4937 exerceri,
2456 4871 2517 4923 et
2529 4866 2612 4923 sic
2625 4865 2854 4924 demum
2879 4864 3027 4923 alios
3041 4866 3097 4922 in
3113 4863 3441 4938 Spirituaiis
3460 4867 3616 4935 tyro-

1973 4955 2111 5012 cinii
2144 4956 2426 5014 exercitio
2466 4954 2760 5014 instruere
2799 4960 3063 5027 possent.
3106 4954 3379 5011 Delcctus
3420 4952 3615 5023 itaque

1976 5043 2139 5103 locus
2168 5044 2488 5103 Virduuum
2519 5044 2732 5102 civitas
2764 5045 2892 5116 fuit,
2928 5049 2986 5100 et
3019 5044 3071 5099 in
3104 5058 3169 5101 ea
3203 5040 3614 5100 monasterium

1976 5134 2376 5206 apostolorum
2424 5133 2582 5190 Petri
2614 5137 2671 5195 et
2700 5132 2862 5190 Pauli
2916 5138 2974 5189 ct
3025 5132 3212 5189 sancti
3261 5130 3620 5188 confessoris

1979 5222 2192 5281 Christi
2241 5222 2457 5294 Vitoni,
2510 5220 2666 5293 quod
2695 5226 2756 5278 et
2784 5221 2856 5278 ab
2896 5220 3137 5289 antiquo
3185 5217 3509 5288 fundatum,
3561 5223 3620 5272 et

1979 5316 2314 5368 sanctorum
2343 5290 2686 5383 patrociniis
2712 5308 3055 5379 gloriosum,
3082 5313 3138 5362 et
3161 5306 3466 5375 religionis
3493 5311 3618 5362 erat

1979 5401 2183 5458 ordine
2202 5400 2561 5470 insignitum.
2581 5399 2759 5455 Erant
2780 5398 2932 5454 enim
2952 5397 3008 5452 in
3024 5408 3095 5454 eo
3118 5395 3253 5453 boni
3275 5395 3385 5451 viri
3407 5400 3465 5450 et
3493 5392 3624 5450 reli-

1978 5490 2149 5565 giosi,
2185 5489 2322 5549 licet
2370 5487 2668 5563 perpauci,
2719 5485 2829 5545 sub
2861 5483 3170 5559 disciplina
3221 5483 3452 5543 abbatis
3500 5482 3628 5541 Fin-

1593 5620 1829 5677 VARle
1869 5617 2251 5678 LECTIONES

290 5713 360 5747 ’τ’
393 5711 742 5773 Hezeionem
770 5708 1262 5785 suprascriptum.
1343 5706 1412 5741 ²⁸⁰
1454 5707 1647 5781 pcipio
1677 5722 1723 5766 ε.

546 5810 804 5873 ΡΑτιιοι.
838 5806 1050 5871 CLIV.
