3922 6398
389 355 504 415 208

1344 354 1397 411 Η
1410 352 1630 412 UUUN
1640 353 1711 410 lb‘
1755 350 2105 412 ABBATIS
2148 351 2826 414 FLAVINIACENSIS

3676 362 3798 421 204

386 488 561 559 genii,
588 504 617 544 a
641 490 970 544 Scottorum
1005 489 1272 561 partibus
1299 489 1549 558 oriundi,
1585 489 1681 560 qui
1714 489 1814 544 illo
1847 502 2021 544 causa
2051 484 2109 548 Α
2143 490 2376 556 tyrones
2400 486 2738 557 Virdunum,
2765 494 2821 543 et
2850 488 3141 559 provoluti
3169 490 3417 559 genibus
3449 492 3639 564 patris
3675 511 3798 551 mo~

388 575 689 646 religionis
738 583 1149 634 convenerant.
1195 577 1332 647 (Cfr.
1380 576 1536 635 (ἴδει.
1594 578 1754 635 Vird.
1788 576 1867 648 9.)
1901 579 2023 633 Huc

388 678 524 721 sane
552 680 681 722 cum
706 679 768 722 se
788 667 1054 724 conferre
1085 665 1560 736 destinavissent,
1589 666 1659 721 ad
1691 666 1800 721 hoc
1831 671 2021 722 tamen

384 751 744 824 exploraturi
768 758 1189 823 convenerunt,
1218 758 1279 811 ut
1304 754 1559 826 opinioni
1585 754 1773 810 minus
1795 752 2020 810 creduli

384 840 569 898 oculis
619 844 1014 913 attenderent,
1049 844 1095 901 si
1124 858 1193 900 eo
1223 860 1284 901 se
1314 844 1583 900 coenobio
1622 841 2015 900 recluderent.

385 929 523 1000 (Fol.
555 933 670 1004 75.)
702 933 837 988 Erat
862 931 918 988 in
941 932 1142 989 eadem
1173 933 1318 990 urbe
1341 938 1399 988 et
1422 932 1577 989 aliud
1607 931 2019 989 monasterium

380 1033 409 1074 a
447 1018 727 1089 Wigfrido
756 1021 1034 1094 episcopo
1054 1025 1477 1092 constructum,
1513 1021 1567 1077 in
1602 1036 1714 1092 quo
1745 1021 1831 1077 eis
1865 1019 2021 1076 vide-

382 1108 552 1164 batur
582 1108 793 1167 mclius
822 1125 922 1168 eos
952 1110 1177 1181 ingredi
1208 1110 1423 1167 debere
1449 1126 1552 1182 pro
1582 1110 1689 1166 loci
1719 1109 2013 1180 oportuni-

381 1200 535 1266 tate;
563 1198 697 1269 quia
710 1198 856 1256 illud
872 1200 1036 1271 prius
1052 1199 1377 1256 coenobium
1392 1198 1501 1255 loci
1518 1199 1785 1269 angustia
1801 1203 1857 1254 et
1873 1197 2019 1254 situs

378 1286 670 1358 asperitas
690 1288 878 1345 minus
896 1288 1359 1357 commendabat,
1383 1286 1520 1344 licet
1544 1288 1701 1357 rigor
1719 1287 1941 1343 ordinis
1963 1287 2019 1341 in

379 1371 479 1431 illo
514 1376 722 1433 melius
772 1381 1128 1434 servaretur.
1179 1377 1545 1433 Estimationi
1586 1391 1728 1433 vero
1767 1391 1886 1433 sua;
1919 1374 2020 1431 mi-

352 1479 487 1539 ,nus
516 1464 685 1521 fidem
708 1465 936 1536 dantes,
963 1466 1345 1523 Cluniacense
1368 1465 1697 1522 coenobium
1728 1465 1850 1537 pari
1880 1468 2018 1520 voto

376 1559 651 1626 expetere
666 1553 1072 1625 decreverunt,
1093 1540 1246 1626 q'uod
1261 1560 1317 1611 et
1334 1554 1618 1625 religione
1632 1554 2013 1626 praecipuum,

377 1646 435 1698 et
458 1640 679 1701 divitiis
701 1643 1205 1715 opulentissimum
1226 1656 1354 1699 esse
1380 1642 1705 1711 videbatur,
1731 1646 1840 1699 uta
1861 1642 2020 1699 dom-

376 1745 452 1787 no
477 1731 721 1789 Odilone
743 1733 954 1791 abbate
978 1731 1286 1789 consilium
1316 1736 1668 1801 quaererent,
1694 1736 1753 1787 et
1775 1735 2017 1803 Optento

376 1816 847 1891 adquiescerent,
870 1826 968 1877 aut
993 1826 1175 1890 certe,
1196 1820 1246 1877 si
1265 1825 1470 1877 sancto
1494 1822 1615 1879 viro
1639 1821 1843 1878 sanius
1863 1821 2017 1877 vide-

377 1913 561 1979 retur,
589 1909 800 1965 ibidem
829 1912 938 1968 sub
967 1925 1036 1967 eo
1070 1917 1454 1971 remanerent.
1487 1914 1676 1969 lerunt
1702 1926 1867 1982 ergo.
1905 1911 2015 1967 Sed

378 2002 618 2056 sanctus
645 1998 732 2055 vir
765 2000 1088 2072 prophetia)
1122 2003 1337 2074 spiritu
1369 2003 1599 2074 plenus,
1632 2001 2017 2071 caritatisque

376 2087 597 2144 virtute
627 2090 899 2160 refertus,
935 2091 1095 2148 viros
1124 2093 1392 2162 egregios
1411 2097 1471 2148 et
1494 2092 1551 2147 in
1575 2092 1788 2148 Christi
1821 2105 2016 2147 amore

379 2178 671 2234 ferventes
710 2184 1017 2249 gratanter
1058 2187 1363 2252 susceptos
1394 2181 1465 2237 ad
1499 2180 1683 2237 solum
1715 2181 2013 2252 proprium

375 2266 621 2337 remisit,
648 2267 947 2325 inculcans
978 2269 1064 2326 eis
1095 2275 1154 2326 et
1189 2270 1538 2341 praecipiens
1564 2273 1625 2325 ut
1649 2270 1703 2324 in
1727 2274 2015 2325 monaste-

374 2354 461 2411 rio
493 2354 646 2426 quod
681 2358 927 2427 primum
955 2357 1315 2429 delegerant,
1342 2365 1401 2416 et
1424 2358 1522 2415 ubi
1546 2372 1610 2414 se
1633 2357 2009 2429 devoverant,

375 2448 509 2499 vota
542 2459 643 2502 sua
681 2447 793 2503 Deo
840 2446 1175 2517 redderent,
1220 2448 1466 2505 maxime
1515 2460 1645 2504 cum
1679 2448 1758 2503 ibi
1786 2448 2014 2518 vigeret

376 2533 569 2589 fervor
592 2534 847 2601 ordinis;
881 2535 1163 2605 adjiciens
1194 2551 1364 2607 posse
1398 2551 1500 2607 per
1520 2550 1624 2593 eos
1646 2536 1769 2592 ﬂeri
1796 2537 1850 2591 in
1885 2550 2014 2607 pro-

374 2636 544 2679 cessu
590 2624 889 2695 temporis,
921 2629 985 2680 ut
1016 2624 1347 2682 habitacula
1400 2639 1699 2682 servorum
1730 2626 1828 2681 Dei
1862 2639 2014 2683 nunc

373 2712 596 2769 modica
628 2713 1000 2784 postmodum
1031 2719 1387 2786 crescerent,
1413 2720 1474 2771 et
1501 2715 1668 2771 ﬂeret
1697 2730 1899 2772 eorum
1930 2717 2014 2773 in-

375 2800 601 2859 dustria
629 2801 796 2859 locus
819 2803 942 2875 ipse
974 2803 1237 2875 insignis,
1272 2805 1369 2876 qui
1403 2820 1555 2861 nunc
1584 2804 1894 2862 videbatur
1919 2821 2017 2861 an-

371 2893 582 2961 gustus
611 2894 668 2947 et
700 2890 1097 2963 despicabilis.

446 2980 499 3032 5.
529 2978 749 3033 Intueri
781 2978 953 3049 plane
985 2978 1127 3035 libet
1161 2980 1444 3035 flammam
1468 2979 1736 3037 caritatis
1757 2980 1813 3036 in
1835 2980 2014 3038 corde

376 3066 531 3122 beati
564 3066 848 3139 Odilonis,
885 3082 1014 3138 quas
1048 3082 1151 3139 per
1192 3069 1425 3125 beatum
1446 3069 1555 3125 Job
1578 3069 1671 3126 lex
1693 3070 1790 3125 Dei
1823 3071 2016 3127 multi-

373 3152 509 3227 plex
540 3154 759 3212 dicitur
804 3155 934 3226 (Job
966 3172 1044 3227 χι,
1078 3159 1154 3227 6),
1200 3157 1329 3228 quia
1364 3158 1532 3228 cujus
1562 3165 1812 3216 mentem
1847 3159 2016 3231 plene

371 3244 614 3317 ceperit,
650 3244 796 3302 hanc
816 3244 887 3301 ad
918 3245 1218 3303 innumera
1249 3261 1428 3317 opera
1458 3214 1896 3306 multiformiter
1923 3266 2016 3307 ac-
2043 3214 2095 3280 α

371 3333 589 3390 cendit.
617 3336 734 3391 Hac
756 3335 901 3391 enim
923 3340 1117 3392 actum
1140 3337 1415 3394 estutvir
1437 3338 1644 3395 beatus
1664 3353 1729 3394 ea
1754 3354 1881 3411 quae
1900 3340 2010 3396 sibi

368 3422 441 3478 ab
466 3421 651 3479 altero
676 3423 800 3479 fieri
822 3429 1186 3495 expectaret,
1205 3424 1407 3482 eadem
1430 3426 1720 3497 cogitaret
1741 3427 1911 3485 alteri
1934 3429 2011 3483 fa-

368 3511 594 3568 eienda.
649 3513 766 3568 Hac
812 3512 988 3569 etiam
1037 3518 1229 3570 actum
1274 3520 1365 3571 est
1399 3520 1463 3572 ut
1496 3516 1820 3585 proximum
1855 3520 1919 3573 ut
1947 3531 2008 3573 se

369 3599 559 3671 ipsum
610 3599 899 3672 diligeret,
950 3607 1013 3659 ut
1063 3602 1212 3660 bona
1272 3617 1400 3674 quae
1448 3604 1669 3661 valeret
1728 3606 2008 3676 proximis

371 3688 754 3761 impenderet,
810 3696 867 3747 et
920 3690 1195 3763 inplendo
1244 3706 1356 3748 non
1406 3696 1676 3750 tumeret.
1731 3695 1847 3751 Hac
1892 3695 2009 3752 nic-

367 3776 680 3836 hilominus
720 3779 784 3836 ﬁt
825 3784 889 3837 ut
929 3794 1044 3850 quo
1076 3796 1140 3837 se
1169 3779 1258 3837 vir
1302 3786 1544 3838 sanctus
1574 3782 1629 3837 in
1660 3783 1787 3839 solo
1817 3784 1917 3839 Dei
1948 3790 2009 3841 et

366 3866 618 3939 proximi
650 3882 845 3924 amore
876 3868 1173 3939 dilataret,
1198 3884 1268 3926 eo
1293 3870 1577 3942 quidquid
1600 3886 1631 3927 a
1655 3873 2008 3933 rectitudine

365 3955 664 4029 discrepat
722 3958 1036 4029 ignoraret.
1091 3960 1208 4016 Hac
1256 3974 1486 4032 quoque
1543 3967 1733 4019 actum
1782 3969 1873 4021 est
1921 3969 2003 4036 ut,

365 4049 599 4104 ceteros
626 4051 921 4118 tamquam
945 4062 1007 4105 se
1030 4047 1301 4121 diligens,
1336 4064 1440 4122 per
1465 4051 1574 4108 hoc
1593 4052 1748 4123 quod
1780 4058 2005 4111 rectum

364 4134 420 4191 in
442 4134 576 4192 aliis
593 4135 916 4208 conspexit,
943 4138 1104 4209 quasi
1125 4138 1195 4194 de
1218 4146 1530 4210 augmento
1554 4141 1775 4214 proprii
1800 4157 2008 4214 prove-

362 4229 516 4293 ctus,
566 4224 966 4284 hilaresceret.
1015 4227 1155 4294 Quis
1201 4243 1449 4301 namque
1491 4231 1864 4302 prmlatorum
1898 4232 2004 4289 hoc

363 4329 515 4371 nunc
530 4314 769 4387 faceret,
789 4318 941 4389 quod
956 4317 1144 4375 virum
1163 4318 1597 4377 sanctissimum
1614 4324 1756 4377 tunc
1774 4326 2002 4378 constat

363 4403 606 4462 fecisse?
629 4405 769 4472 Quis
790 4410 873 4464 tot
897 4412 958 4465 et
979 4408 1129 4465 tales
1151 4409 1309 4465 viros
1332 4411 1480 4465 tama
1505 4409 1720 4481 ubique
1745 4410 2005 4469 celebra-

360 4498 472 4564 tos,
500 4494 547 4551 si
575 4495 645 4552 ad
670 4511 732 4552 se
754 4496 1052 4555 declinare
1082 4498 1470 4569 contingeret,
1497 4499 1569 4555 ad
1601 4498 1713 4556 alia
1746 4498 1873 4558 loca
1906 4500 2005 4569 de,-

2139 576 2396 632 masterii
2418 576 2639 633 aditum
2663 577 3074 648 precabantur.
3102 577 3260 645 Quos
3283 594 3411 636 cum
3439 583 3641 639 senior
3664 599 3792 640 cer-

2136 670 2322 734 neret,
2345 670 2405 721 et
2423 665 2580 723 viros
2603 666 2843 723 virtutis
2866 666 2939 723 ad
2960 667 3264 724 toleranda
3288 669 3622 741 obprobria,
3652 688 3795 729 con-

2133 754 2494 811 culcationes
2524 759 2583 811 ct
2613 756 2860 811 verbera
2904 754 3094 813 minus
3131 756 3373 816 idoneos
3402 764 3460 815 et
3493 760 3791 817 delicatos

2136 847 2390 915 putaret,
2409 848 2937 916 paupertatemque
2953 845 3063 902 loci
3078 861 3207 902 cum
3226 846 3457 905 illorum
3474 850 3791 906 metiretur

2135 930 2373 1003 divitiis,
2388 947 2528 1003 egre
2545 932 2855 990 adsensum
2872 934 3175 1007 prebebat,
3195 935 3326 1005 quia
3344 942 3784 996 menteseorum

2132 1020 2190 1075 in
2213 1020 2407 1077 divino
2432 1036 2626 1078 amore
2655 1022 2964 1079 roboratas
2986 1037 3099 1079 non
3123 1031 3384 1095 noverat,
3420 1041 3565 1096 quas
3598 1027 3644 1084 si
3680 1044 3785 1085 no-

2131 1109 2335 1181 visset,
2363 1125 2469 1167 nec
2495 1116 2790 1167 momento
2825 1111 3131 1168 introitum
3155 1112 3387 1169 illorum
3420 1115 3779 1172 distulisset.

2134 1198 2324 1255 Cessit
2375 1200 2648 1270 tamdem,
2682 1206 2742 1255 et
2771 1200 3112 1272 petentibus
3163 1216 3461 1259 assensum
3503 1206 3781 1275 praebens

2132 1286 2459 1358 ingressum
2483 1289 2707 1360 annuit,
2742 1290 2875 1360 quia
2907 1289 3179 1347 voluntas
3212 1292 3308 1347 Dei
3334 1292 3437 1349 fuit
3459 1296 3522 1348 ut
3544 1293 3663 1350 cito
3685 1294 3776 1349 eis

2130 1381 2468 1433 occurreret
2499 1377 2652 1449 quod
2676 1376 2972 1433 volebant.
3008 1379 3220 1435 Sociati
3243 1380 3437 1451 itaque
3456 1396 3777 1452 congrega-

2130 1465 2275 1522 tioni
2300 1466 2658 1536 monasterii,
2682 1466 3447 1525 factisuntomnibusforma
3472 1470 3774 1542 patientiae

2130 1558 2187 1610 ct
2221 1554 2591 1625 humilitatis,
2629 1558 2688 1611 ut
2723 1554 2946 1625 liquido
2992 1561 3446 1626 cognosceretur
3474 1572 3504 1613 a
3537 1560 3772 1615 cunctis

2135 1648 2464 1714 praeventas
2480 1659 2582 1701 eos
2606 1658 2732 1699 esse
2756 1644 2940 1714 gratia
2961 1644 3285 1701 conditoris
3309 1646 3426 1702 Dei.
3449 1648 3777 1704 Protectio-

2130 1732 2221 1788 nis
2250 1732 2401 1788 enim
2426 1732 2637 1789 divinat
2666 1733 2857 1802 gratia
2892 1732 3253 1804 perlustrati,
3280 1734 3481 1803 majori
3505 1735 3651 1792 satis
3682 1751 3774 1791 ar-

2129 1820 2273 1878 dore
2305 1821 2549 1891 diligere
2595 1822 2892 1877 caelestem
2944 1821 3191 1892 patriam
3235 1826 3559 1893 cmperunt,
3595 1839 3769 1893 quam

2130 1910 2293 1981 prius
2324 1910 2379 1965 in
2411 1914 2643 1967 terrena
2693 1909 3004 1966 dilectione
3056 1910 3394 1980 ﬂagrabant.
3430 1913 3579 1969 Deus
3612 1927 3773 1969 nam-

2129 2014 2239 2069 que
2267 1997 2357 2069 ²⁸²,
2389 1999 2557 2069 cujus
2603 2013 2740 2055 vera
2791 1998 3088 2055 hereditas
3126 1998 3226 2055 lux
3264 2003 3375 2070 est,
3410 2002 3466 2055 et
3499 1999 3768 2058 defectus

2128 2087 2363 2144 luminis
2380 2087 2642 2158 ejusdem
2665 2086 2860 2145 nullus
2880 2091 2991 2158 est,
3007 2088 3085 2143 ita
3100 2102 3201 2144 eos
3224 2102 3322 2144 sua
3348 2087 3662 2144 dilectione
3685 2089 3767 2144 in-

2128 2168 2505 2247 lustraverat,
2529 2177 2607 2231 ita
2631 2191 2734 2232 eos
2757 2175 2979 2233 visione
2997 2191 3097 2233 sua
3124 2176 3393 2233 reficiens
3412 2176 3760 2249 repleverat,

2127 2271 2190 2323 ut
2213 2281 2375 2324 nova
2408 2266 2532 2337 spei
2563 2265 2775 2337 spiritu
2803 2270 3030 2322 mentes
3060 2280 3262 2322 eorum
3296 2267 3521 2335 adlatae,
3556 2273 3767 2324 semet-

2126 2355 2281 2427 ipsas
2298 2355 2500 2425 quales
2516 2355 2571 2410 in
2585 2348 2820 2411 vetusta
2835 2354 3193 2424 cogitatione
3210 2355 3438 2411 fuerant
3460 2355 3765 2412 oblivisce-

2125 2448 2348 2515 rentur,
2372 2448 2432 2501 ut
2466 2443 2642 2500 nichil
2669 2445 2785 2515 jam
2818 2443 2905 2500 eis
2936 2443 3047 2499 nisi
3078 2458 3206 2514 qum
3237 2449 3454 2501 interna
3486 2449 3621 2501 sunt
3646 2444 3765 2518 pla-

2122 2533 2737 2603 cerent,et,despectis
2751 2532 3128 2602 transitoriis,
3146 2532 3266 2589 sola
3282 2548 3409 2604 qua;
3425 2539 3760 2605 permanent

2122 2621 2660 2693 requirerent.(Fol.
2685 2622 2815 2692 75‘.)
2831 2622 2970 2688 Quia
2998 2636 3137 2678 vero
3160 2622 3509 2678 venerabilis
3532 2623 3771 2681 Richar-

2124 2712 2234 2768 dus
2264 2712 2483 2782 absque
2518 2711 2808 2782 permissu
2846 2714 2902 2767 et
2937 2709 3171 2766 licentia
3205 2710 3624 2783 archiepiscopi
3658 2714 3765 2769 Re-

2124 2801 2341 2857 mensis
2362 2801 2746 2857 monasticum
2770 2800 3033 2857 habitum
3056 2804 3414 2872 susceperat,
3448 2816 3765 2872 conquere-

2127 2891 2301 2947 batur
2348 2890 2663 2963 episcopus
2711 2890 3057 2946 canonicum
3104 2904 3224 2946 suae
3263 2889 3544 2949 azcclesiae
3584 2893 3655 2948 ab
3696 2907 3762 2948 ea

2127 2978 2454 3035 inordinate
2488 2979 2825 3036 recessisse.
2860 2978 3245 3044 Quamobrem
3278 2994 3406 3037 eum
3437 2982 3764 3039 conabatur

2126 3073 2411 3140 repetere.
2441 3069 2604 3136 Quod
2628 3068 2726 3126 ubi
2752 3067 2823 3125 ad
2846 3082 3019 3125 aures
3043 3068 3296 3138 Fingenii
3320 3069 3546 3126 abbatis
3565 3085 3763 3142 perve-

2125 3159 2233 3230 nit,
2266 3163 2513 3216 evocato
2534 3173 2624 3228 eo,
2652 3173 2771 3215 rem
2801 3157 3005 3214 ordine
3041 3157 3258 3229 pandit.
3287 3158 3407 3230 Ille,
3445 3163 3609 3232 patre
3629 3175 3761 3217 con-

2123 3247 2331 3319 solato,
2364 3247 2633 3303 Remensi
2675 3246 3112 3318 archiepiscopo
3150 3247 3435 3304 cartulam
3466 3248 3624 3305 misit
3654 3250 3759 3305 hec

2121 3337 2521 3395 continentem
2539 3336 2642 3396 :Si
2651 3336 2877 3408 spiritu
2891 3335 3201 3406 ducimini,
3212 3351 3331 3393 non
3340 3337 3481 3395 estis
3490 3336 3598 3394 sub
3614 3338 3753 3409 lege.

2122 3427 2301 3493 Quam
2326 3426 2423 3482 ille
2448 3426 2796 3498 suscipiens,
2819 3430 2878 3480 et
2897 3424 3010 3480 vim
3034 3425 3196 3481 verbi
3215 3425 3553 3496 diligentius
3572 3426 3756 3483 inten-

2121 3517 2284 3586 dens,
2307 3516 2518 3572 merito
2543 3514 2620 3571 ait
2640 3532 2654 3572 :
2671 3513 2839 3572 Abiit
2855 3514 2963 3585 qui
2982 3513 3207 3585 spiritu
3225 3514 3338 3573 Dei
3360 3515 3561 3573 ductos
3582 3515 3687 3585 est,
3704 3515 3763 3571 et

2117 3606 2247 3662 ideo
2270 3619 2309 3661 α
2326 3604 2494 3662 nobis
2517 3603 2870 3677 repetendus
2897 3616 3015 3659 mm
3039 3604 3143 3661 est.
3170 3602 3260 3659 Sic
3279 3604 3577 3661 confutata
3601 3618 3759 3675 repe-

2121 3693 2366 3751 tentium
2390 3708 2521 3751 eum
2544 3691 2871 3764 calumpnia
2896 3695 3007 3761 est,
3034 3691 3206 3747 immo
3235 3692 3417 3762 magis
3440 3692 3510 3749 ad
3535 3692 3755 3751 imitan-

2119 3783 2255 3839 dum
2285 3797 2413 3839 eum
2445 3796 2689 3839 accensa
2727 3780 3043 3838 multorum
3088 3780 3325 3838 devotio
3356 3784 3465 3838 est.
3500 3781 3753 3852 Regebat

2119 3876 2258 3929 tunc
2281 3871 2603 3929 tecclesiam
2629 3869 2904 3927 Arnulfus
2926 3870 3185 3925 Lotharii
3207 3870 3378 3941 regis,
3405 3869 3500 3940 qui
3521 3870 3758 3941 quintus

2119 3975 2148 4017 a
2163 3959 2373 4018 Karolo
2392 3958 2566 4018 Calvo
2588 3959 2714 4030 fuit,
2734 3959 2906 4028 illius,
2925 3958 3020 4029 qui
3034 3958 3301 4015 Traditor
3316 3957 3755 4029 cognominatus

2117 4053 2231 4120 est,
2247 4049 2394 4106 obid
2409 4048 2542 4120 quia
2565 4048 2863 4105 civitatem
2884 4051 3097 4119 patruo
3122 4063 3225 4104 suo
3249 4047 3456 4104 Karolo
3478 4047 3749 4115 reddidit,

2116 4153 2248 4197 cum
2299 4138 2525 4195 doleret
2576 4152 2815 4208 regnum
2858 4135 3060 4193 alienas
3109 4136 3278 4209 stirpi
3314 4136 3513 4194 datum
3547 4138 3606 4193 et
3638 4151 3753 4194 suas

2119 4233 2493 4301 praereptum.

2186 4322 2238 4373 6.
2265 4316 2627 4374 Procedente
2641 4315 3117 4387 igiturtempore,
3144 4315 3353 4372 domno
3369 4312 3640 4387 Fingenio
3660 4312 3754 4371 ab-

2118 4406 2253 4463 bate
2276 4408 2347 4464 ad
2373 4420 2626 4478 superna
2654 4408 2911 4462 evect08
2931 4405 3067 4462 Idus
3097 4404 3370 4461 Octobris
3395 4404 3593 4478 (1004),
3619 4403 3751 4460 etin

2116 4496 2475 4553 monasterio
2490 4496 2677 4553 sancti
2695 4494 2904 4551 Felicis
2919 4495 3228 4565 tumulato,
3246 4509 3377 4551 eum
3393 4493 3464 4550 de
3477 4492 3753 4551 electione

358 4583 610 4654 migrare
633 4592 915 4658 moneret,
937 4591 997 4643 et
1020 4602 1134 4644 non
1156 4601 1258 4644 eos
1277 4588 1474 4661 potius
1497 4588 1605 4644 sibi
1632 4589 1848 4660 favore,
1873 4604 2002 4660 gra-
2029 4578 2085 4642 D
2117 4586 2766 4644 substituendiabbatis
2782 4584 3126 4654 agereturin
3145 4582 3455 4656 praesentia
3469 4580 3754 4638 Heimonis

359 4672 459 4742 tia,
485 4672 577 4729 vel
599 4675 888 4746 precibus,
915 4689 1016 4732 seu
1038 4674 1300 4747 qualibet
1323 4681 1450 4732 arte
1474 4676 1726 4733 retinere
1754 4681 2001 4750 tempta-

357 4763 480 4818 ret?
509 4762 672 4829 Quod
695 4765 815 4821 etsi
839 4780 951 4821 non
974 4770 1195 4836 posset,
1222 4768 1412 4821 tamen
1435 4780 1539 4822 eos
1558 4765 1779 4824 invitus
1800 4771 1861 4823 et
1882 4783 1996 4824 non

353 4858 561 4921 sponte
582 4867 612 4908 a
636 4867 699 4909 se
720 4853 1067 4924 dimitteret,
1095 4853 1297 4910 dolens
1321 4853 1483 4925 quasi
1510 4868 1658 4927 quos
1682 4870 1994 4928 numquam

294 4960 299 4963 λ
354 4938 638 4997 habuerat
672 4940 1017 4997 dimitteret.
1054 4942 1317 5008 Quantos
1347 4945 1578 5001 nuncin
1610 4943 1861 5002 ecclesia
1893 4946 1993 5001 Dei

355 5029 633 5098 praelatos
647 5030 962 5102 aspicimus
975 5031 1092 5102 qui,
1113 5034 1452 5102 provectum
1468 5032 1715 5090 alterius
1727 5032 1994 5090 videntes

353 5133 520 5175 suum
544 5134 655 5175 non
677 5134 827 5189 esse,
855 5119 1200 5177 fastidiunt?
1220 5119 1443 5188 Quibus
1464 5122 1734 5179 omnibus
1760 5122 1991 5180 beatum

355 5205 652 5263 Odilonem
681 5208 1102 5279 praeferendum
1135 5210 1345 5266 merito
1376 5224 1701 5283 censemus,
1725 5209 1794 5267 ad
1827 5213 1993 5282 cujus

2114 4675 2398 4747 episcOpi,
2430 4679 2511 4745 et,
2549 4678 2629 4744 ut,
2660 4672 2719 4730 in
2763 4672 2982 4729 talibus
3014 4671 3253 4743 assolet,
3288 4671 3502 4728 diversi
3533 4671 3750 4727 diversa

2114 4765 2425 4835 sentirent,
2457 4766 2514 4819 et
2547 4763 2707 4819 varia
2739 4762 3124 4834 quorumdam
3156 4761 3479 4817 haberetur
3509 4758 3750 4822 electio;

2110 4854 2182 4911 ad
2216 4852 2739 4923 interrogationem
2790 4851 3102 4924 pontificis,
3160 4855 3402 4922 repente
3450 4863 3750 4922 puerorum

2107 4957 2251 4999 voce
2282 4941 2507 4999 electus
2540 4942 2787 4998 domnus
2834 4941 3159 4998 Richardus
3206 4952 3465 4996 consona
3494 4937 3739 4995 omnium

2107 5047 2247 5092 voce
2296 5031 2588 5101 laudatur,
2641 5032 2916 5103 episcopo
2950 5031 3004 5085 in
3040 5029 3241 5088 laudes
3270 5029 3369 5084 Dei
3396 5030 3753 5099 erumpente_

2106 5127 2166 5181 et
2197 5121 2429 5179 dicente
2453 5140 2468 5175 :
2494 5122 2596 5178 Ea:
2613 5133 2713 5177 ore
2732 5121 3071 5192 infantium
3090 5120 3152 5176 et
3170 5118 3520 5177 lactentium
3573 5117 3734 5189 perfe

2104 5211 2244 5271 eisti
2271 5210 2524 5279 laudem,
2551 5210 2800 5267 Domine
2820 5211 2981 5266 Deus
3004 5209 3196 5279 (Psal.
3224 5221 3342 5277 vni,
3362 5208 3436 5277 3).
3466 5207 3534 5261 Et
3557 5204 3750 5275 utique

350 5293 594 5361 gloriam
615 5302 862 5367 spectat,
879 5297 1079 5367 siquid
1104 5313 1324 5370 pereos
1339 5313 1484 5369 quos
1502 5299 1671 5355 nobis
1692 5300 1988 5371 attribuit,
2099 5300 2259 5370 justa
2307 5298 2606 5370 pontificis
2654 5298 3003 5368 enuntiatio,
3060 5296 3198 5368 quia
3231 5309 3334 5351 ore
3366 5294 3668 5350 infantium
3696 5300 3751 5349 et

349 5382 617 5440 aacclesia
640 5384 734 5441 cui
756 5386 1027 5443 attributi
1052 5392 1187 5445 sunt
1209 5385 1299 5457 ³⁸³,
1326 5387 1381 5442 in
1401 5388 1604 5444 ordine
1628 5394 1685 5444 et
1709 5387 1990 5459 religione

373 5474 661 5533 fructifica
702 5475 1023 5535 Redierunt
1038 5490 1179 5549 ergo
1191 5475 1324 5535 novi
1340 5477 1681 5536 monasticae
1692 5476 1991 5550 religionis

2106 5389 2447 5447 lactentium
2472 5388 2624 5444 facta
2642 5385 2881 5457 electio,
2901 5385 3032 5443 laus
3052 5383 3150 5441 Dei
3165 5389 3366 5441 eratet
3387 5382 3748 5454 glorificatio,

2106 5495 2217 5551 qua
2265 5481 2395 5536 erat
2446 5474 2775 5535 laudandus
2802 5480 2861 5533 et
2889 5474 3311 5546 glorificandus
3338 5472 3395 5530 in
3430 5471 3588 5533 fideli
3628 5487 3747 5531 suo.

1946 5594 2171 5655 ΝΟΤίΕ.

421 5658 486 5695 ²³¹
518 5678 563 5719 s.
599 5674 644 5720 ο.
730 5659 799 5694 ²⁸²
828 5673 1113 5731 suamque
1142 5678 1191 5723 ο.
