  <div class='ocr_page' id='page_1' title='image "/cluster/home/n/w/nwhite01/storage/ocr_20150623/153-154/uc1.31175019678096/694.png"; bbox 0 0 3922 6428; ppageno 0'>
   <div class='ocr_carea' id='block_1_1' title="bbox 215 409 334 470">
    <p class='ocr_par' dir='ltr' id='par_1_1' title="bbox 215 409 334 470">
     <span class='ocr_line' id='line_1_1' title="bbox 215 409 334 470; baseline 0 -1"><span class='ocrx_word' id='word_1_1' title='bbox 215 409 334 470; x_wconf 75' lang='grc'>205</span> 
     </span>
    </p>
   </div>
   <div class='ocr_carea' id='block_1_2' title="bbox 1476 400 2377 466">
    <p class='ocr_par' dir='ltr' id='par_1_2' title="bbox 1476 400 2377 466">
     <span class='ocr_line' id='line_1_2' title="bbox 1476 400 2377 466; baseline -0.002 -1"><span class='ocrx_word' id='word_1_2' title='bbox 1476 400 1975 466; x_wconf 82' lang='lat' dir='ltr'>CHHUNICON.</span> <span class='ocrx_word' id='word_1_3' title='bbox 2011 434 2085 447; x_wconf 87' lang='lat'>--</span> <span class='ocrx_word' id='word_1_4' title='bbox 2114 401 2268 462; x_wconf 92' lang='lat' dir='ltr'>LlB.</span> <span class='ocrx_word' id='word_1_5' title='bbox 2303 401 2377 464; x_wconf 89' lang='lat' dir='ltr'>ll.</span> 
     </span>
    </p>
   </div>
   <div class='ocr_carea' id='block_1_3' title="bbox 3502 382 3621 466">
    <p class='ocr_par' dir='ltr' id='par_1_3' title="bbox 3502 382 3621 466">
     <span class='ocr_line' id='line_1_3' title="bbox 3502 382 3621 466; baseline 0 0"><span class='ocrx_word' id='word_1_6' title='bbox 3502 382 3621 466; x_wconf 59' lang='lat' dir='ltr'>eos</span> 
     </span>
    </p>
   </div>
   <div class='ocr_carea' id='block_1_4' title="bbox 219 535 3618 612">
    <p class='ocr_par' dir='ltr' id='par_1_4' title="bbox 219 535 3618 612">
     <span class='ocr_line' id='line_1_4' title="bbox 219 535 3618 612; baseline -0.003 -13"><span class='ocrx_word' id='word_1_7' title='bbox 219 542 324 612; x_wconf 85' lang='lat' dir='ltr'>(Cf.</span> <span class='ocrx_word' id='word_1_8' title='bbox 364 542 500 600; x_wconf 73' lang='lat' dir='ltr'>“Vita</span> <span class='ocrx_word' id='word_1_9' title='bbox 520 541 818 599; x_wconf 76' lang='lat' dir='ltr'>Riclumh&#39;</span> <span class='ocrx_word' id='word_1_10' title='bbox 835 544 913 608; x_wconf 72' lang='lat' dir='ltr'>tl.)</span> <span class='ocrx_word' id='word_1_11' title='bbox 938 543 1288 597; x_wconf 78' lang='lat' dir='ltr'>Conﬁrmata</span> <span class='ocrx_word' id='word_1_12' title='bbox 1312 555 1451 598; x_wconf 89' lang='lat' dir='ltr'>sane</span> <span class='ocrx_word' id='word_1_13' title='bbox 1473 542 1782 609; x_wconf 74' lang='lat' dir='ltr'>electione,</span> <span class='ocrx_word' id='word_1_14' title='bbox 1804 543 1862 595; x_wconf 89' lang='lat' dir='ltr'>et</span> <span class='ocrx_word' id='word_1_15' title='bbox 1892 535 1952 600; x_wconf 77' lang='grc' dir='ltr'><strong>Α</strong></span> <span class='ocrx_word' id='word_1_16' title='bbox 1981 537 2187 595; x_wconf 85' lang='lat' dir='ltr'>dilexit</span> <span class='ocrx_word' id='word_1_17' title='bbox 2213 538 2563 607; x_wconf 83' lang='lat' dir='ltr'>coenobium,</span> <span class='ocrx_word' id='word_1_18' title='bbox 2600 541 2665 593; x_wconf 90' lang='lat' dir='ltr'>ut</span> <span class='ocrx_word' id='word_1_19' title='bbox 2685 535 2833 592; x_wconf 89' lang='lat' dir='ltr'>dona</span> <span class='ocrx_word' id='word_1_20' title='bbox 2866 536 2916 591; x_wconf 91' lang='lat' dir='ltr'>ci</span> <span class='ocrx_word' id='word_1_21' title='bbox 2950 535 3203 605; x_wconf 85' lang='lat' dir='ltr'>ingentia</span> <span class='ocrx_word' id='word_1_22' title='bbox 3263 536 3318 592; x_wconf 89' lang='lat' dir='ltr'>in</span> <span class='ocrx_word' id='word_1_23' title='bbox 3362 551 3502 593; x_wconf 91' lang='lat' dir='ltr'>auro</span> <span class='ocrx_word' id='word_1_24' title='bbox 3560 537 3618 589; x_wconf 91' lang='lat' dir='ltr'>et</span> 
     </span>
    </p>
   </div>
   <div class='ocr_carea' id='block_1_5' title="bbox 219 629 1867 703">
    <p class='ocr_par' dir='ltr' id='par_1_5' title="bbox 219 629 1867 703">
     <span class='ocr_line' id='line_1_5' title="bbox 219 629 1867 703; baseline -0.002 -16"><span class='ocrx_word' id='word_1_25' title='bbox 219 631 439 703; x_wconf 88' lang='lat' dir='ltr'>scripto</span> <span class='ocrx_word' id='word_1_26' title='bbox 456 632 751 701; x_wconf 88' lang='lat' dir='ltr'>roborata,</span> <span class='ocrx_word' id='word_1_27' title='bbox 778 629 1090 686; x_wconf 91' lang='lat' dir='ltr'>deducitur</span> <span class='ocrx_word' id='word_1_28' title='bbox 1104 631 1173 685; x_wconf 88' lang='lat' dir='ltr'>ab</span> <span class='ocrx_word' id='word_1_29' title='bbox 1187 631 1464 703; x_wconf 90' lang='lat' dir='ltr'>episcopo</span> <span class='ocrx_word' id='word_1_30' title='bbox 1478 645 1664 687; x_wconf 89' lang='lat' dir='ltr'>novus</span> <span class='ocrx_word' id='word_1_31' title='bbox 1689 629 1867 686; x_wconf 87' lang='lat' dir='ltr'>Jacob</span> 
     </span>
    </p>
   </div>
   <div class='ocr_carea' id='block_1_6' title="bbox 221 718 1868 785">
    <p class='ocr_par' dir='ltr' id='par_1_6' title="bbox 221 718 1868 785">
     <span class='ocr_line' id='line_1_6' title="bbox 221 718 1868 785; baseline -0.001 -12"><span class='ocrx_word' id='word_1_32' title='bbox 221 719 276 774; x_wconf 91' lang='lat' dir='ltr'>in</span> <span class='ocrx_word' id='word_1_33' title='bbox 308 718 1401 785; x_wconf 72' lang='lat' dir='ltr'>cordislaetitia,etbenedictionedata</span> <span class='ocrx_word' id='word_1_34' title='bbox 1445 734 1604 775; x_wconf 90' lang='lat' dir='ltr'>more</span> <span class='ocrx_word' id='word_1_35' title='bbox 1663 718 1868 775; x_wconf 90' lang='lat' dir='ltr'>solem-</span> 
     </span>
    </p>
   </div>
   <div class='ocr_carea' id='block_1_7' title="bbox 221 808 1864 880">
    <p class='ocr_par' dir='ltr' id='par_1_7' title="bbox 221 808 1864 880">
     <span class='ocr_line' id='line_1_7' title="bbox 221 808 1864 880; baseline -0.001 -16"><span class='ocrx_word' id='word_1_36' title='bbox 221 809 339 879; x_wconf 90' lang='lat' dir='ltr'>pni,</span> <span class='ocrx_word' id='word_1_37' title='bbox 357 809 641 880; x_wconf 61' lang='lat' dir='ltr'>praelatus</span> <span class='ocrx_word' id='word_1_38' title='bbox 655 811 743 863; x_wconf 91' lang='lat' dir='ltr'>est</span> <span class='ocrx_word' id='word_1_39' title='bbox 760 809 1044 864; x_wconf 67' lang='lat' dir='ltr'>custodire</span> <span class='ocrx_word' id='word_1_40' title='bbox 1057 809 1252 878; x_wconf 85' lang='lat' dir='ltr'>gregis</span> <span class='ocrx_word' id='word_1_41' title='bbox 1265 808 1507 864; x_wconf 90' lang='lat' dir='ltr'>Domini.</span> <span class='ocrx_word' id='word_1_42' title='bbox 1527 809 1864 878; x_wconf 84' lang='lat' dir='ltr'>Aderatjam</span> 
     </span>
    </p>
   </div>
   <div class='ocr_carea' id='block_1_8' title="bbox 218 894 1862 968">
    <p class='ocr_par' dir='ltr' id='par_1_8' title="bbox 218 894 1862 968">
     <span class='ocr_line' id='line_1_8' title="bbox 218 894 1862 968; baseline 0 -16"><span class='ocrx_word' id='word_1_43' title='bbox 218 900 454 967; x_wconf 80' lang='lat' dir='ltr'>tempus</span> <span class='ocrx_word' id='word_1_44' title='bbox 479 899 542 952; x_wconf 93' lang='lat' dir='ltr'>ut</span> <span class='ocrx_word' id='word_1_45' title='bbox 574 894 917 967; x_wconf 79' lang='lat' dir='ltr'>impleretur</span> <span class='ocrx_word' id='word_1_46' title='bbox 942 897 1250 968; x_wconf 87' lang='lat' dir='ltr'>prophetia</span> <span class='ocrx_word' id='word_1_47' title='bbox 1266 896 1418 952; x_wconf 91' lang='lat' dir='ltr'>beati</span> <span class='ocrx_word' id='word_1_48' title='bbox 1442 897 1552 953; x_wconf 88' lang='lat' dir='ltr'>viri</span> <span class='ocrx_word' id='word_1_49' title='bbox 1579 896 1862 967; x_wconf 77' lang='lat' dir='ltr'>Orlilonis,</span> 
     </span>
    </p>
   </div>
   <div class='ocr_carea' id='block_1_9' title="bbox 221 984 1864 1057">
    <p class='ocr_par' dir='ltr' id='par_1_9' title="bbox 221 984 1864 1057">
     <span class='ocr_line' id='line_1_9' title="bbox 221 984 1864 1057; baseline -0.001 -16"><span class='ocrx_word' id='word_1_50' title='bbox 221 986 377 1055; x_wconf 93' lang='lat' dir='ltr'>quod</span> <span class='ocrx_word' id='word_1_51' title='bbox 412 998 515 1057; x_wconf 89' lang='lat' dir='ltr'>per</span> <span class='ocrx_word' id='word_1_52' title='bbox 545 999 675 1041; x_wconf 89' lang='lat' dir='ltr'>eum</span> <span class='ocrx_word' id='word_1_53' title='bbox 707 989 762 1040; x_wconf 91' lang='lat' dir='ltr'>et</span> <span class='ocrx_word' id='word_1_54' title='bbox 800 984 1072 1041; x_wconf 90' lang='lat' dir='ltr'>domnum</span> <span class='ocrx_word' id='word_1_55' title='bbox 1098 986 1467 1043; x_wconf 89' lang='lat' dir='ltr'>Fredericum</span> <span class='ocrx_word' id='word_1_56' title='bbox 1498 986 1666 1043; x_wconf 88' lang='lat' dir='ltr'>locus</span> <span class='ocrx_word' id='word_1_57' title='bbox 1694 989 1864 1041; x_wconf 83' lang='lat' dir='ltr'>antea</span> 
     </span>
    </p>
   </div>
   <div class='ocr_carea' id='block_1_10' title="bbox 222 1072 1865 1146">
    <p class='ocr_par' dir='ltr' id='par_1_10' title="bbox 222 1072 1865 1146">
     <span class='ocr_line' id='line_1_10' title="bbox 222 1072 1865 1146; baseline 0 -17"><span class='ocrx_word' id='word_1_58' title='bbox 222 1072 593 1145; x_wconf 77' lang='lat' dir='ltr'>permodicus</span> <span class='ocrx_word' id='word_1_59' title='bbox 628 1072 1028 1143; x_wconf 78' lang='lat' dir='ltr'>insigniretur,</span> <span class='ocrx_word' id='word_1_60' title='bbox 1062 1077 1123 1130; x_wconf 92' lang='lat' dir='ltr'>ut</span> <span class='ocrx_word' id='word_1_61' title='bbox 1157 1078 1213 1129; x_wconf 93' lang='lat' dir='ltr'>et</span> <span class='ocrx_word' id='word_1_62' title='bbox 1240 1074 1364 1146; x_wconf 91' lang='lat' dir='ltr'>ipse</span> <span class='ocrx_word' id='word_1_63' title='bbox 1389 1074 1595 1132; x_wconf 88' lang='lat' dir='ltr'>beatus</span> <span class='ocrx_word' id='word_1_64' title='bbox 1611 1074 1865 1129; x_wconf 89' lang='lat' dir='ltr'>Odilcde</span> 
     </span>
    </p>
   </div>
   <div class='ocr_carea' id='block_1_11' title="bbox 222 1160 1860 1233">
    <p class='ocr_par' dir='ltr' id='par_1_11' title="bbox 222 1160 1860 1233">
     <span class='ocr_line' id='line_1_11' title="bbox 222 1160 1860 1233; baseline 0 -17"><span class='ocrx_word' id='word_1_65' title='bbox 222 1161 490 1233; x_wconf 79' lang='lat' dir='ltr'>profectu</span> <span class='ocrx_word' id='word_1_66' title='bbox 532 1160 765 1218; x_wconf 90' lang='lat' dir='ltr'>illorum</span> <span class='ocrx_word' id='word_1_67' title='bbox 808 1167 1098 1232; x_wconf 82' lang='lat' dir='ltr'>tamquam</span> <span class='ocrx_word' id='word_1_68' title='bbox 1136 1162 1206 1217; x_wconf 91' lang='lat' dir='ltr'>de</span> <span class='ocrx_word' id='word_1_69' title='bbox 1263 1177 1368 1219; x_wconf 89' lang='lat' dir='ltr'>suo</span> <span class='ocrx_word' id='word_1_70' title='bbox 1442 1163 1860 1233; x_wconf 77' lang='lat' dir='ltr'>gratularetur.</span> 
     </span>
    </p>
   </div>
   <div class='ocr_carea' id='block_1_12' title="bbox 224 1250 1869 1323">
    <p class='ocr_par' dir='ltr' id='par_1_12' title="bbox 224 1250 1869 1323">
     <span class='ocr_line' id='line_1_12' title="bbox 224 1250 1869 1323; baseline -0.001 -18"><span class='ocrx_word' id='word_1_71' title='bbox 224 1250 502 1323; x_wconf 88' lang='lat' dir='ltr'>Suscepta</span> <span class='ocrx_word' id='word_1_72' title='bbox 522 1251 721 1321; x_wconf 81' lang='lat' dir='ltr'>itaque</span> <span class='ocrx_word' id='word_1_73' title='bbox 751 1251 1115 1322; x_wconf 66' lang='lat' dir='ltr'>praelationis</span> <span class='ocrx_word' id='word_1_74' title='bbox 1139 1251 1386 1321; x_wconf 85' lang='lat' dir='ltr'>sarcina,</span> <span class='ocrx_word' id='word_1_75' title='bbox 1415 1251 1641 1308; x_wconf 77' lang='lat' dir='ltr'>studuit</span> <span class='ocrx_word' id='word_1_76' title='bbox 1666 1250 1869 1305; x_wconf 88' lang='lat' dir='ltr'>elatio-</span> 
     </span>
    </p>
   </div>
   <div class='ocr_carea' id='block_1_13' title="bbox 224 1338 1869 1411">
    <p class='ocr_par' dir='ltr' id='par_1_13' title="bbox 224 1338 1869 1411">
     <span class='ocr_line' id='line_1_13' title="bbox 224 1338 1869 1411; baseline 0 -17"><span class='ocrx_word' id='word_1_77' title='bbox 224 1356 354 1396; x_wconf 87' lang='lat' dir='ltr'>nem</span> <span class='ocrx_word' id='word_1_78' title='bbox 387 1338 810 1410; x_wconf 89' lang='lat' dir='ltr'>etjactantiam</span> <span class='ocrx_word' id='word_1_79' title='bbox 843 1355 1070 1396; x_wconf 90' lang='lat' dir='ltr'>cavere.</span> <span class='ocrx_word' id='word_1_80' title='bbox 1107 1340 1339 1396; x_wconf 87' lang='lat' dir='ltr'>Sciebat</span> <span class='ocrx_word' id='word_1_81' title='bbox 1382 1340 1534 1395; x_wconf 90' lang='lat' dir='ltr'>enim</span> <span class='ocrx_word' id='word_1_82' title='bbox 1594 1344 1869 1411; x_wconf 87' lang='lat' dir='ltr'>oportere</span> 
     </span>
    </p>
   </div>
   <div class='ocr_carea' id='block_1_14' title="bbox 223 1426 1868 1500">
    <p class='ocr_par' dir='ltr' id='par_1_14' title="bbox 223 1426 1868 1500">
     <span class='ocr_line' id='line_1_14' title="bbox 223 1426 1868 1500; baseline -0.001 -16"><span class='ocrx_word' id='word_1_83' title='bbox 223 1428 338 1484; x_wconf 83' lang='lat' dir='ltr'>sibi</span> <span class='ocrx_word' id='word_1_84' title='bbox 369 1429 650 1499; x_wconf 86' lang='lat' dir='ltr'>prodesse</span> <span class='ocrx_word' id='word_1_85' title='bbox 684 1428 969 1486; x_wconf 84' lang='lat' dir='ltr'>fratribus</span> <span class='ocrx_word' id='word_1_86' title='bbox 992 1430 1174 1499; x_wconf 87' lang='lat' dir='ltr'>magis</span> <span class='ocrx_word' id='word_1_87' title='bbox 1204 1445 1375 1500; x_wconf 90' lang='lat' dir='ltr'>quam</span> <span class='ocrx_word' id='word_1_88' title='bbox 1432 1443 1703 1500; x_wconf 66' lang='lat' dir='ltr'>praeesse.</span> <span class='ocrx_word' id='word_1_89' title='bbox 1766 1426 1868 1484; x_wconf 89' lang='lat' dir='ltr'>Cui</span> 
     </span>
    </p>
   </div>
   <div class='ocr_carea' id='block_1_15' title="bbox 227 1516 1870 1587">
    <p class='ocr_par' dir='ltr' id='par_1_15' title="bbox 227 1516 1870 1587">
     <span class='ocr_line' id='line_1_15' title="bbox 227 1516 1870 1587; baseline 0 -16"><span class='ocrx_word' id='word_1_90' title='bbox 227 1521 446 1573; x_wconf 86' lang='lat' dir='ltr'>tantam</span> <span class='ocrx_word' id='word_1_91' title='bbox 472 1519 623 1573; x_wconf 90' lang='lat' dir='ltr'>Deus</span> <span class='ocrx_word' id='word_1_92' title='bbox 652 1517 900 1573; x_wconf 90' lang='lat' dir='ltr'>contulit</span> <span class='ocrx_word' id='word_1_93' title='bbox 936 1517 1183 1586; x_wconf 81' lang='lat' dir='ltr'>gratiam</span> <span class='ocrx_word' id='word_1_94' title='bbox 1218 1522 1335 1574; x_wconf 88' lang='lat' dir='ltr'>uta</span> <span class='ocrx_word' id='word_1_95' title='bbox 1371 1518 1606 1587; x_wconf 81' lang='lat' dir='ltr'>regibus</span> <span class='ocrx_word' id='word_1_96' title='bbox 1631 1521 1687 1572; x_wconf 92' lang='lat' dir='ltr'>et</span> <span class='ocrx_word' id='word_1_97' title='bbox 1714 1516 1870 1587; x_wconf 87' lang='lat' dir='ltr'>prin-</span> 
     </span>
    </p>
   </div>
   <div class='ocr_carea' id='block_1_16' title="bbox 223 1605 1870 1676">
    <p class='ocr_par' dir='ltr' id='par_1_16' title="bbox 223 1605 1870 1676">
     <span class='ocr_line' id='line_1_16' title="bbox 223 1605 1870 1676; baseline 0.001 -17"><span class='ocrx_word' id='word_1_98' title='bbox 223 1605 477 1676; x_wconf 88' lang='lat' dir='ltr'>cipibus,</span> <span class='ocrx_word' id='word_1_99' title='bbox 514 1620 543 1661; x_wconf 92' lang='lat' dir='ltr'>a</span> <span class='ocrx_word' id='word_1_100' title='bbox 559 1605 841 1662; x_wconf 88' lang='lat' dir='ltr'>divitibus</span> <span class='ocrx_word' id='word_1_101' title='bbox 856 1609 914 1662; x_wconf 92' lang='lat' dir='ltr'>et</span> <span class='ocrx_word' id='word_1_102' title='bbox 931 1606 1328 1663; x_wconf 83' lang='lat' dir='ltr'>mediocribus</span> <span class='ocrx_word' id='word_1_103' title='bbox 1345 1607 1489 1662; x_wconf 92' lang='lat' dir='ltr'>miro</span> <span class='ocrx_word' id='word_1_104' title='bbox 1523 1606 1870 1676; x_wconf 85' lang='lat' dir='ltr'>diligeretur</span> 
     </span>
    </p>
   </div>
   <div class='ocr_carea' id='block_1_17' title="bbox 225 1693 1870 1766">
    <p class='ocr_par' dir='ltr' id='par_1_17' title="bbox 225 1693 1870 1766">
     <span class='ocr_line' id='line_1_17' title="bbox 225 1693 1870 1766; baseline -0.001 -16"><span class='ocrx_word' id='word_1_105' title='bbox 225 1694 437 1750; x_wconf 73' lang='lat' dir='ltr'>affectu</span> <span class='ocrx_word' id='word_1_106' title='bbox 472 1710 486 1760; x_wconf 91' lang='lat'><strong>;</strong></span> <span class='ocrx_word' id='word_1_107' title='bbox 522 1693 652 1765; x_wconf 88' lang='lat' dir='ltr'>quia</span> <span class='ocrx_word' id='word_1_108' title='bbox 688 1698 744 1749; x_wconf 90' lang='lat' dir='ltr'>et</span> <span class='ocrx_word' id='word_1_109' title='bbox 779 1708 1099 1764; x_wconf 82' lang='lat' dir='ltr'>congruum</span> <span class='ocrx_word' id='word_1_110' title='bbox 1122 1698 1361 1765; x_wconf 90' lang='lat' dir='ltr'>eratut,</span> <span class='ocrx_word' id='word_1_111' title='bbox 1385 1710 1552 1766; x_wconf 89' lang='lat' dir='ltr'>quem</span> <span class='ocrx_word' id='word_1_112' title='bbox 1569 1697 1718 1750; x_wconf 91' lang='lat' dir='ltr'>Deus</span> <span class='ocrx_word' id='word_1_113' title='bbox 1742 1708 1870 1765; x_wconf 85' lang='lat' dir='ltr'>per-</span> 
     </span>
    </p>
   </div>
   <div class='ocr_carea' id='block_1_18' title="bbox 226 1781 1867 1852">
    <p class='ocr_par' dir='ltr' id='par_1_18' title="bbox 226 1781 1867 1852">
     <span class='ocr_line' id='line_1_18' title="bbox 226 1781 1867 1852; baseline 0.001 -17"><span class='ocrx_word' id='word_1_114' title='bbox 226 1781 678 1852; x_wconf 82' lang='lat' dir='ltr'>fuderatgratia,</span> <span class='ocrx_word' id='word_1_115' title='bbox 697 1784 768 1838; x_wconf 90' lang='lat' dir='ltr'>ab</span> <span class='ocrx_word' id='word_1_116' title='bbox 783 1784 1377 1839; x_wconf 85' lang='lat' dir='ltr'>omnibusamaretur.</span> <span class='ocrx_word' id='word_1_117' title='bbox 1396 1783 1714 1839; x_wconf 90' lang='lat' dir='ltr'>Ordinatus</span> <span class='ocrx_word' id='word_1_118' title='bbox 1726 1797 1867 1838; x_wconf 90' lang='lat' dir='ltr'>vero</span> 
     </span>
    </p>
   </div>
   <div class='ocr_carea' id='block_1_19' title="bbox 1980 624 3615 699">
    <p class='ocr_par' dir='ltr' id='par_1_19' title="bbox 1980 624 3615 699">
     <span class='ocr_line' id='line_1_19' title="bbox 1980 624 3615 699; baseline -0.002 -16"><span class='ocrx_word' id='word_1_119' title='bbox 1980 633 2243 699; x_wconf 91' lang='lat' dir='ltr'>argento,</span> <span class='ocrx_word' id='word_1_120' title='bbox 2278 628 2335 683; x_wconf 91' lang='lat' dir='ltr'>in</span> <span class='ocrx_word' id='word_1_121' title='bbox 2367 626 2558 698; x_wconf 88' lang='lat' dir='ltr'>palliis</span> <span class='ocrx_word' id='word_1_122' title='bbox 2588 629 2649 682; x_wconf 89' lang='lat' dir='ltr'>et</span> <span class='ocrx_word' id='word_1_123' title='bbox 2689 624 2937 682; x_wconf 89' lang='lat' dir='ltr'>sacratis</span> <span class='ocrx_word' id='word_1_124' title='bbox 2986 625 3282 681; x_wconf 84' lang='lat' dir='ltr'>conferret</span> <span class='ocrx_word' id='word_1_125' title='bbox 3329 624 3615 693; x_wconf 84' lang='lat' dir='ltr'>vestibus,</span> 
     </span>
    </p>
   </div>
   <div class='ocr_carea' id='block_1_20' title="bbox 1978 713 3618 785">
    <p class='ocr_par' dir='ltr' id='par_1_20' title="bbox 1978 713 3618 785">
     <span class='ocr_line' id='line_1_20' title="bbox 1978 713 3618 785; baseline -0.004 -13"><span class='ocrx_word' id='word_1_126' title='bbox 1978 721 2034 772; x_wconf 88' lang='lat' dir='ltr'>et</span> <span class='ocrx_word' id='word_1_127' title='bbox 2075 721 2258 774; x_wconf 90' lang='lat' dir='ltr'>totum</span> <span class='ocrx_word' id='word_1_128' title='bbox 2284 731 2347 773; x_wconf 90' lang='lat' dir='ltr'>se</span> <span class='ocrx_word' id='word_1_129' title='bbox 2379 716 2523 772; x_wconf 90' lang='lat' dir='ltr'>adeo</span> <span class='ocrx_word' id='word_1_130' title='bbox 2558 716 2612 771; x_wconf 92' lang='lat' dir='ltr'>in</span> <span class='ocrx_word' id='word_1_131' title='bbox 2645 728 2840 770; x_wconf 90' lang='lat' dir='ltr'>amore</span> <span class='ocrx_word' id='word_1_132' title='bbox 2871 713 2998 783; x_wconf 85' lang='lat' dir='ltr'>ejus</span> <span class='ocrx_word' id='word_1_133' title='bbox 3045 713 3497 785; x_wconf 87' lang='lat' dir='ltr'>transfunderet,</span> <span class='ocrx_word' id='word_1_134' title='bbox 3556 719 3618 767; x_wconf 92' lang='lat' dir='ltr'>ut</span> 
     </span>
    </p>
   </div>
   <div class='ocr_carea' id='block_1_21' title="bbox 1978 804 2689 876">
    <p class='ocr_par' dir='ltr' id='par_1_21' title="bbox 1978 804 2689 876">
     <span class='ocr_line' id='line_1_21' title="bbox 1978 804 2689 876; baseline -0.004 -14"><span class='ocrx_word' id='word_1_135' title='bbox 1978 806 2294 862; x_wconf 89' lang='lat' dir='ltr'>miraretur</span> <span class='ocrx_word' id='word_1_136' title='bbox 2316 806 2412 876; x_wconf 91' lang='lat' dir='ltr'>qui</span> <span class='ocrx_word' id='word_1_137' title='bbox 2444 804 2689 861; x_wconf 87' lang='lat' dir='ltr'>videret.</span> 
     </span>
    </p>
   </div>
   <div class='ocr_carea' id='block_1_22' title="bbox 2046 891 3620 966">
    <p class='ocr_par' dir='ltr' id='par_1_22' title="bbox 2046 891 3620 966">
     <span class='ocr_line' id='line_1_22' title="bbox 2046 891 3620 966; baseline -0.003 -15"><span class='ocrx_word' id='word_1_138' title='bbox 2046 901 2098 951; x_wconf 93' lang='lat'>7.</span> <span class='ocrx_word' id='word_1_139' title='bbox 2128 895 2397 966; x_wconf 89' lang='lat' dir='ltr'>Optentis</span> <span class='ocrx_word' id='word_1_140' title='bbox 2424 893 2601 964; x_wconf 89' lang='lat' dir='ltr'>igitur</span> <span class='ocrx_word' id='word_1_141' title='bbox 2631 907 2735 964; x_wconf 91' lang='lat' dir='ltr'>pro</span> <span class='ocrx_word' id='word_1_142' title='bbox 2767 892 2985 963; x_wconf 89' lang='lat' dir='ltr'>quibus</span> <span class='ocrx_word' id='word_1_143' title='bbox 3018 892 3265 963; x_wconf 88' lang='lat' dir='ltr'>abierat,</span> <span class='ocrx_word' id='word_1_144' title='bbox 3311 892 3458 949; x_wconf 89' lang='lat' dir='ltr'>abba</span> <span class='ocrx_word' id='word_1_145' title='bbox 3485 891 3620 948; x_wconf 87' lang='lat' dir='ltr'>reli-</span> 
     </span>
    </p>
   </div>
   <div class='ocr_carea' id='block_1_23' title="bbox 1976 981 3619 1053">
    <p class='ocr_par' dir='ltr' id='par_1_23' title="bbox 1976 981 3619 1053">
     <span class='ocr_line' id='line_1_23' title="bbox 1976 981 3619 1053; baseline -0.001 -15"><span class='ocrx_word' id='word_1_146' title='bbox 1976 984 2181 1053; x_wconf 86' lang='lat' dir='ltr'>giosus</span> <span class='ocrx_word' id='word_1_147' title='bbox 2204 983 2272 1040; x_wconf 91' lang='lat' dir='ltr'>ad</span> <span class='ocrx_word' id='word_1_148' title='bbox 2293 982 2710 1040; x_wconf 89' lang='lat' dir='ltr'>monasterium</span> <span class='ocrx_word' id='word_1_149' title='bbox 2736 996 2902 1038; x_wconf 90' lang='lat' dir='ltr'>suum</span> <span class='ocrx_word' id='word_1_150' title='bbox 2918 995 3194 1039; x_wconf 89' lang='lat' dir='ltr'>reversus</span> <span class='ocrx_word' id='word_1_151' title='bbox 3215 987 3326 1051; x_wconf 90' lang='lat' dir='ltr'>est,</span> <span class='ocrx_word' id='word_1_152' title='bbox 3346 981 3619 1053; x_wconf 88' lang='lat' dir='ltr'>cepitque</span> 
     </span>
    </p>
   </div>
   <div class='ocr_carea' id='block_1_24' title="bbox 1977 1066 3621 1143">
    <p class='ocr_par' dir='ltr' id='par_1_24' title="bbox 1977 1066 3621 1143">
     <span class='ocr_line' id='line_1_24' title="bbox 1977 1066 3621 1143; baseline -0.002 -15"><span class='ocrx_word' id='word_1_153' title='bbox 1977 1071 2127 1128; x_wconf 87' lang='lat' dir='ltr'>velle</span> <span class='ocrx_word' id='word_1_154' title='bbox 2161 1072 2473 1129; x_wconf 77' lang='lat' dir='ltr'>ﬁeri’tanto</span> <span class='ocrx_word' id='word_1_155' title='bbox 2497 1069 2880 1143; x_wconf 90' lang='lat' dir='ltr'>propinquior</span> <span class='ocrx_word' id='word_1_156' title='bbox 2902 1066 3039 1139; x_wconf 88' lang='lat' dir='ltr'>Deo,</span> <span class='ocrx_word' id='word_1_157' title='bbox 3068 1074 3286 1141; x_wconf 91' lang='lat' dir='ltr'>quanto</span> <span class='ocrx_word' id='word_1_158' title='bbox 3335 1084 3438 1141; x_wconf 90' lang='lat' dir='ltr'>per</span> <span class='ocrx_word' id='word_1_159' title='bbox 3492 1084 3621 1139; x_wconf 86' lang='lat' dir='ltr'>gra-</span> 
     </span>
    </p>
   </div>
   <div class='ocr_carea' id='block_1_25' title="bbox 1978 1156 3623 1231">
    <p class='ocr_par' dir='ltr' id='par_1_25' title="bbox 1978 1156 3623 1231">
     <span class='ocr_line' id='line_1_25' title="bbox 1978 1156 3623 1231; baseline -0.001 -16"><span class='ocrx_word' id='word_1_160' title='bbox 1978 1161 2116 1216; x_wconf 88' lang='lat' dir='ltr'>tiam</span> <span class='ocrx_word' id='word_1_161' title='bbox 2136 1160 2397 1231; x_wconf 88' lang='lat' dir='ltr'>ejusregi</span> <span class='ocrx_word' id='word_1_162' title='bbox 2420 1168 2477 1216; x_wconf 86' lang='lat' dir='ltr'>et</span> <span class='ocrx_word' id='word_1_163' title='bbox 2503 1157 2888 1231; x_wconf 85' lang='lat' dir='ltr'>principibus,</span> <span class='ocrx_word' id='word_1_164' title='bbox 2907 1158 3284 1230; x_wconf 75' lang='lat' dir='ltr'>pontificibus</span> <span class='ocrx_word' id='word_1_165' title='bbox 3304 1164 3362 1214; x_wconf 92' lang='lat' dir='ltr'>et</span> <span class='ocrx_word' id='word_1_166' title='bbox 3386 1156 3623 1229; x_wconf 89' lang='lat' dir='ltr'>quibus-</span> 
     </span>
    </p>
   </div>
   <div class='ocr_carea' id='block_1_26' title="bbox 1980 1246 3618 1321">
    <p class='ocr_par' dir='ltr' id='par_1_26' title="bbox 1980 1246 3618 1321">
     <span class='ocr_line' id='line_1_26' title="bbox 1980 1246 3618 1321; baseline -0.002 -16"><span class='ocrx_word' id='word_1_167' title='bbox 1980 1262 2090 1319; x_wconf 90' lang='lat' dir='ltr'>que</span> <span class='ocrx_word' id='word_1_168' title='bbox 2106 1250 2572 1321; x_wconf 72' lang='lat' dir='ltr'>praepotentibus</span> <span class='ocrx_word' id='word_1_169' title='bbox 2585 1257 2711 1305; x_wconf 89' lang='lat' dir='ltr'>erat</span> <span class='ocrx_word' id='word_1_170' title='bbox 2733 1249 3049 1320; x_wconf 89' lang='lat' dir='ltr'>acceptior.</span> <span class='ocrx_word' id='word_1_171' title='bbox 3069 1246 3418 1318; x_wconf 90' lang='lat' dir='ltr'>Coepitenim</span> <span class='ocrx_word' id='word_1_172' title='bbox 3432 1250 3618 1302; x_wconf 91' lang='lat' dir='ltr'>totum</span> 
     </span>
    </p>
   </div>
   <div class='ocr_carea' id='block_1_27' title="bbox 1980 1334 3622 1411">
    <p class='ocr_par' dir='ltr' id='par_1_27' title="bbox 1980 1334 3622 1411">
     <span class='ocr_line' id='line_1_27' title="bbox 1980 1334 3622 1411; baseline -0.001 -19"><span class='ocrx_word' id='word_1_173' title='bbox 1980 1351 2044 1393; x_wconf 90' lang='lat' dir='ltr'>se</span> <span class='ocrx_word' id='word_1_174' title='bbox 2075 1337 2386 1394; x_wconf 83' lang='lat' dir='ltr'>sollicitius</span> <span class='ocrx_word' id='word_1_175' title='bbox 2410 1338 2623 1397; x_wconf 87' lang='lat' dir='ltr'>divinis</span> <span class='ocrx_word' id='word_1_176' title='bbox 2642 1340 2973 1411; x_wconf 89' lang='lat' dir='ltr'>mancipare</span> <span class='ocrx_word' id='word_1_177' title='bbox 2996 1336 3279 1405; x_wconf 85' lang='lat' dir='ltr'>cultibus,</span> <span class='ocrx_word' id='word_1_178' title='bbox 3315 1334 3622 1391; x_wconf 89' lang='lat' dir='ltr'>dominicis</span> 
     </span>
    </p>
   </div>
   <div class='ocr_carea' id='block_1_28' title="bbox 1980 1423 3622 1499">
    <p class='ocr_par' dir='ltr' id='par_1_28' title="bbox 1980 1423 3622 1499">
     <span class='ocr_line' id='line_1_28' title="bbox 1980 1423 3622 1499; baseline -0.002 -17"><span class='ocrx_word' id='word_1_179' title='bbox 1980 1426 2073 1482; x_wconf 91' lang='lat' dir='ltr'>die</span> <span class='ocrx_word' id='word_1_180' title='bbox 2106 1430 2402 1498; x_wconf 88' lang='lat' dir='ltr'>noctuque</span> <span class='ocrx_word' id='word_1_181' title='bbox 2426 1428 2731 1499; x_wconf 87' lang='lat' dir='ltr'>invigilare</span> <span class='ocrx_word' id='word_1_182' title='bbox 2764 1427 3063 1497; x_wconf 82' lang='lat' dir='ltr'>laudibus,</span> <span class='ocrx_word' id='word_1_183' title='bbox 3126 1424 3474 1482; x_wconf 90' lang='lat' dir='ltr'>commissos</span> <span class='ocrx_word' id='word_1_184' title='bbox 3511 1423 3622 1479; x_wconf 90' lang='lat' dir='ltr'>sibi</span> 
     </span>
    </p>
   </div>
   <div class='ocr_carea' id='block_1_29' title="bbox 1982 1513 3623 1585">
    <p class='ocr_par' dir='ltr' id='par_1_29' title="bbox 1982 1513 3623 1585">
     <span class='ocr_line' id='line_1_29' title="bbox 1982 1513 3623 1585; baseline 0 -16"><span class='ocrx_word' id='word_1_185' title='bbox 1982 1514 2273 1585; x_wconf 73' lang='lat' dir='ltr'>religiosns</span> <span class='ocrx_word' id='word_1_186' title='bbox 2297 1530 2641 1573; x_wconf 89' lang='lat' dir='ltr'>assuescere</span> <span class='ocrx_word' id='word_1_187' title='bbox 2657 1516 2951 1582; x_wconf 89' lang='lat' dir='ltr'>moribus;</span> <span class='ocrx_word' id='word_1_188' title='bbox 2972 1515 3051 1570; x_wconf 91' lang='lat' dir='ltr'>ita</span> <span class='ocrx_word' id='word_1_189' title='bbox 3073 1517 3136 1570; x_wconf 90' lang='lat' dir='ltr'>ut</span> <span class='ocrx_word' id='word_1_190' title='bbox 3153 1529 3255 1585; x_wconf 91' lang='lat' dir='ltr'>per</span> <span class='ocrx_word' id='word_1_191' title='bbox 3278 1517 3458 1569; x_wconf 90' lang='lat' dir='ltr'>totam</span> <span class='ocrx_word' id='word_1_192' title='bbox 3479 1513 3623 1569; x_wconf 88' lang='lat' dir='ltr'>Neu-</span> 
     </span>
    </p>
   </div>
   <div class='ocr_carea' id='block_1_30' title="bbox 1982 1601 3620 1674">
    <p class='ocr_par' dir='ltr' id='par_1_30' title="bbox 1982 1601 3620 1674">
     <span class='ocr_line' id='line_1_30' title="bbox 1982 1601 3620 1674; baseline -0.002 -15"><span class='ocrx_word' id='word_1_193' title='bbox 1982 1605 2185 1659; x_wconf 88' lang='lat' dir='ltr'>striam</span> <span class='ocrx_word' id='word_1_194' title='bbox 2210 1607 2270 1659; x_wconf 92' lang='lat' dir='ltr'>et</span> <span class='ocrx_word' id='word_1_195' title='bbox 2300 1606 2681 1661; x_wconf 86' lang='lat' dir='ltr'>Austrasiam:</span> <span class='ocrx_word' id='word_1_196' title='bbox 2711 1603 3012 1660; x_wconf 89' lang='lat' dir='ltr'>Franciam</span> <span class='ocrx_word' id='word_1_197' title='bbox 3033 1606 3208 1674; x_wconf 91' lang='lat' dir='ltr'>atque</span> <span class='ocrx_word' id='word_1_198' title='bbox 3231 1601 3620 1673; x_wconf 88' lang='lat' dir='ltr'>Burgundiam</span> 
     </span>
    </p>
   </div>
   <div class='ocr_carea' id='block_1_31' title="bbox 1982 1689 3620 1763">
    <p class='ocr_par' dir='ltr' id='par_1_31' title="bbox 1982 1689 3620 1763">
     <span class='ocr_line' id='line_1_31' title="bbox 1982 1689 3620 1763; baseline -0.002 -16"><span class='ocrx_word' id='word_1_199' title='bbox 1982 1691 2410 1751; x_wconf 71' lang='lat' dir='ltr'>diffunderetur</span> <span class='ocrx_word' id='word_1_200' title='bbox 2434 1709 2613 1751; x_wconf 84' lang='lat' dir='ltr'>sonus</span> <span class='ocrx_word' id='word_1_201' title='bbox 2637 1691 2971 1750; x_wconf 86' lang='lat' dir='ltr'>sanctitatis</span> <span class='ocrx_word' id='word_1_202' title='bbox 2993 1691 3136 1763; x_wconf 87' lang='lat' dir='ltr'>ejus,</span> <span class='ocrx_word' id='word_1_203' title='bbox 3172 1690 3454 1762; x_wconf 82' lang='lat' dir='ltr'>fieretque</span> <span class='ocrx_word' id='word_1_204' title='bbox 3469 1689 3620 1747; x_wconf 90' lang='lat' dir='ltr'>omni</span> 
     </span>
    </p>
   </div>
   <div class='ocr_carea' id='block_1_32' title="bbox 1986 1779 3622 1855">
    <p class='ocr_par' dir='ltr' id='par_1_32' title="bbox 1986 1779 3622 1855">
     <span class='ocr_line' id='line_1_32' title="bbox 1986 1779 3622 1855; baseline -0.002 -18"><span class='ocrx_word' id='word_1_205' title='bbox 1986 1781 2093 1838; x_wconf 88' lang='lat' dir='ltr'>bus</span> <span class='ocrx_word' id='word_1_206' title='bbox 2118 1781 2174 1837; x_wconf 92' lang='lat' dir='ltr'>in</span> <span class='ocrx_word' id='word_1_207' title='bbox 2206 1784 2518 1855; x_wconf 91' lang='lat' dir='ltr'>propatulo</span> <span class='ocrx_word' id='word_1_208' title='bbox 2545 1782 2929 1839; x_wconf 89' lang='lat' dir='ltr'>sanctimonia</span> <span class='ocrx_word' id='word_1_209' title='bbox 2971 1781 3114 1851; x_wconf 86' lang='lat' dir='ltr'>ejus.</span> <span class='ocrx_word' id='word_1_210' title='bbox 3166 1779 3364 1836; x_wconf 85' lang='lat' dir='ltr'>Fiebat</span> <span class='ocrx_word' id='word_1_211' title='bbox 3390 1779 3461 1835; x_wconf 89' lang='lat' dir='ltr'>ad</span> <span class='ocrx_word' id='word_1_212' title='bbox 3492 1794 3622 1836; x_wconf 92' lang='lat' dir='ltr'>eum</span> 
     </span>
    </p>
   </div>
   <div class='ocr_carea' id='block_1_33' title="bbox 225 1868 3625 1953">
    <p class='ocr_par' dir='ltr' id='par_1_33' title="bbox 225 1868 3625 1953">
     <span class='ocr_line' id='line_1_33' title="bbox 225 1868 3625 1953; baseline -0 -28"><span class='ocrx_word' id='word_1_213' title='bbox 225 1874 313 1926; x_wconf 90' lang='lat' dir='ltr'>est</span> <span class='ocrx_word' id='word_1_214' title='bbox 348 1886 449 1942; x_wconf 91' lang='lat' dir='ltr'>per</span> <span class='ocrx_word' id='word_1_215' title='bbox 475 1886 701 1927; x_wconf 92' lang='lat' dir='ltr'>manum</span> <span class='ocrx_word' id='word_1_216' title='bbox 746 1871 937 1927; x_wconf 90' lang='lat' dir='ltr'>domni</span> <span class='ocrx_word' id='word_1_217' title='bbox 990 1872 1284 1928; x_wconf 87' lang='lat' dir='ltr'>lleimonis</span> <span class='ocrx_word' id='word_1_218' title='bbox 1330 1872 1713 1928; x_wconf 88' lang='lat' dir='ltr'>Virdunensis</span> <span class='ocrx_word' id='word_1_219' title='bbox 1755 1870 1871 1942; x_wconf 83' lang='lat' dir='ltr'>epi-</span> <span class='ocrx_word' id='word_1_220' title='bbox 1894 1890 1954 1953; x_wconf 77' lang='grc' dir='ltr'>Β</span> <span class='ocrx_word' id='word_1_221' title='bbox 1981 1870 2220 1941; x_wconf 88' lang='lat' dir='ltr'>grandis</span> <span class='ocrx_word' id='word_1_222' title='bbox 2253 1872 2656 1943; x_wconf 89' lang='lat' dir='ltr'>undecumque</span> <span class='ocrx_word' id='word_1_223' title='bbox 2686 1885 3013 1928; x_wconf 91' lang='lat' dir='ltr'>concursus</span> <span class='ocrx_word' id='word_1_224' title='bbox 3039 1868 3309 1939; x_wconf 88' lang='lat' dir='ltr'>;aliiejus</span> <span class='ocrx_word' id='word_1_225' title='bbox 3332 1883 3393 1925; x_wconf 90' lang='lat' dir='ltr'>se</span> <span class='ocrx_word' id='word_1_226' title='bbox 3418 1869 3625 1926; x_wconf 88' lang='lat' dir='ltr'>subde-</span> 
     </span>
    </p>
   </div>
   <div class='ocr_carea' id='block_1_34' title="bbox 226 1957 3626 2033">
    <p class='ocr_par' dir='ltr' id='par_1_34' title="bbox 226 1957 3626 2033">
     <span class='ocr_line' id='line_1_34' title="bbox 226 1957 3626 2033; baseline -0.001 -19"><span class='ocrx_word' id='word_1_227' title='bbox 226 1960 389 2031; x_wconf 90' lang='lat' dir='ltr'>scopi</span> <span class='ocrx_word' id='word_1_228' title='bbox 413 1973 562 2014; x_wconf 89' lang='lat' dir='ltr'>anno</span> <span class='ocrx_word' id='word_1_229' title='bbox 593 1960 665 2015; x_wconf 90' lang='lat' dir='ltr'>ab</span> <span class='ocrx_word' id='word_1_230' title='bbox 699 1960 807 2015; x_wconf 87' lang='lat' dir='ltr'>inc.</span> <span class='ocrx_word' id='word_1_231' title='bbox 837 1961 992 2016; x_wconf 90' lang='lat' dir='ltr'>Dom.</span> <span class='ocrx_word' id='word_1_232' title='bbox 1022 1964 1179 2029; x_wconf 75' lang='grc'>1004,</span> <span class='ocrx_word' id='word_1_233' title='bbox 1214 1976 1344 2016; x_wconf 92' lang='lat' dir='ltr'>cum</span> <span class='ocrx_word' id='word_1_234' title='bbox 1372 1961 1489 2030; x_wconf 90' lang='lat' dir='ltr'>jam</span> <span class='ocrx_word' id='word_1_235' title='bbox 1543 1964 1674 2032; x_wconf 91' lang='lat' dir='ltr'>post</span> <span class='ocrx_word' id='word_1_236' title='bbox 1705 1960 1869 2015; x_wconf 90' lang='lat' dir='ltr'>Otto-</span> <span class='ocrx_word' id='word_1_237' title='bbox 1984 1960 2120 2015; x_wconf 87' lang='lat' dir='ltr'>bant</span> <span class='ocrx_word' id='word_1_238' title='bbox 2155 1960 2516 2030; x_wconf 85' lang='lat' dir='ltr'>magisterio,</span> <span class='ocrx_word' id='word_1_239' title='bbox 2554 1960 2886 2033; x_wconf 90' lang='lat' dir='ltr'>postposito</span> <span class='ocrx_word' id='word_1_240' title='bbox 2919 1958 3391 2015; x_wconf 85' lang='lat' dir='ltr'>mundifallentis</span> <span class='ocrx_word' id='word_1_241' title='bbox 3414 1957 3626 2013; x_wconf 87' lang='lat' dir='ltr'>lenoci-</span> 
     </span>
    </p>
   </div>
   <div class='ocr_carea' id='block_1_35' title="bbox 227 2048 1870 2120">
    <p class='ocr_par' dir='ltr' id='par_1_35' title="bbox 227 2048 1870 2120">
     <span class='ocr_line' id='line_1_35' title="bbox 227 2048 1870 2120; baseline 0.004 -18"><span class='ocrx_word' id='word_1_242' title='bbox 227 2061 355 2104; x_wconf 92' lang='lat' dir='ltr'>nem</span> <span class='ocrx_word' id='word_1_243' title='bbox 380 2050 452 2103; x_wconf 78' lang='grc' dir='ltr'><strong>ΙΙΙ</strong></span> <span class='ocrx_word' id='word_1_244' title='bbox 472 2048 858 2117; x_wconf 88' lang='lat' dir='ltr'>secundojam</span> <span class='ocrx_word' id='word_1_245' title='bbox 874 2063 1023 2105; x_wconf 91' lang='lat' dir='ltr'>anno</span> <span class='ocrx_word' id='word_1_246' title='bbox 1065 2050 1499 2120; x_wconf 90' lang='lat' dir='ltr'>principaretur</span> <span class='ocrx_word' id='word_1_247' title='bbox 1564 2050 1870 2107; x_wconf 83' lang='lat' dir='ltr'>Heinricus</span> 
     </span>
    </p>
   </div>
   <div class='ocr_carea' id='block_1_36' title="bbox 226 2136 1870 2211">
    <p class='ocr_par' dir='ltr' id='par_1_36' title="bbox 226 2136 1870 2211">
     <span class='ocr_line' id='line_1_36' title="bbox 226 2136 1870 2211; baseline 0.004 -21"><span class='ocrx_word' id='word_1_248' title='bbox 226 2136 695 2205; x_wconf 87' lang='lat' dir='ltr'>consanguineus</span> <span class='ocrx_word' id='word_1_249' title='bbox 723 2136 873 2206; x_wconf 88' lang='lat' dir='ltr'>ejus,</span> <span class='ocrx_word' id='word_1_250' title='bbox 901 2137 995 2207; x_wconf 88' lang='lat' dir='ltr'>qui</span> <span class='ocrx_word' id='word_1_251' title='bbox 1026 2142 1060 2194; x_wconf 85' lang='lat'>9</span> <span class='ocrx_word' id='word_1_252' title='bbox 1082 2137 1241 2207; x_wconf 86' lang='lat' dir='ltr'>regni</span> <span class='ocrx_word' id='word_1_253' title='bbox 1259 2137 1347 2194; x_wconf 90' lang='lat' dir='ltr'>sui</span> <span class='ocrx_word' id='word_1_254' title='bbox 1368 2152 1517 2195; x_wconf 93' lang='lat' dir='ltr'>anno</span> <span class='ocrx_word' id='word_1_255' title='bbox 1551 2138 1870 2211; x_wconf 90' lang='lat' dir='ltr'>imperator</span> 
     </span>
    </p>
   </div>
   <div class='ocr_carea' id='block_1_37' title="bbox 224 2225 1872 2300">
    <p class='ocr_par' dir='ltr' id='par_1_37' title="bbox 224 2225 1872 2300">
     <span class='ocr_line' id='line_1_37' title="bbox 224 2225 1872 2300; baseline 0.005 -22"><span class='ocrx_word' id='word_1_256' title='bbox 224 2229 464 2280; x_wconf 88' lang='lat' dir='ltr'>creatus</span> <span class='ocrx_word' id='word_1_257' title='bbox 490 2229 597 2280; x_wconf 88' lang='lat' dir='ltr'>est.</span> <span class='ocrx_word' id='word_1_258' title='bbox 633 2225 814 2295; x_wconf 89' lang='lat' dir='ltr'>llujus</span> <span class='ocrx_word' id='word_1_259' title='bbox 845 2239 985 2295; x_wconf 89' lang='lat' dir='ltr'>ergo</span> <span class='ocrx_word' id='word_1_260' title='bbox 1011 2225 1292 2298; x_wconf 91' lang='lat' dir='ltr'>principis</span> <span class='ocrx_word' id='word_1_261' title='bbox 1346 2228 1567 2283; x_wconf 87' lang='lat' dir='ltr'>curiam</span> <span class='ocrx_word' id='word_1_262' title='bbox 1606 2243 1713 2300; x_wconf 91' lang='lat' dir='ltr'>pro</span> <span class='ocrx_word' id='word_1_263' title='bbox 1749 2230 1872 2300; x_wconf 90' lang='lat' dir='ltr'>qui-</span> 
     </span>
    </p>
   </div>
   <div class='ocr_carea' id='block_1_38' title="bbox 228 2311 1870 2386">
    <p class='ocr_par' dir='ltr' id='par_1_38' title="bbox 228 2311 1870 2386">
     <span class='ocr_line' id='line_1_38' title="bbox 228 2311 1870 2386; baseline 0.005 -21"><span class='ocrx_word' id='word_1_264' title='bbox 228 2311 469 2368; x_wconf 88' lang='lat' dir='ltr'>busdam</span> <span class='ocrx_word' id='word_1_265' title='bbox 502 2314 760 2381; x_wconf 83' lang='lat' dir='ltr'>negociis</span> <span class='ocrx_word' id='word_1_266' title='bbox 794 2314 1042 2371; x_wconf 91' lang='lat' dir='ltr'>domnus</span> <span class='ocrx_word' id='word_1_267' title='bbox 1068 2319 1126 2371; x_wconf 92' lang='lat' dir='ltr'>et</span> <span class='ocrx_word' id='word_1_268' title='bbox 1159 2319 1326 2386; x_wconf 89' lang='lat' dir='ltr'>pater</span> <span class='ocrx_word' id='word_1_269' title='bbox 1353 2316 1677 2374; x_wconf 83' lang='lat' dir='ltr'>Richardus</span> <span class='ocrx_word' id='word_1_270' title='bbox 1708 2317 1870 2374; x_wconf 89' lang='lat' dir='ltr'>adire</span> 
     </span>
    </p>
   </div>
   <div class='ocr_carea' id='block_1_39' title="bbox 227 2400 1865 2476">
    <p class='ocr_par' dir='ltr' id='par_1_39' title="bbox 227 2400 1865 2476">
     <span class='ocr_line' id='line_1_39' title="bbox 227 2400 1865 2476; baseline 0.004 -21"><span class='ocrx_word' id='word_1_271' title='bbox 227 2400 568 2473; x_wconf 88' lang='lat' dir='ltr'>compulsus</span> <span class='ocrx_word' id='word_1_272' title='bbox 597 2401 994 2459; x_wconf 88' lang='lat' dir='ltr'>venerabilem</span> <span class='ocrx_word' id='word_1_273' title='bbox 1016 2404 1388 2461; x_wconf 84' lang='lat' dir='ltr'>Fredericum</span> <span class='ocrx_word' id='word_1_274' title='bbox 1427 2420 1623 2462; x_wconf 91' lang='lat' dir='ltr'>secum</span> <span class='ocrx_word' id='word_1_275' title='bbox 1680 2406 1865 2476; x_wconf 84' lang='lat' dir='ltr'>duxit,</span> 
     </span>
    </p>
   </div>
   <div class='ocr_carea' id='block_1_40' title="bbox 229 2489 1873 2566">
    <p class='ocr_par' dir='ltr' id='par_1_40' title="bbox 229 2489 1873 2566">
     <span class='ocr_line' id='line_1_40' title="bbox 229 2489 1873 2566; baseline 0.005 -23"><span class='ocrx_word' id='word_1_276' title='bbox 229 2489 326 2559; x_wconf 91' lang='lat' dir='ltr'>qui</span> <span class='ocrx_word' id='word_1_277' title='bbox 359 2493 418 2545; x_wconf 89' lang='lat' dir='ltr'>et</span> <span class='ocrx_word' id='word_1_278' title='bbox 442 2489 512 2545; x_wconf 88' lang='lat' dir='ltr'>de</span> <span class='ocrx_word' id='word_1_279' title='bbox 535 2489 821 2562; x_wconf 87' lang='lat' dir='ltr'>imperiali</span> <span class='ocrx_word' id='word_1_280' title='bbox 848 2491 1128 2561; x_wconf 84' lang='lat' dir='ltr'>sanguine</span> <span class='ocrx_word' id='word_1_281' title='bbox 1151 2497 1498 2564; x_wconf 89' lang='lat' dir='ltr'>procreatus</span> <span class='ocrx_word' id='word_1_282' title='bbox 1515 2499 1574 2550; x_wconf 91' lang='lat' dir='ltr'>et</span> <span class='ocrx_word' id='word_1_283' title='bbox 1596 2494 1873 2566; x_wconf 88' lang='lat' dir='ltr'>principi-</span> 
     </span>
    </p>
   </div>
   <div class='ocr_carea' id='block_1_41' title="bbox 229 2578 1873 2654">
    <p class='ocr_par' dir='ltr' id='par_1_41' title="bbox 229 2578 1873 2654">
     <span class='ocr_line' id='line_1_41' title="bbox 229 2578 1873 2654; baseline 0.004 -22"><span class='ocrx_word' id='word_1_284' title='bbox 229 2578 339 2633; x_wconf 89' lang='lat' dir='ltr'>bus</span> <span class='ocrx_word' id='word_1_285' title='bbox 357 2578 518 2648; x_wconf 89' lang='lat' dir='ltr'>regni</span> <span class='ocrx_word' id='word_1_286' title='bbox 543 2582 671 2634; x_wconf 86' lang='lat' dir='ltr'>erat</span> <span class='ocrx_word' id='word_1_287' title='bbox 696 2579 1067 2645; x_wconf 89' lang='lat' dir='ltr'>notissimus;</span> <span class='ocrx_word' id='word_1_288' title='bbox 1089 2585 1155 2637; x_wconf 92' lang='lat' dir='ltr'>ut</span> <span class='ocrx_word' id='word_1_289' title='bbox 1177 2580 1332 2651; x_wconf 90' lang='lat' dir='ltr'>quod</span> <span class='ocrx_word' id='word_1_290' title='bbox 1350 2597 1453 2652; x_wconf 90' lang='lat' dir='ltr'>per</span> <span class='ocrx_word' id='word_1_291' title='bbox 1467 2597 1526 2638; x_wconf 91' lang='lat' dir='ltr'>se</span> <span class='ocrx_word' id='word_1_292' title='bbox 1552 2598 1718 2654; x_wconf 88' lang='lat' dir='ltr'>posse</span> <span class='ocrx_word' id='word_1_293' title='bbox 1731 2582 1873 2639; x_wconf 83' lang='lat' dir='ltr'>dim-</span> 
     </span>
    </p>
   </div>
   <div class='ocr_carea' id='block_1_42' title="bbox 229 2664 1871 2741">
    <p class='ocr_par' dir='ltr' id='par_1_42' title="bbox 229 2664 1871 2741">
     <span class='ocr_line' id='line_1_42' title="bbox 229 2664 1871 2741; baseline 0.005 -22"><span class='ocrx_word' id='word_1_294' title='bbox 229 2664 427 2733; x_wconf 87' lang='lat' dir='ltr'>debat,</span> <span class='ocrx_word' id='word_1_295' title='bbox 462 2664 623 2722; x_wconf 89' lang='lat' dir='ltr'>illius</span> <span class='ocrx_word' id='word_1_296' title='bbox 651 2667 947 2737; x_wconf 90' lang='lat' dir='ltr'>eptineret</span> <span class='ocrx_word' id='word_1_297' title='bbox 976 2669 1185 2739; x_wconf 85' lang='lat' dir='ltr'>gratia,</span> <span class='ocrx_word' id='word_1_298' title='bbox 1216 2669 1309 2725; x_wconf 91' lang='lat' dir='ltr'>cui</span> <span class='ocrx_word' id='word_1_299' title='bbox 1341 2669 1673 2741; x_wconf 89' lang='lat' dir='ltr'>aliquando,</span> <span class='ocrx_word' id='word_1_300' title='bbox 1735 2671 1871 2728; x_wconf 91' lang='lat' dir='ltr'>dum</span> 
     </span>
    </p>
   </div>
   <div class='ocr_carea' id='block_1_43' title="bbox 227 2752 1873 2831">
    <p class='ocr_par' dir='ltr' id='par_1_43' title="bbox 227 2752 1873 2831">
     <span class='ocr_line' id='line_1_43' title="bbox 227 2752 1873 2831; baseline 0.005 -24"><span class='ocrx_word' id='word_1_301' title='bbox 227 2752 459 2808; x_wconf 90' lang='lat' dir='ltr'>essetin</span> <span class='ocrx_word' id='word_1_302' title='bbox 477 2753 697 2825; x_wconf 85' lang='lat' dir='ltr'>seculo,</span> <span class='ocrx_word' id='word_1_303' title='bbox 730 2758 853 2810; x_wconf 87' lang='lat' dir='ltr'>tota</span> <span class='ocrx_word' id='word_1_304' title='bbox 871 2757 1112 2826; x_wconf 89' lang='lat' dir='ltr'>parebat</span> <span class='ocrx_word' id='word_1_305' title='bbox 1149 2758 1331 2814; x_wconf 91' lang='lat' dir='ltr'>curia.</span> <span class='ocrx_word' id='word_1_306' title='bbox 1353 2758 1565 2814; x_wconf 91' lang='lat' dir='ltr'>Verum</span> <span class='ocrx_word' id='word_1_307' title='bbox 1590 2759 1873 2831; x_wconf 90' lang='lat' dir='ltr'>depositis</span> 
     </span>
    </p>
   </div>
   <div class='ocr_carea' id='block_1_44' title="bbox 230 2840 1869 2921">
    <p class='ocr_par' dir='ltr' id='par_1_44' title="bbox 230 2840 1869 2921">
     <span class='ocr_line' id='line_1_44' title="bbox 230 2840 1869 2921; baseline 0.005 -25"><span class='ocrx_word' id='word_1_308' title='bbox 230 2840 494 2911; x_wconf 87' lang='lat' dir='ltr'>sedibus,</span> <span class='ocrx_word' id='word_1_309' title='bbox 530 2845 588 2898; x_wconf 91' lang='lat' dir='ltr'>et</span> <span class='ocrx_word' id='word_1_310' title='bbox 614 2843 1009 2901; x_wconf 87' lang='lat' dir='ltr'>residentibus</span> <span class='ocrx_word' id='word_1_311' title='bbox 1044 2846 1415 2916; x_wconf 82' lang='lat' dir='ltr'>pontiﬁcibus</span> <span class='ocrx_word' id='word_1_312' title='bbox 1445 2851 1505 2902; x_wconf 88' lang='lat' dir='ltr'>et</span> <span class='ocrx_word' id='word_1_313' title='bbox 1536 2848 1869 2921; x_wconf 86' lang='lat' dir='ltr'>abbatibus,</span> 
     </span>
    </p>
   </div>
   <div class='ocr_carea' id='block_1_45' title="bbox 230 2929 1875 3006">
    <p class='ocr_par' dir='ltr' id='par_1_45' title="bbox 230 2929 1875 3006">
     <span class='ocr_line' id='line_1_45' title="bbox 230 2929 1875 3006; baseline 0.005 -23"><span class='ocrx_word' id='word_1_314' title='bbox 230 2929 565 2985; x_wconf 85' lang='lat' dir='ltr'>astantibus</span> <span class='ocrx_word' id='word_1_315' title='bbox 593 2931 770 2987; x_wconf 91' lang='lat' dir='ltr'>etiam</span> <span class='ocrx_word' id='word_1_316' title='bbox 793 2932 954 3003; x_wconf 83' lang='lat' dir='ltr'>regni</span> <span class='ocrx_word' id='word_1_317' title='bbox 989 2933 1356 3004; x_wconf 84' lang='lat' dir='ltr'>primatibus,</span> <span class='ocrx_word' id='word_1_318' title='bbox 1381 2950 1510 2991; x_wconf 90' lang='lat' dir='ltr'>cum</span> <span class='ocrx_word' id='word_1_319' title='bbox 1541 2935 1713 3006; x_wconf 88' lang='lat' dir='ltr'>longe</span> <span class='ocrx_word' id='word_1_320' title='bbox 1732 2937 1875 2993; x_wconf 85' lang='lat' dir='ltr'>infe-</span> 
     </span>
    </p>
   </div>
   <div class='ocr_carea' id='block_1_46' title="bbox 232 3016 1868 3095">
    <p class='ocr_par' dir='ltr' id='par_1_46' title="bbox 232 3016 1868 3095">
     <span class='ocr_line' id='line_1_46' title="bbox 232 3016 1868 3095; baseline 0.007 -24"><span class='ocrx_word' id='word_1_321' title='bbox 232 3016 355 3073; x_wconf 89' lang='lat' dir='ltr'>rius</span> <span class='ocrx_word' id='word_1_322' title='bbox 372 3016 662 3074; x_wconf 78' lang='lat' dir='ltr'>resideret</span> <span class='ocrx_word' id='word_1_323' title='bbox 683 3024 850 3089; x_wconf 91' lang='lat' dir='ltr'>pater</span> <span class='ocrx_word' id='word_1_324' title='bbox 872 3021 1234 3093; x_wconf 82' lang='lat' dir='ltr'>mitissimus,</span> <span class='ocrx_word' id='word_1_325' title='bbox 1251 3028 1308 3078; x_wconf 91' lang='lat' dir='ltr'>et</span> <span class='ocrx_word' id='word_1_326' title='bbox 1325 3024 1719 3082; x_wconf 79' lang='lat' dir='ltr'>memorabilis</span> <span class='ocrx_word' id='word_1_327' title='bbox 1741 3025 1868 3095; x_wconf 88' lang='lat' dir='ltr'>ejus</span> 
     </span>
    </p>
   </div>
   <div class='ocr_carea' id='block_1_47' title="bbox 232 3106 1867 3185">
    <p class='ocr_par' dir='ltr' id='par_1_47' title="bbox 232 3106 1867 3185">
     <span class='ocr_line' id='line_1_47' title="bbox 232 3106 1867 3185; baseline 0.007 -24"><span class='ocrx_word' id='word_1_328' title='bbox 232 3106 569 3173; x_wconf 89' lang='lat' dir='ltr'>monachus,</span> <span class='ocrx_word' id='word_1_329' title='bbox 604 3111 666 3162; x_wconf 89' lang='lat' dir='ltr'>ut</span> <span class='ocrx_word' id='word_1_330' title='bbox 729 3108 886 3177; x_wconf 89' lang='lat' dir='ltr'>regis</span> <span class='ocrx_word' id='word_1_331' title='bbox 914 3114 971 3164; x_wconf 92' lang='lat' dir='ltr'>et</span> <span class='ocrx_word' id='word_1_332' title='bbox 1000 3109 1329 3181; x_wconf 90' lang='lat' dir='ltr'>principum</span> <span class='ocrx_word' id='word_1_333' title='bbox 1378 3113 1867 3185; x_wconf 89' lang='lat' dir='ltr'>consanguineus,</span> 
     </span>
    </p>
   </div>
   <div class='ocr_carea' id='block_1_48' title="bbox 232 3192 1873 3267">
    <p class='ocr_par' dir='ltr' id='par_1_48' title="bbox 232 3192 1873 3267">
     <span class='ocr_line' id='line_1_48' title="bbox 232 3192 1873 3267; baseline 0.007 -19"><span class='ocrx_word' id='word_1_334' title='bbox 232 3192 387 3249; x_wconf 87' lang='lat' dir='ltr'>inter</span> <span class='ocrx_word' id='word_1_335' title='bbox 401 3195 623 3265; x_wconf 90' lang='lat' dir='ltr'>primos</span> <span class='ocrx_word' id='word_1_336' title='bbox 636 3195 910 3267; x_wconf 89' lang='lat' dir='ltr'>palatinis</span> <span class='ocrx_word' id='word_1_337' title='bbox 924 3198 1508 3257; x_wconf 88' lang='lat' dir='ltr'>consiliisinteresset</span> <span class='ocrx_word' id='word_1_338' title='bbox 1532 3202 1873 3260; x_wconf 87' lang='lat' dir='ltr'>eminentio-</span> 
     </span>
    </p>
   </div>
   <div class='ocr_carea' id='block_1_49' title="bbox 232 3282 1871 3362">
    <p class='ocr_par' dir='ltr' id='par_1_49' title="bbox 232 3282 1871 3362">
     <span class='ocr_line' id='line_1_49' title="bbox 232 3282 1871 3362; baseline 0.006 -25"><span class='ocrx_word' id='word_1_339' title='bbox 232 3282 399 3353; x_wconf 91' lang='lat' dir='ltr'>rique</span> <span class='ocrx_word' id='word_1_340' title='bbox 422 3282 553 3339; x_wconf 92' lang='lat' dir='ltr'>loco</span> <span class='ocrx_word' id='word_1_341' title='bbox 577 3284 834 3355; x_wconf 89' lang='lat' dir='ltr'>sederet,</span> <span class='ocrx_word' id='word_1_342' title='bbox 860 3291 1026 3344; x_wconf 89' lang='lat' dir='ltr'>ratus</span> <span class='ocrx_word' id='word_1_343' title='bbox 1042 3302 1153 3343; x_wconf 92' lang='lat' dir='ltr'>non</span> <span class='ocrx_word' id='word_1_344' title='bbox 1178 3289 1288 3344; x_wconf 89' lang='lat' dir='ltr'>sibi</span> <span class='ocrx_word' id='word_1_345' title='bbox 1322 3290 1444 3345; x_wconf 81' lang='lat' dir='ltr'>fore</span> <span class='ocrx_word' id='word_1_346' title='bbox 1465 3290 1628 3358; x_wconf 91' lang='lat' dir='ltr'>utile,</span> <span class='ocrx_word' id='word_1_347' title='bbox 1657 3291 1704 3346; x_wconf 91' lang='lat' dir='ltr'>si</span> <span class='ocrx_word' id='word_1_348' title='bbox 1725 3294 1871 3362; x_wconf 85' lang='lat' dir='ltr'>patri</span> 
     </span>
    </p>
   </div>
   <div class='ocr_carea' id='block_1_50' title="bbox 233 3369 1876 3449">
    <p class='ocr_par' dir='ltr' id='par_1_50' title="bbox 233 3369 1876 3449">
     <span class='ocr_line' id='line_1_50' title="bbox 233 3369 1876 3449; baseline 0.005 -22"><span class='ocrx_word' id='word_1_349' title='bbox 233 3369 328 3427; x_wconf 92' lang='lat' dir='ltr'>cui</span> <span class='ocrx_word' id='word_1_350' title='bbox 358 3370 596 3427; x_wconf 89' lang='lat' dir='ltr'>suberat</span> <span class='ocrx_word' id='word_1_351' title='bbox 645 3374 1018 3444; x_wconf 70' lang='lat' dir='ltr'>praemineret</span> <span class='ocrx_word' id='word_1_352' title='bbox 1036 3377 1318 3433; x_wconf 91' lang='lat' dir='ltr'>sessionis</span> <span class='ocrx_word' id='word_1_353' title='bbox 1339 3378 1563 3449; x_wconf 87' lang='lat' dir='ltr'>ordine,</span> <span class='ocrx_word' id='word_1_354' title='bbox 1582 3394 1701 3435; x_wconf 91' lang='lat' dir='ltr'>rem</span> <span class='ocrx_word' id='word_1_355' title='bbox 1741 3381 1876 3437; x_wconf 86' lang='lat' dir='ltr'>fecit</span> 
     </span>
    </p>
   </div>
   <div class='ocr_carea' id='block_1_51' title="bbox 235 3460 1878 3539">
    <p class='ocr_par' dir='ltr' id='par_1_51' title="bbox 235 3460 1878 3539">
     <span class='ocr_line' id='line_1_51' title="bbox 235 3460 1878 3539; baseline 0.007 -25"><span class='ocrx_word' id='word_1_356' title='bbox 235 3460 667 3516; x_wconf 89' lang='lat' dir='ltr'>memorabilem</span> <span class='ocrx_word' id='word_1_357' title='bbox 699 3467 758 3519; x_wconf 90' lang='lat' dir='ltr'>et</span> <span class='ocrx_word' id='word_1_358' title='bbox 788 3462 1124 3520; x_wconf 90' lang='lat' dir='ltr'>imitandam</span> <span class='ocrx_word' id='word_1_359' title='bbox 1142 3467 1410 3537; x_wconf 88' lang='lat' dir='ltr'>posteris.</span> <span class='ocrx_word' id='word_1_360' title='bbox 1449 3469 1704 3539; x_wconf 88' lang='lat' dir='ltr'>Surgens</span> <span class='ocrx_word' id='word_1_361' title='bbox 1721 3484 1878 3525; x_wconf 82' lang='lat' dir='ltr'>nam-</span> 
     </span>
    </p>
   </div>
   <div class='ocr_carea' id='block_1_52' title="bbox 235 3548 1877 3629">
    <p class='ocr_par' dir='ltr' id='par_1_52' title="bbox 235 3548 1877 3629">
     <span class='ocr_line' id='line_1_52' title="bbox 235 3548 1877 3629; baseline 0.007 -26"><span class='ocrx_word' id='word_1_362' title='bbox 235 3563 348 3618; x_wconf 90' lang='lat' dir='ltr'>que</span> <span class='ocrx_word' id='word_1_363' title='bbox 379 3564 407 3605; x_wconf 94' lang='lat' dir='ltr'>a</span> <span class='ocrx_word' id='word_1_364' title='bbox 441 3548 626 3606; x_wconf 86' lang='lat' dir='ltr'>latere</span> <span class='ocrx_word' id='word_1_365' title='bbox 660 3551 957 3624; x_wconf 87' lang='lat' dir='ltr'>principis,</span> <span class='ocrx_word' id='word_1_366' title='bbox 982 3558 1041 3609; x_wconf 91' lang='lat' dir='ltr'>et</span> <span class='ocrx_word' id='word_1_367' title='bbox 1071 3555 1509 3627; x_wconf 90' lang='lat' dir='ltr'>suppedaneum</span> <span class='ocrx_word' id='word_1_368' title='bbox 1561 3573 1725 3614; x_wconf 88' lang='lat' dir='ltr'>suum</span> <span class='ocrx_word' id='word_1_369' title='bbox 1752 3558 1877 3629; x_wconf 90' lang='lat' dir='ltr'>ipse</span> 
     </span>
    </p>
   </div>
   <div class='ocr_carea' id='block_1_53' title="bbox 240 3638 1878 3719">
    <p class='ocr_par' dir='ltr' id='par_1_53' title="bbox 240 3638 1878 3719">
     <span class='ocr_line' id='line_1_53' title="bbox 240 3638 1878 3719; baseline 0.007 -28"><span class='ocrx_word' id='word_1_370' title='bbox 240 3638 447 3709; x_wconf 82' lang='lat' dir='ltr'>ferens,</span> <span class='ocrx_word' id='word_1_371' title='bbox 484 3640 751 3696; x_wconf 89' lang='lat' dir='ltr'>abbatem</span> <span class='ocrx_word' id='word_1_372' title='bbox 785 3654 954 3697; x_wconf 90' lang='lat' dir='ltr'>suum</span> <span class='ocrx_word' id='word_1_373' title='bbox 988 3643 1219 3713; x_wconf 86' lang='lat' dir='ltr'>petivit,</span> <span class='ocrx_word' id='word_1_374' title='bbox 1251 3647 1309 3699; x_wconf 91' lang='lat' dir='ltr'>et</span> <span class='ocrx_word' id='word_1_375' title='bbox 1336 3646 1528 3715; x_wconf 91' lang='lat' dir='ltr'>posito</span> <span class='ocrx_word' id='word_1_376' title='bbox 1569 3648 1639 3702; x_wconf 89' lang='lat' dir='ltr'>ad</span> <span class='ocrx_word' id='word_1_377' title='bbox 1696 3647 1878 3719; x_wconf 91' lang='lat' dir='ltr'>pedes</span> 
     </span>
    </p>
   </div>
   <div class='ocr_carea' id='block_1_54' title="bbox 237 3725 1879 3804">
    <p class='ocr_par' dir='ltr' id='par_1_54' title="bbox 237 3725 1879 3804">
     <span class='ocr_line' id='line_1_54' title="bbox 237 3725 1879 3804; baseline 0.008 -24"><span class='ocrx_word' id='word_1_378' title='bbox 237 3725 365 3794; x_wconf 88' lang='lat' dir='ltr'>ejus</span> <span class='ocrx_word' id='word_1_379' title='bbox 395 3729 788 3800; x_wconf 89' lang='lat' dir='ltr'>suppedaneo,</span> <span class='ocrx_word' id='word_1_380' title='bbox 824 3730 881 3785; x_wconf 91' lang='lat' dir='ltr'>in</span> <span class='ocrx_word' id='word_1_381' title='bbox 912 3745 982 3787; x_wconf 91' lang='lat' dir='ltr'>eo</span> <span class='ocrx_word' id='word_1_382' title='bbox 1016 3731 1142 3802; x_wconf 91' lang='lat' dir='ltr'>ipse</span> <span class='ocrx_word' id='word_1_383' title='bbox 1167 3733 1407 3804; x_wconf 88' lang='lat' dir='ltr'>resedit,</span> <span class='ocrx_word' id='word_1_384' title='bbox 1429 3733 1573 3792; x_wconf 88' lang='lat' dir='ltr'>dans</span> <span class='ocrx_word' id='word_1_385' title='bbox 1607 3736 1879 3793; x_wconf 89' lang='lat' dir='ltr'>omnibus</span> 
     </span>
    </p>
   </div>
   <div class='ocr_carea' id='block_1_55' title="bbox 239 3815 1882 3890">
    <p class='ocr_par' dir='ltr' id='par_1_55' title="bbox 239 3815 1882 3890">
     <span class='ocr_line' id='line_1_55' title="bbox 239 3815 1882 3890; baseline 0.007 -21"><span class='ocrx_word' id='word_1_386' title='bbox 239 3816 534 3872; x_wconf 88' lang='lat' dir='ltr'>monachis</span> <span class='ocrx_word' id='word_1_387' title='bbox 554 3815 783 3875; x_wconf 87' lang='lat' dir='ltr'>cunctis</span> <span class='ocrx_word' id='word_1_388' title='bbox 816 3821 1183 3890; x_wconf 90' lang='lat' dir='ltr'>postmodum</span> <span class='ocrx_word' id='word_1_389' title='bbox 1210 3822 1424 3879; x_wconf 83' lang='lat' dir='ltr'>futuris</span> <span class='ocrx_word' id='word_1_390' title='bbox 1448 3824 1777 3881; x_wconf 89' lang='lat' dir='ltr'>seculorum</span> <span class='ocrx_word' id='word_1_391' title='bbox 1794 3839 1882 3881; x_wconf 88' lang='lat' dir='ltr'>se-</span> 
     </span>
    </p>
   </div>
   <div class='ocr_carea' id='block_1_56' title="bbox 238 3903 1885 3981">
    <p class='ocr_par' dir='ltr' id='par_1_56' title="bbox 238 3903 1885 3981">
     <span class='ocr_line' id='line_1_56' title="bbox 238 3903 1885 3981; baseline 0.006 -23"><span class='ocrx_word' id='word_1_392' title='bbox 238 3903 389 3960; x_wconf 90' lang='lat' dir='ltr'>culis</span> <span class='ocrx_word' id='word_1_393' title='bbox 422 3904 662 3961; x_wconf 80' lang='lat' dir='ltr'>formam</span> <span class='ocrx_word' id='word_1_394' title='bbox 695 3919 848 3963; x_wconf 63' lang='lat' dir='ltr'>vera;</span> <span class='ocrx_word' id='word_1_395' title='bbox 862 3907 1232 3979; x_wconf 88' lang='lat' dir='ltr'>humilitatis,</span> <span class='ocrx_word' id='word_1_396' title='bbox 1261 3914 1320 3965; x_wconf 90' lang='lat' dir='ltr'>et</span> <span class='ocrx_word' id='word_1_397' title='bbox 1340 3912 1492 3981; x_wconf 90' lang='lat' dir='ltr'>quod</span> <span class='ocrx_word' id='word_1_398' title='bbox 1510 3926 1647 3969; x_wconf 90' lang='lat' dir='ltr'>vere</span> <span class='ocrx_word' id='word_1_399' title='bbox 1663 3912 1885 3969; x_wconf 84' lang='lat' dir='ltr'>exalta-</span> 
     </span>
    </p>
   </div>
   <div class='ocr_carea' id='block_1_57' title="bbox 244 3992 1885 4071">
    <p class='ocr_par' dir='ltr' id='par_1_57' title="bbox 244 3992 1885 4071">
     <span class='ocr_line' id='line_1_57' title="bbox 244 3992 1885 4071; baseline 0.007 -26"><span class='ocrx_word' id='word_1_400' title='bbox 244 3996 340 4047; x_wconf 92' lang='lat' dir='ltr'>tur</span> <span class='ocrx_word' id='word_1_401' title='bbox 371 3992 467 4062; x_wconf 90' lang='lat' dir='ltr'>qui</span> <span class='ocrx_word' id='word_1_402' title='bbox 499 3998 708 4064; x_wconf 91' lang='lat' dir='ltr'>sponte</span> <span class='ocrx_word' id='word_1_403' title='bbox 729 4009 836 4065; x_wconf 89' lang='lat' dir='ltr'>pro</span> <span class='ocrx_word' id='word_1_404' title='bbox 862 3996 979 4052; x_wconf 90' lang='lat' dir='ltr'>Deo</span> <span class='ocrx_word' id='word_1_405' title='bbox 1009 3996 1368 4061; x_wconf 85' lang='lat' dir='ltr'>humiliatur.</span> <span class='ocrx_word' id='word_1_406' title='bbox 1404 4000 1521 4056; x_wconf 85' lang='lat' dir='ltr'>Hoc</span> <span class='ocrx_word' id='word_1_407' title='bbox 1567 4015 1707 4071; x_wconf 89' lang='lat' dir='ltr'>ergo</span> <span class='ocrx_word' id='word_1_408' title='bbox 1757 3999 1885 4070; x_wconf 89' lang='lat' dir='ltr'>ejus</span> 
     </span>
    </p>
   </div>
   <div class='ocr_carea' id='block_1_58' title="bbox 242 4081 1881 4157">
    <p class='ocr_par' dir='ltr' id='par_1_58' title="bbox 242 4081 1881 4157">
     <span class='ocr_line' id='line_1_58' title="bbox 242 4081 1881 4157; baseline 0.007 -23"><span class='ocrx_word' id='word_1_409' title='bbox 242 4081 457 4136; x_wconf 84' lang='lat' dir='ltr'>factum</span> <span class='ocrx_word' id='word_1_410' title='bbox 481 4082 749 4139; x_wconf 91' lang='lat' dir='ltr'>omnibus</span> <span class='ocrx_word' id='word_1_411' title='bbox 783 4083 889 4140; x_wconf 88' lang='lat' dir='ltr'>fuit</span> <span class='ocrx_word' id='word_1_412' title='bbox 921 4084 1204 4142; x_wconf 87' lang='lat' dir='ltr'>miraculo</span> <span class='ocrx_word' id='word_1_413' title='bbox 1233 4090 1290 4141; x_wconf 90' lang='lat' dir='ltr'>et</span> <span class='ocrx_word' id='word_1_414' title='bbox 1324 4086 1481 4144; x_wconf 90' lang='lat' dir='ltr'>laudi</span> <span class='ocrx_word' id='word_1_415' title='bbox 1539 4089 1736 4145; x_wconf 89' lang='lat' dir='ltr'>datum</span> <span class='ocrx_word' id='word_1_416' title='bbox 1770 4093 1881 4157; x_wconf 90' lang='lat' dir='ltr'>est,</span> 
     </span>
    </p>
   </div>
   <div class='ocr_carea' id='block_1_59' title="bbox 241 4169 1887 4246">
    <p class='ocr_par' dir='ltr' id='par_1_59' title="bbox 241 4169 1887 4246">
     <span class='ocr_line' id='line_1_59' title="bbox 241 4169 1887 4246; baseline 0.007 -23"><span class='ocrx_word' id='word_1_417' title='bbox 241 4169 398 4239; x_wconf 89' lang='lat' dir='ltr'>quod</span> <span class='ocrx_word' id='word_1_418' title='bbox 428 4184 540 4225; x_wconf 92' lang='lat' dir='ltr'>non</span> <span class='ocrx_word' id='word_1_419' title='bbox 564 4186 669 4241; x_wconf 91' lang='lat' dir='ltr'>pro</span> <span class='ocrx_word' id='word_1_420' title='bbox 701 4169 872 4227; x_wconf 89' lang='lat' dir='ltr'>laude</span> <span class='ocrx_word' id='word_1_421' title='bbox 905 4172 1338 4245; x_wconf 91' lang='lat' dir='ltr'>bominum,sed</span> <span class='ocrx_word' id='word_1_422' title='bbox 1355 4191 1460 4246; x_wconf 92' lang='lat' dir='ltr'>pro</span> <span class='ocrx_word' id='word_1_423' title='bbox 1489 4177 1684 4233; x_wconf 92' lang='lat' dir='ltr'>divino</span> <span class='ocrx_word' id='word_1_424' title='bbox 1710 4178 1887 4235; x_wconf 83' lang='lat' dir='ltr'>famu-</span> 
     </span>
    </p>
   </div>
   <div class='ocr_carea' id='block_1_60' title="bbox 242 4257 1887 4330">
    <p class='ocr_par' dir='ltr' id='par_1_60' title="bbox 242 4257 1887 4330">
     <span class='ocr_line' id='line_1_60' title="bbox 242 4257 1887 4330; baseline 0.007 -18"><span class='ocrx_word' id='word_1_425' title='bbox 242 4257 373 4313; x_wconf 91' lang='lat' dir='ltr'>litio</span> <span class='ocrx_word' id='word_1_426' title='bbox 403 4262 462 4314; x_wconf 89' lang='lat' dir='ltr'>et</span> <span class='ocrx_word' id='word_1_427' title='bbox 493 4264 732 4330; x_wconf 87' lang='lat' dir='ltr'>paterna</span> <span class='ocrx_word' id='word_1_428' title='bbox 755 4262 1087 4318; x_wconf 88' lang='lat' dir='ltr'>reverentia</span> <span class='ocrx_word' id='word_1_429' title='bbox 1111 4262 1471 4320; x_wconf 87' lang='lat' dir='ltr'>celebratum</span> <span class='ocrx_word' id='word_1_430' title='bbox 1496 4269 1609 4321; x_wconf 90' lang='lat' dir='ltr'>est.</span> <span class='ocrx_word' id='word_1_431' title='bbox 1637 4267 1775 4321; x_wconf 87' lang='lat' dir='ltr'>Nam</span> <span class='ocrx_word' id='word_1_432' title='bbox 1800 4280 1887 4323; x_wconf 89' lang='lat' dir='ltr'>re-</span> 
     </span>
    </p>
   </div>
   <div class='ocr_carea' id='block_1_61' title="bbox 240 4346 1890 4417">
    <p class='ocr_par' dir='ltr' id='par_1_61' title="bbox 240 4346 1890 4417">
     <span class='ocr_line' id='line_1_61' title="bbox 240 4346 1890 4417; baseline 0.006 -16"><span class='ocrx_word' id='word_1_433' title='bbox 240 4346 830 4417; x_wconf 81' lang='lat' dir='ltr'>galismagniﬁcentia</span> <span class='ocrx_word' id='word_1_434' title='bbox 846 4349 1237 4406; x_wconf 88' lang='lat' dir='ltr'>humilitatem</span> <span class='ocrx_word' id='word_1_435' title='bbox 1253 4351 1580 4409; x_wconf 89' lang='lat' dir='ltr'>nobilitatis</span> <span class='ocrx_word' id='word_1_436' title='bbox 1606 4352 1761 4411; x_wconf 92' lang='lat' dir='ltr'>illius</span> <span class='ocrx_word' id='word_1_437' title='bbox 1774 4369 1890 4410; x_wconf 88' lang='lat' dir='ltr'>am-</span> 
     </span>
    </p>
   </div>
   <div class='ocr_carea' id='block_1_62' title="bbox 242 4435 1890 4509">
    <p class='ocr_par' dir='ltr' id='par_1_62' title="bbox 242 4435 1890 4509">
     <span class='ocr_line' id='line_1_62' title="bbox 242 4435 1890 4509; baseline 0.005 -19"><span class='ocrx_word' id='word_1_438' title='bbox 242 4435 501 4507; x_wconf 84' lang='lat' dir='ltr'>plexata,</span> <span class='ocrx_word' id='word_1_439' title='bbox 536 4436 950 4509; x_wconf 88' lang='lat' dir='ltr'>Christumque</span> <span class='ocrx_word' id='word_1_440' title='bbox 986 4438 1041 4494; x_wconf 92' lang='lat' dir='ltr'>in</span> <span class='ocrx_word' id='word_1_441' title='bbox 1077 4438 1291 4495; x_wconf 81' lang='lat' dir='ltr'>famulo</span> <span class='ocrx_word' id='word_1_442' title='bbox 1322 4454 1429 4497; x_wconf 90' lang='lat' dir='ltr'>suo</span> <span class='ocrx_word' id='word_1_443' title='bbox 1461 4441 1673 4498; x_wconf 90' lang='lat' dir='ltr'>devote</span> <span class='ocrx_word' id='word_1_444' title='bbox 1720 4456 1890 4500; x_wconf 91' lang='lat' dir='ltr'>vene-</span> 
     </span>
    </p>
   </div>
   <div class='ocr_carea' id='block_1_63' title="bbox 246 4526 1889 4603">
    <p class='ocr_par' dir='ltr' id='par_1_63' title="bbox 246 4526 1889 4603">
     <span class='ocr_line' id='line_1_63' title="bbox 246 4526 1889 4603; baseline 0.005 -25"><span class='ocrx_word' id='word_1_445' title='bbox 246 4528 394 4594; x_wconf 88' lang='lat' dir='ltr'>rata,</span> <span class='ocrx_word' id='word_1_446' title='bbox 420 4539 549 4582; x_wconf 88' lang='lat' dir='ltr'>cum</span> <span class='ocrx_word' id='word_1_447' title='bbox 580 4539 711 4582; x_wconf 90' lang='lat' dir='ltr'>eum</span> <span class='ocrx_word' id='word_1_448' title='bbox 743 4527 815 4583; x_wconf 91' lang='lat' dir='ltr'>ad</span> <span class='ocrx_word' id='word_1_449' title='bbox 848 4540 909 4584; x_wconf 91' lang='lat' dir='ltr'>se</span> <span class='ocrx_word' id='word_1_450' title='bbox 941 4526 1273 4599; x_wconf 88' lang='lat' dir='ltr'>invitasset,</span> <span class='ocrx_word' id='word_1_451' title='bbox 1310 4534 1370 4585; x_wconf 92' lang='lat' dir='ltr'>et</span> <span class='ocrx_word' id='word_1_452' title='bbox 1427 4527 1525 4586; x_wconf 90' lang='lat' dir='ltr'>ille</span> <span class='ocrx_word' id='word_1_453' title='bbox 1560 4543 1592 4586; x_wconf 91' lang='lat' dir='ltr'>a</span> <span class='ocrx_word' id='word_1_454' title='bbox 1638 4531 1889 4603; x_wconf 88' lang='lat' dir='ltr'>pedibus</span> 
     </span>
    </p>
   </div>
   <div class='ocr_carea' id='block_1_64' title="bbox 1981 2045 3622 2117">
    <p class='ocr_par' dir='ltr' id='par_1_64' title="bbox 1981 2045 3622 2117">
     <span class='ocr_line' id='line_1_64' title="bbox 1981 2045 3622 2117; baseline -0.002 -13"><span class='ocrx_word' id='word_1_455' title='bbox 1981 2047 2239 2115; x_wconf 87' lang='lat' dir='ltr'>nio;alii</span> <span class='ocrx_word' id='word_1_456' title='bbox 2272 2049 2425 2106; x_wconf 82' lang='lat' dir='ltr'>filios</span> <span class='ocrx_word' id='word_1_457' title='bbox 2455 2063 2596 2106; x_wconf 91' lang='lat' dir='ltr'>suos</span> <span class='ocrx_word' id='word_1_458' title='bbox 2627 2050 2680 2105; x_wconf 91' lang='lat' dir='ltr'>ei</span> <span class='ocrx_word' id='word_1_459' title='bbox 2740 2048 3067 2105; x_wconf 79' lang='lat' dir='ltr'>offerebant</span> <span class='ocrx_word' id='word_1_460' title='bbox 3124 2045 3500 2117; x_wconf 88' lang='lat' dir='ltr'>erudiendos,</span> <span class='ocrx_word' id='word_1_461' title='bbox 3561 2049 3622 2102; x_wconf 92' lang='lat' dir='ltr'>ut</span> 
     </span>
    </p>
   </div>
   <div class='ocr_carea' id='block_1_65' title="bbox 1981 2134 3626 2208">
    <p class='ocr_par' dir='ltr' id='par_1_65' title="bbox 1981 2134 3626 2208">
     <span class='ocr_line' id='line_1_65' title="bbox 1981 2134 3626 2208; baseline -0.002 -14"><span class='ocrx_word' id='word_1_462' title='bbox 1981 2137 2427 2208; x_wconf 88' lang='lat' dir='ltr'>videreturjam</span> <span class='ocrx_word' id='word_1_463' title='bbox 2463 2138 2877 2196; x_wconf 88' lang='lat' dir='ltr'>monasterium</span> <span class='ocrx_word' id='word_1_464' title='bbox 2935 2137 3061 2207; x_wconf 91' lang='lat' dir='ltr'>ejus</span> <span class='ocrx_word' id='word_1_465' title='bbox 3110 2135 3484 2192; x_wconf 89' lang='lat' dir='ltr'>monasteriis</span> <span class='ocrx_word' id='word_1_466' title='bbox 3535 2134 3626 2190; x_wconf 85' lang='lat' dir='ltr'>Ni-</span> 
     </span>
    </p>
   </div>
   <div class='ocr_carea' id='block_1_66' title="bbox 1983 2224 3626 2300">
    <p class='ocr_par' dir='ltr' id='par_1_66' title="bbox 1983 2224 3626 2300">
     <span class='ocr_line' id='line_1_66' title="bbox 1983 2224 3626 2300; baseline -0.001 -19"><span class='ocrx_word' id='word_1_467' title='bbox 1983 2227 2112 2283; x_wconf 66' lang='lat' dir='ltr'>trite</span> <span class='ocrx_word' id='word_1_468' title='bbox 2145 2227 2257 2299; x_wconf 78' lang='grc'>(84)</span> <span class='ocrx_word' id='word_1_469' title='bbox 2287 2226 2378 2283; x_wconf 87' lang='lat' dir='ltr'>vel</span> <span class='ocrx_word' id='word_1_470' title='bbox 2397 2228 2621 2300; x_wconf 67' lang='lat' dir='ltr'>Egypti</span> <span class='ocrx_word' id='word_1_471' title='bbox 2648 2226 3061 2284; x_wconf 82' lang='lat' dir='ltr'>conferendum</span> <span class='ocrx_word' id='word_1_472' title='bbox 3078 2240 3183 2297; x_wconf 89' lang='lat' dir='ltr'>pro</span> <span class='ocrx_word' id='word_1_473' title='bbox 3207 2224 3626 2281; x_wconf 81' lang='lat' dir='ltr'>numerositate</span> 
     </span>
    </p>
   </div>
   <div class='ocr_carea' id='block_1_67' title="bbox 1983 2313 3629 2387">
    <p class='ocr_par' dir='ltr' id='par_1_67' title="bbox 1983 2313 3629 2387">
     <span class='ocr_line' id='line_1_67' title="bbox 1983 2313 3629 2387; baseline -0.001 -16"><span class='ocrx_word' id='word_1_474' title='bbox 1983 2316 2238 2372; x_wconf 85' lang='lat' dir='ltr'>fidelium</span> <span class='ocrx_word' id='word_1_475' title='bbox 2272 2315 2373 2371; x_wconf 90' lang='lat' dir='ltr'>illo</span> <span class='ocrx_word' id='word_1_476' title='bbox 2400 2316 2841 2386; x_wconf 85' lang='lat' dir='ltr'>conﬂuentium,</span> <span class='ocrx_word' id='word_1_477' title='bbox 2866 2314 2963 2386; x_wconf 90' lang='lat' dir='ltr'>qui</span> <span class='ocrx_word' id='word_1_478' title='bbox 2992 2316 3309 2387; x_wconf 90' lang='lat' dir='ltr'>velutapes</span> <span class='ocrx_word' id='word_1_479' title='bbox 3351 2314 3420 2370; x_wconf 91' lang='lat' dir='ltr'>ad</span> <span class='ocrx_word' id='word_1_480' title='bbox 3440 2313 3629 2370; x_wconf 88' lang='lat' dir='ltr'>alvea-</span> 
     </span>
    </p>
   </div>
   <div class='ocr_carea' id='block_1_68' title="bbox 1984 2402 3627 2476">
    <p class='ocr_par' dir='ltr' id='par_1_68' title="bbox 1984 2402 3627 2476">
     <span class='ocr_line' id='line_1_68' title="bbox 1984 2402 3627 2476; baseline -0.001 -15"><span class='ocrx_word' id='word_1_481' title='bbox 1984 2405 2068 2461; x_wconf 90' lang='lat' dir='ltr'>ria</span> <span class='ocrx_word' id='word_1_482' title='bbox 2101 2404 2357 2476; x_wconf 91' lang='lat' dir='ltr'>undique</span> <span class='ocrx_word' id='word_1_483' title='bbox 2380 2404 2713 2474; x_wconf 88' lang='lat' dir='ltr'>avolabant,</span> <span class='ocrx_word' id='word_1_484' title='bbox 2743 2403 2993 2461; x_wconf 88' lang='lat' dir='ltr'>diversis</span> <span class='ocrx_word' id='word_1_485' title='bbox 3006 2404 3289 2460; x_wconf 91' lang='lat' dir='ltr'>virtutum</span> <span class='ocrx_word' id='word_1_486' title='bbox 3315 2402 3627 2474; x_wconf 90' lang='lat' dir='ltr'>speciebus</span> 
     </span>
    </p>
   </div>
   <div class='ocr_carea' id='block_1_69' title="bbox 1983 2491 3621 2563">
    <p class='ocr_par' dir='ltr' id='par_1_69' title="bbox 1983 2491 3621 2563">
     <span class='ocr_line' id='line_1_69' title="bbox 1983 2491 3621 2563; baseline -0.001 -15"><span class='ocrx_word' id='word_1_487' title='bbox 1983 2494 2177 2549; x_wconf 91' lang='lat' dir='ltr'>onusti</span> <span class='ocrx_word' id='word_1_488' title='bbox 2209 2497 2452 2563; x_wconf 87' lang='lat' dir='ltr'>mentes,</span> <span class='ocrx_word' id='word_1_489' title='bbox 2479 2498 2543 2553; x_wconf 88' lang='lat' dir='ltr'>ut</span> <span class='ocrx_word' id='word_1_490' title='bbox 2573 2491 2688 2549; x_wconf 73' lang='lat' dir='ltr'>illaa</span> <span class='ocrx_word' id='word_1_491' title='bbox 2712 2492 2903 2549; x_wconf 91' lang='lat' dir='ltr'>mellis</span> <span class='ocrx_word' id='word_1_492' title='bbox 2949 2496 3010 2549; x_wconf 91' lang='lat' dir='ltr'>et</span> <span class='ocrx_word' id='word_1_493' title='bbox 3060 2506 3213 2550; x_wconf 72' lang='lat' dir='ltr'>cerae</span> <span class='ocrx_word' id='word_1_494' title='bbox 3264 2491 3621 2548; x_wconf 89' lang='lat' dir='ltr'>indiseretas</span> 
     </span>
    </p>
   </div>
   <div class='ocr_carea' id='block_1_70' title="bbox 1981 2580 3628 2653">
    <p class='ocr_par' dir='ltr' id='par_1_70' title="bbox 1981 2580 3628 2653">
     <span class='ocr_line' id='line_1_70' title="bbox 1981 2580 3628 2653; baseline -0.001 -16"><span class='ocrx_word' id='word_1_495' title='bbox 1981 2581 2256 2638; x_wconf 89' lang='lat' dir='ltr'>cruribus</span> <span class='ocrx_word' id='word_1_496' title='bbox 2269 2582 2591 2653; x_wconf 89' lang='lat' dir='ltr'>etpedibus</span> <span class='ocrx_word' id='word_1_497' title='bbox 2606 2583 2896 2638; x_wconf 87' lang='lat' dir='ltr'>subveunt</span> <span class='ocrx_word' id='word_1_498' title='bbox 2922 2580 3258 2652; x_wconf 90' lang='lat' dir='ltr'>qualitates.</span> <span class='ocrx_word' id='word_1_499' title='bbox 3278 2581 3321 2636; x_wconf 94' lang='grc' dir='ltr'><strong>Ο</strong></span> <span class='ocrx_word' id='word_1_500' title='bbox 3345 2580 3548 2651; x_wconf 91' lang='lat' dir='ltr'>quales</span> <span class='ocrx_word' id='word_1_501' title='bbox 3566 2583 3628 2636; x_wconf 91' lang='lat' dir='ltr'>et</span> 
     </span>
    </p>
   </div>
   <div class='ocr_carea' id='block_1_71' title="bbox 1984 2668 3628 2741">
    <p class='ocr_par' dir='ltr' id='par_1_71' title="bbox 1984 2668 3628 2741">
     <span class='ocr_line' id='line_1_71' title="bbox 1984 2668 3628 2741; baseline 0.001 -16"><span class='ocrx_word' id='word_1_502' title='bbox 1984 2670 2185 2741; x_wconf 91' lang='lat' dir='ltr'>quanti</span> <span class='ocrx_word' id='word_1_503' title='bbox 2203 2670 2312 2726; x_wconf 89' lang='lat' dir='ltr'>viri</span> <span class='ocrx_word' id='word_1_504' title='bbox 2331 2670 2456 2741; x_wconf 91' lang='lat' dir='ltr'>ejus</span> <span class='ocrx_word' id='word_1_505' title='bbox 2470 2668 3161 2739; x_wconf 88' lang='lat' dir='ltr'>clarueruntmagisterio</span> <span class='ocrx_word' id='word_1_506' title='bbox 3186 2671 3197 2724; x_wconf 89' lang='lat'><strong>!</strong></span> <span class='ocrx_word' id='word_1_507' title='bbox 3216 2683 3385 2740; x_wconf 88' lang='lat' dir='ltr'>quam</span> <span class='ocrx_word' id='word_1_508' title='bbox 3401 2668 3628 2740; x_wconf 90' lang='lat' dir='ltr'>preeio-</span> 
     </span>
    </p>
   </div>
   <div class='ocr_carea' id='block_1_72' title="bbox 1987 2757 3627 2829">
    <p class='ocr_par' dir='ltr' id='par_1_72' title="bbox 1987 2757 3627 2829">
     <span class='ocr_line' id='line_1_72' title="bbox 1987 2757 3627 2829; baseline 0 -15"><span class='ocrx_word' id='word_1_509' title='bbox 1987 2772 2049 2814; x_wconf 91' lang='lat' dir='ltr'>sa</span> <span class='ocrx_word' id='word_1_510' title='bbox 2072 2764 2129 2814; x_wconf 90' lang='lat' dir='ltr'>et</span> <span class='ocrx_word' id='word_1_511' title='bbox 2148 2759 2359 2816; x_wconf 88' lang='lat' dir='ltr'>devota</span> <span class='ocrx_word' id='word_1_512' title='bbox 2383 2760 2500 2815; x_wconf 92' lang='lat' dir='ltr'>Deo</span> <span class='ocrx_word' id='word_1_513' title='bbox 2522 2758 2826 2815; x_wconf 90' lang='lat' dir='ltr'>commissa</span> <span class='ocrx_word' id='word_1_514' title='bbox 2848 2757 3315 2829; x_wconf 87' lang='lat' dir='ltr'>eicongregatio,</span> <span class='ocrx_word' id='word_1_515' title='bbox 3339 2757 3627 2814; x_wconf 90' lang='lat' dir='ltr'>doctrinis</span> 
     </span>
    </p>
   </div>
   <div class='ocr_carea' id='block_1_73' title="bbox 1984 2846 3625 2918">
    <p class='ocr_par' dir='ltr' id='par_1_73' title="bbox 1984 2846 3625 2918">
     <span class='ocr_line' id='line_1_73' title="bbox 1984 2846 3625 2918; baseline 0.001 -16"><span class='ocrx_word' id='word_1_516' title='bbox 1984 2848 2111 2918; x_wconf 89' lang='lat' dir='ltr'>ejus</span> <span class='ocrx_word' id='word_1_517' title='bbox 2143 2847 2442 2918; x_wconf 89' lang='lat' dir='ltr'>irradiata,</span> <span class='ocrx_word' id='word_1_518' title='bbox 2497 2852 2555 2903; x_wconf 91' lang='lat' dir='ltr'>et</span> <span class='ocrx_word' id='word_1_519' title='bbox 2608 2846 2890 2905; x_wconf 83' lang='lat' dir='ltr'>exercitio</span> <span class='ocrx_word' id='word_1_520' title='bbox 2952 2846 3191 2903; x_wconf 88' lang='lat' dir='ltr'>artioris</span> <span class='ocrx_word' id='word_1_521' title='bbox 3228 2846 3515 2918; x_wconf 89' lang='lat' dir='ltr'>propositi</span> <span class='ocrx_word' id='word_1_522' title='bbox 3555 2846 3625 2903; x_wconf 88' lang='lat' dir='ltr'>ad</span> 
     </span>
    </p>
   </div>
   <div class='ocr_carea' id='block_1_74' title="bbox 1985 2935 3626 3007">
    <p class='ocr_par' dir='ltr' id='par_1_74' title="bbox 1985 2935 3626 3007">
     <span class='ocr_line' id='line_1_74' title="bbox 1985 2935 3626 3007; baseline -0.001 -14"><span class='ocrx_word' id='word_1_523' title='bbox 1985 2952 2235 3007; x_wconf 85' lang='lat' dir='ltr'>unguem</span> <span class='ocrx_word' id='word_1_524' title='bbox 2259 2937 2564 2993; x_wconf 86' lang='lat' dir='ltr'>informata</span> <span class='ocrx_word' id='word_1_525' title='bbox 2587 2936 2874 2994; x_wconf 90' lang='lat' dir='ltr'>!Probant</span> <span class='ocrx_word' id='word_1_526' title='bbox 2893 2936 3000 2993; x_wconf 89' lang='lat' dir='ltr'>hoc</span> <span class='ocrx_word' id='word_1_527' title='bbox 3024 2935 3223 2992; x_wconf 72' lang='lat' dir='ltr'>Galliae</span> <span class='ocrx_word' id='word_1_528' title='bbox 3238 2941 3297 2991; x_wconf 89' lang='lat' dir='ltr'>et</span> <span class='ocrx_word' id='word_1_529' title='bbox 3312 2936 3626 2992; x_wconf 69' lang='lat' dir='ltr'>Gcrmanize</span> 
     </span>
    </p>
   </div>
   <div class='ocr_carea' id='block_1_75' title="bbox 1985 3024 3632 3097">
    <p class='ocr_par' dir='ltr' id='par_1_75' title="bbox 1985 3024 3632 3097">
     <span class='ocr_line' id='line_1_75' title="bbox 1985 3024 3632 3097; baseline -0.001 -16"><span class='ocrx_word' id='word_1_530' title='bbox 1985 3025 2309 3097; x_wconf 84' lang='lat' dir='ltr'>pontiﬁces,</span> <span class='ocrx_word' id='word_1_531' title='bbox 2338 3025 2516 3082; x_wconf 88' lang='lat' dir='ltr'>duces</span> <span class='ocrx_word' id='word_1_532' title='bbox 2544 3029 2600 3081; x_wconf 88' lang='lat' dir='ltr'>et</span> <span class='ocrx_word' id='word_1_533' title='bbox 2627 3025 2893 3095; x_wconf 91' lang='lat' dir='ltr'>comites,</span> <span class='ocrx_word' id='word_1_534' title='bbox 2916 3039 3114 3081; x_wconf 89' lang='lat' dir='ltr'>amore</span> <span class='ocrx_word' id='word_1_535' title='bbox 3138 3024 3357 3081; x_wconf 90' lang='lat' dir='ltr'>Christi</span> <span class='ocrx_word' id='word_1_536' title='bbox 3407 3024 3632 3080; x_wconf 82' lang='lat' dir='ltr'>ferven-</span> 
     </span>
    </p>
   </div>
   <div class='ocr_carea' id='block_1_76' title="bbox 1984 3111 3630 3185">
    <p class='ocr_par' dir='ltr' id='par_1_76' title="bbox 1984 3111 3630 3185">
     <span class='ocr_line' id='line_1_76' title="bbox 1984 3111 3630 3185; baseline 0.001 -16"><span class='ocrx_word' id='word_1_537' title='bbox 1984 3119 2097 3184; x_wconf 90' lang='lat' dir='ltr'>tes,</span> <span class='ocrx_word' id='word_1_538' title='bbox 2116 3114 2212 3185; x_wconf 93' lang='lat' dir='ltr'>qui</span> <span class='ocrx_word' id='word_1_539' title='bbox 2228 3129 2300 3171; x_wconf 85' lang='lat' dir='ltr'>ex</span> <span class='ocrx_word' id='word_1_540' title='bbox 2316 3115 2666 3171; x_wconf 85' lang='lat' dir='ltr'>monasterio</span> <span class='ocrx_word' id='word_1_541' title='bbox 2679 3119 2737 3170; x_wconf 92' lang='lat' dir='ltr'>et</span> <span class='ocrx_word' id='word_1_542' title='bbox 2752 3113 3106 3185; x_wconf 90' lang='lat' dir='ltr'>discipulatu</span> <span class='ocrx_word' id='word_1_543' title='bbox 3120 3114 3245 3185; x_wconf 91' lang='lat' dir='ltr'>ejus</span> <span class='ocrx_word' id='word_1_544' title='bbox 3260 3111 3630 3170; x_wconf 86' lang='lat' dir='ltr'>monasteriis</span> 
     </span>
    </p>
   </div>
   <div class='ocr_carea' id='block_1_77' title="bbox 1905 3201 3632 3311">
    <p class='ocr_par' dir='ltr' id='par_1_77' title="bbox 1905 3201 3632 3311">
     <span class='ocr_line' id='line_1_77' title="bbox 1905 3201 3632 3311; baseline 0.001 -52"><span class='ocrx_word' id='word_1_545' title='bbox 1905 3245 1957 3311; x_wconf 66' lang='grc' dir='ltr'>α</span> <span class='ocrx_word' id='word_1_546' title='bbox 1987 3217 2134 3273; x_wconf 91' lang='lat' dir='ltr'>quos</span> <span class='ocrx_word' id='word_1_547' title='bbox 2158 3202 2564 3260; x_wconf 89' lang='lat' dir='ltr'>habebantaut</span> <span class='ocrx_word' id='word_1_548' title='bbox 2584 3208 2785 3275; x_wconf 90' lang='lat' dir='ltr'>patres</span> <span class='ocrx_word' id='word_1_549' title='bbox 2808 3201 3226 3275; x_wconf 67' lang='lat' dir='ltr'>prreilciebant,</span> <span class='ocrx_word' id='word_1_550' title='bbox 3255 3204 3363 3259; x_wconf 92' lang='lat' dir='ltr'>sub</span> <span class='ocrx_word' id='word_1_551' title='bbox 3379 3202 3632 3260; x_wconf 88' lang='lat' dir='ltr'>tuitione</span> 
     </span>
    </p>
   </div>
   <div class='ocr_carea' id='block_1_78' title="bbox 1984 3290 3632 3363">
    <p class='ocr_par' dir='ltr' id='par_1_78' title="bbox 1984 3290 3632 3363">
     <span class='ocr_line' id='line_1_78' title="bbox 1984 3290 3632 3363; baseline 0.001 -17"><span class='ocrx_word' id='word_1_552' title='bbox 1984 3296 2178 3348; x_wconf 87' lang='lat' dir='ltr'>tamen</span> <span class='ocrx_word' id='word_1_553' title='bbox 2194 3291 2319 3361; x_wconf 91' lang='lat' dir='ltr'>ejus</span> <span class='ocrx_word' id='word_1_554' title='bbox 2341 3290 2851 3363; x_wconf 91' lang='lat' dir='ltr'>etdisciplina,aut</span> <span class='ocrx_word' id='word_1_555' title='bbox 2875 3291 2922 3347; x_wconf 92' lang='lat' dir='ltr'>si</span> <span class='ocrx_word' id='word_1_556' title='bbox 2940 3296 3140 3362; x_wconf 89' lang='lat' dir='ltr'>patres</span> <span class='ocrx_word' id='word_1_557' title='bbox 3156 3291 3361 3347; x_wconf 91' lang='lat' dir='ltr'>indeha</span> <span class='ocrx_word' id='word_1_558' title='bbox 3373 3292 3511 3348; x_wconf 91' lang='lat' dir='ltr'>bere</span> <span class='ocrx_word' id='word_1_559' title='bbox 3525 3306 3632 3348; x_wconf 88' lang='lat' dir='ltr'>ne-</span> 
     </span>
    </p>
   </div>
   <div class='ocr_carea' id='block_1_79' title="bbox 1989 3379 3634 3452">
    <p class='ocr_par' dir='ltr' id='par_1_79' title="bbox 1989 3379 3634 3452">
     <span class='ocr_line' id='line_1_79' title="bbox 1989 3379 3634 3452; baseline 0.001 -17"><span class='ocrx_word' id='word_1_560' title='bbox 1989 3380 2256 3452; x_wconf 90' lang='lat' dir='ltr'>quibant,</span> <span class='ocrx_word' id='word_1_561' title='bbox 2285 3396 2430 3452; x_wconf 91' lang='lat' dir='ltr'>quos</span> <span class='ocrx_word' id='word_1_562' title='bbox 2448 3381 2519 3437; x_wconf 89' lang='lat' dir='ltr'>de</span> <span class='ocrx_word' id='word_1_563' title='bbox 2541 3380 2662 3437; x_wconf 92' lang='lat' dir='ltr'>suis</span> <span class='ocrx_word' id='word_1_564' title='bbox 2680 3384 2879 3452; x_wconf 90' lang='lat' dir='ltr'>patres</span> <span class='ocrx_word' id='word_1_565' title='bbox 2896 3381 3087 3436; x_wconf 84' lang='lat' dir='ltr'>facere</span> <span class='ocrx_word' id='word_1_566' title='bbox 3120 3379 3471 3449; x_wconf 80' lang='lat' dir='ltr'>deligebant.</span> <span class='ocrx_word' id='word_1_567' title='bbox 3511 3382 3634 3436; x_wconf 86' lang='lat' dir='ltr'>Vir-</span> 
     </span>
    </p>
   </div>
   <div class='ocr_carea' id='block_1_80' title="bbox 1989 3468 3633 3541">
    <p class='ocr_par' dir='ltr' id='par_1_80' title="bbox 1989 3468 3633 3541">
     <span class='ocr_line' id='line_1_80' title="bbox 1989 3468 3633 3541; baseline 0.002 -18"><span class='ocrx_word' id='word_1_568' title='bbox 1989 3468 2123 3526; x_wconf 90' lang='lat' dir='ltr'>duni</span> <span class='ocrx_word' id='word_1_569' title='bbox 2140 3469 3101 3541; x_wconf 88' lang='lat' dir='ltr'>primoprobandos,instituendos</span> <span class='ocrx_word' id='word_1_570' title='bbox 3123 3469 3633 3539; x_wconf 89' lang='lat' dir='ltr'>etmorigerandos</span> 
     </span>
    </p>
   </div>
   <div class='ocr_carea' id='block_1_81' title="bbox 1991 3556 3630 3629">
    <p class='ocr_par' dir='ltr' id='par_1_81' title="bbox 1991 3556 3630 3629">
     <span class='ocr_line' id='line_1_81' title="bbox 1991 3556 3630 3629; baseline -0.001 -16"><span class='ocrx_word' id='word_1_571' title='bbox 1991 3558 2433 3628; x_wconf 87' lang='lat' dir='ltr'>dirigebant.Ex</span> <span class='ocrx_word' id='word_1_572' title='bbox 2452 3557 2665 3629; x_wconf 91' lang='lat' dir='ltr'>quibus</span> <span class='ocrx_word' id='word_1_573' title='bbox 2688 3571 2813 3627; x_wconf 90' lang='lat' dir='ltr'>nos,</span> <span class='ocrx_word' id='word_1_574' title='bbox 2830 3556 3243 3627; x_wconf 91' lang='lat' dir='ltr'>licetjuniorcs</span> <span class='ocrx_word' id='word_1_575' title='bbox 3272 3561 3329 3612; x_wconf 91' lang='lat' dir='ltr'>et</span> <span class='ocrx_word' id='word_1_576' title='bbox 3346 3557 3630 3625; x_wconf 87' lang='lat' dir='ltr'>moderni,</span> 
     </span>
    </p>
   </div>
   <div class='ocr_carea' id='block_1_82' title="bbox 1992 3645 3637 3719">
    <p class='ocr_par' dir='ltr' id='par_1_82' title="bbox 1992 3645 3637 3719">
     <span class='ocr_line' id='line_1_82' title="bbox 1992 3645 3637 3719; baseline 0.001 -19"><span class='ocrx_word' id='word_1_577' title='bbox 1992 3646 2189 3719; x_wconf 88' lang='lat' dir='ltr'>plures</span> <span class='ocrx_word' id='word_1_578' title='bbox 2205 3645 2515 3717; x_wconf 88' lang='lat' dir='ltr'>religiosos</span> <span class='ocrx_word' id='word_1_579' title='bbox 2533 3651 2593 3702; x_wconf 91' lang='lat' dir='ltr'>et</span> <span class='ocrx_word' id='word_1_580' title='bbox 2617 3646 2672 3701; x_wconf 92' lang='lat' dir='ltr'>in</span> <span class='ocrx_word' id='word_1_581' title='bbox 2694 3645 2844 3701; x_wconf 92' lang='lat' dir='ltr'>omni</span> <span class='ocrx_word' id='word_1_582' title='bbox 2865 3646 3085 3702; x_wconf 91' lang='lat' dir='ltr'>theoria</span> <span class='ocrx_word' id='word_1_583' title='bbox 3104 3646 3547 3718; x_wconf 90' lang='lat' dir='ltr'>probatissimos</span> <span class='ocrx_word' id='word_1_584' title='bbox 3562 3646 3637 3702; x_wconf 90' lang='lat' dir='ltr'>vi-</span> 
     </span>
    </p>
   </div>
   <div class='ocr_carea' id='block_1_83' title="bbox 1993 3734 3638 3807">
    <p class='ocr_par' dir='ltr' id='par_1_83' title="bbox 1993 3734 3638 3807">
     <span class='ocr_line' id='line_1_83' title="bbox 1993 3734 3638 3807; baseline -0.001 -16"><span class='ocrx_word' id='word_1_585' title='bbox 1993 3734 2184 3792; x_wconf 89' lang='lat' dir='ltr'>dimus</span> <span class='ocrx_word' id='word_1_586' title='bbox 2196 3736 2377 3807; x_wconf 90' lang='lat' dir='ltr'>viros,</span> <span class='ocrx_word' id='word_1_587' title='bbox 2396 3734 2657 3806; x_wconf 85' lang='lat' dir='ltr'>angelica</span> <span class='ocrx_word' id='word_1_588' title='bbox 2676 3736 2821 3791; x_wconf 88' lang='lat' dir='ltr'>facie</span> <span class='ocrx_word' id='word_1_589' title='bbox 2835 3738 2893 3790; x_wconf 92' lang='lat' dir='ltr'>et</span> <span class='ocrx_word' id='word_1_590' title='bbox 2910 3734 3111 3792; x_wconf 89' lang='lat' dir='ltr'>habitu</span> <span class='ocrx_word' id='word_1_591' title='bbox 3130 3735 3483 3791; x_wconf 88' lang='lat' dir='ltr'>reverendos</span> <span class='ocrx_word' id='word_1_592' title='bbox 3525 3739 3638 3792; x_wconf 88' lang='lat' dir='ltr'>:ut-</span> 
     </span>
    </p>
   </div>
   <div class='ocr_carea' id='block_1_84' title="bbox 1993 3822 3633 3896">
    <p class='ocr_par' dir='ltr' id='par_1_84' title="bbox 1993 3822 3633 3896">
     <span class='ocr_line' id='line_1_84' title="bbox 1993 3822 3633 3896; baseline -0.001 -17"><span class='ocrx_word' id='word_1_593' title='bbox 1993 3838 2067 3880; x_wconf 85' lang='lat' dir='ltr'>ex</span> <span class='ocrx_word' id='word_1_594' title='bbox 2086 3824 2457 3882; x_wconf 90' lang='lat' dir='ltr'>institutione</span> <span class='ocrx_word' id='word_1_595' title='bbox 2474 3822 2898 3894; x_wconf 89' lang='lat' dir='ltr'>discipulorum</span> <span class='ocrx_word' id='word_1_596' title='bbox 2917 3827 3248 3896; x_wconf 89' lang='lat' dir='ltr'>patesceret</span> <span class='ocrx_word' id='word_1_597' title='bbox 3265 3828 3497 3894; x_wconf 69' lang='lat' dir='ltr'>quantm</span> <span class='ocrx_word' id='word_1_598' title='bbox 3530 3823 3633 3879; x_wconf 90' lang='lat' dir='ltr'>reli</span> 
     </span>
    </p>
   </div>
   <div class='ocr_carea' id='block_1_85' title="bbox 1992 3912 3639 3985">
    <p class='ocr_par' dir='ltr' id='par_1_85' title="bbox 1992 3912 3639 3985">
     <span class='ocr_line' id='line_1_85' title="bbox 1992 3912 3639 3985; baseline 0.001 -17"><span class='ocrx_word' id='word_1_599' title='bbox 1992 3912 2183 3982; x_wconf 81' lang='lat' dir='ltr'>gionis</span> <span class='ocrx_word' id='word_1_600' title='bbox 2194 3913 2506 3983; x_wconf 89' lang='lat' dir='ltr'>gravitatis</span> <span class='ocrx_word' id='word_1_601' title='bbox 2520 3915 2577 3969; x_wconf 91' lang='lat' dir='ltr'>et</span> <span class='ocrx_word' id='word_1_602' title='bbox 2594 3912 2973 3985; x_wconf 85' lang='lat' dir='ltr'>perfectionis</span> <span class='ocrx_word' id='word_1_603' title='bbox 2985 3928 3185 3968; x_wconf 89' lang='lat' dir='ltr'>eorum</span> <span class='ocrx_word' id='word_1_604' title='bbox 3202 3913 3477 3982; x_wconf 87' lang='lat' dir='ltr'>magister</span> <span class='ocrx_word' id='word_1_605' title='bbox 3504 3913 3639 3969; x_wconf 79' lang='lat' dir='ltr'>fuis-</span> 
     </span>
    </p>
   </div>
   <div class='ocr_carea' id='block_1_86' title="bbox 1996 4000 3641 4073">
    <p class='ocr_par' dir='ltr' id='par_1_86' title="bbox 1996 4000 3641 4073">
     <span class='ocr_line' id='line_1_86' title="bbox 1996 4000 3641 4073; baseline -0.001 -15"><span class='ocrx_word' id='word_1_606' title='bbox 1996 4004 2107 4071; x_wconf 87' lang='lat' dir='ltr'>set,</span> <span class='ocrx_word' id='word_1_607' title='bbox 2131 4001 2929 4072; x_wconf 84' lang='lat' dir='ltr'>cujuseruditionisdecusin</span> <span class='ocrx_word' id='word_1_608' title='bbox 2964 4001 3407 4073; x_wconf 57' lang='lat' dir='ltr'>discipulorum,</span> <span class='ocrx_word' id='word_1_609' title='bbox 3459 4000 3641 4057; x_wconf 88' lang='lat' dir='ltr'>clare-</span> 
     </span>
    </p>
   </div>
   <div class='ocr_carea' id='block_1_87' title="bbox 1998 4088 3637 4161">
    <p class='ocr_par' dir='ltr' id='par_1_87' title="bbox 1998 4088 3637 4161">
     <span class='ocr_line' id='line_1_87' title="bbox 1998 4088 3637 4161; baseline 0 -15"><span class='ocrx_word' id='word_1_610' title='bbox 1998 4091 2097 4146; x_wconf 88' lang='lat' dir='ltr'>bat</span> <span class='ocrx_word' id='word_1_611' title='bbox 2120 4090 2400 4147; x_wconf 90' lang='lat' dir='ltr'>moribus.</span> <span class='ocrx_word' id='word_1_612' title='bbox 2421 4092 2735 4148; x_wconf 93' lang='lat' dir='ltr'>Crescente</span> <span class='ocrx_word' id='word_1_613' title='bbox 2751 4105 2890 4147; x_wconf 92' lang='lat' dir='ltr'>sane</span> <span class='ocrx_word' id='word_1_614' title='bbox 2935 4103 3176 4146; x_wconf 91' lang='lat' dir='ltr'>numero</span> <span class='ocrx_word' id='word_1_615' title='bbox 3193 4088 3637 4161; x_wconf 88' lang='lat' dir='ltr'>discipulorum,</span> 
     </span>
    </p>
   </div>
   <div class='ocr_carea' id='block_1_88' title="bbox 1996 4177 3638 4248">
    <p class='ocr_par' dir='ltr' id='par_1_88' title="bbox 1996 4177 3638 4248">
     <span class='ocr_line' id='line_1_88' title="bbox 1996 4177 3638 4248; baseline -0.001 -14"><span class='ocrx_word' id='word_1_616' title='bbox 1996 4179 2301 4235; x_wconf 89' lang='lat' dir='ltr'>crescebat</span> <span class='ocrx_word' id='word_1_617' title='bbox 2366 4184 2578 4235; x_wconf 76' lang='lat' dir='ltr'>cenaus</span> <span class='ocrx_word' id='word_1_618' title='bbox 2619 4180 2924 4235; x_wconf 88' lang='lat' dir='ltr'>bonorum.</span> <span class='ocrx_word' id='word_1_619' title='bbox 2978 4177 3148 4248; x_wconf 77' lang='lat' dir='ltr'>(Vita</span> <span class='ocrx_word' id='word_1_620' title='bbox 3192 4178 3506 4235; x_wconf 68' lang='lat' dir='ltr'>Eia/tardi.</span> <span class='ocrx_word' id='word_1_621' title='bbox 3560 4183 3638 4246; x_wconf 78' lang='lat'>9).</span> 
     </span>
    </p>
   </div>
   <div class='ocr_carea' id='block_1_89' title="bbox 2000 4265 3643 4337">
    <p class='ocr_par' dir='ltr' id='par_1_89' title="bbox 2000 4265 3643 4337">
     <span class='ocr_line' id='line_1_89' title="bbox 2000 4265 3643 4337; baseline 0.001 -17"><span class='ocrx_word' id='word_1_622' title='bbox 2000 4266 2268 4323; x_wconf 88' lang='lat' dir='ltr'>Clarebat</span> <span class='ocrx_word' id='word_1_623' title='bbox 2284 4266 2499 4337; x_wconf 89' lang='lat' dir='ltr'>ubique</span> <span class='ocrx_word' id='word_1_624' title='bbox 2513 4281 2722 4323; x_wconf 92' lang='lat' dir='ltr'>nomen</span> <span class='ocrx_word' id='word_1_625' title='bbox 2736 4265 3009 4322; x_wconf 88' lang='lat' dir='ltr'>Richardi</span> <span class='ocrx_word' id='word_1_626' title='bbox 3036 4266 3322 4323; x_wconf 89' lang='lat' dir='ltr'>sanctitas</span> <span class='ocrx_word' id='word_1_627' title='bbox 3348 4266 3474 4335; x_wconf 90' lang='lat' dir='ltr'>ejus</span> <span class='ocrx_word' id='word_1_628' title='bbox 3519 4267 3643 4323; x_wconf 88' lang='lat' dir='ltr'>ubi-</span> 
     </span>
    </p>
   </div>
   <div class='ocr_carea' id='block_1_90' title="bbox 2001 4353 3644 4426">
    <p class='ocr_par' dir='ltr' id='par_1_90' title="bbox 2001 4353 3644 4426">
     <span class='ocr_line' id='line_1_90' title="bbox 2001 4353 3644 4426; baseline -0.001 -15"><span class='ocrx_word' id='word_1_629' title='bbox 2001 4368 2110 4424; x_wconf 91' lang='lat' dir='ltr'>que</span> <span class='ocrx_word' id='word_1_630' title='bbox 2126 4354 2574 4426; x_wconf 69' lang='lat' dir='ltr'>praadicabatur,</span> <span class='ocrx_word' id='word_1_631' title='bbox 2591 4358 2648 4409; x_wconf 93' lang='lat' dir='ltr'>et</span> <span class='ocrx_word' id='word_1_632' title='bbox 2665 4368 2869 4410; x_wconf 92' lang='lat' dir='ltr'>nomen</span> <span class='ocrx_word' id='word_1_633' title='bbox 2887 4353 2981 4410; x_wconf 90' lang='lat' dir='ltr'>Dei</span> <span class='ocrx_word' id='word_1_634' title='bbox 3004 4368 3109 4424; x_wconf 93' lang='lat' dir='ltr'>per</span> <span class='ocrx_word' id='word_1_635' title='bbox 3130 4368 3261 4409; x_wconf 92' lang='lat' dir='ltr'>eum</span> <span class='ocrx_word' id='word_1_636' title='bbox 3284 4353 3644 4410; x_wconf 81' lang='lat' dir='ltr'>clariﬁcaba-</span> 
     </span>
    </p>
   </div>
   <div class='ocr_carea' id='block_1_91' title="bbox 2003 4442 3645 4500">
    <p class='ocr_par' dir='ltr' id='par_1_91' title="bbox 2003 4442 3645 4500">
     <span class='ocr_line' id='line_1_91' title="bbox 2003 4442 3645 4500; baseline 0 -2"><span class='ocrx_word' id='word_1_637' title='bbox 2003 4448 2117 4500; x_wconf 89' lang='lat' dir='ltr'>tur.</span> <span class='ocrx_word' id='word_1_638' title='bbox 2154 4443 2579 4500; x_wconf 85' lang='lat' dir='ltr'>Vidensautem</span> <span class='ocrx_word' id='word_1_639' title='bbox 2619 4442 2904 4500; x_wconf 68' lang='lat' dir='ltr'>aecclesia:</span> <span class='ocrx_word' id='word_1_640' title='bbox 2974 4457 3095 4499; x_wconf 63' lang='lat' dir='ltr'>sure</span> <span class='ocrx_word' id='word_1_641' title='bbox 3137 4442 3532 4499; x_wconf 87' lang='lat' dir='ltr'>vetustissima</span> <span class='ocrx_word' id='word_1_642' title='bbox 3585 4447 3645 4498; x_wconf 92' lang='lat' dir='ltr'>ct</span> 
     </span>
    </p>
   </div>
   <div class='ocr_carea' id='block_1_92' title="bbox 2005 4529 3646 4604">
    <p class='ocr_par' dir='ltr' id='par_1_92' title="bbox 2005 4529 3646 4604">
     <span class='ocr_line' id='line_1_92' title="bbox 2005 4529 3646 4604; baseline -0.001 -16"><span class='ocrx_word' id='word_1_643' title='bbox 2005 4531 2482 4604; x_wconf 88' lang='lat' dir='ltr'>penejamdiruta</span> <span class='ocrx_word' id='word_1_644' title='bbox 2507 4535 2825 4589; x_wconf 90' lang='lat' dir='ltr'>sartatecta</span> <span class='ocrx_word' id='word_1_645' title='bbox 2859 4529 3081 4601; x_wconf 83' lang='lat' dir='ltr'>delegit</span> <span class='ocrx_word' id='word_1_646' title='bbox 3121 4529 3209 4585; x_wconf 91' lang='lat' dir='ltr'>eis</span> <span class='ocrx_word' id='word_1_647' title='bbox 3243 4530 3489 4600; x_wconf 87' lang='lat' dir='ltr'>dejectis</span> <span class='ocrx_word' id='word_1_648' title='bbox 3531 4546 3646 4586; x_wconf 87' lang='lat' dir='ltr'>am-</span> 
     </span>
    </p>
   </div>
   <div class='ocr_carea' id='block_1_93' title="bbox 243 4599 3644 4693">
    <p class='ocr_par' dir='ltr' id='par_1_93' title="bbox 243 4599 3644 4693">
     <span class='ocr_line' id='line_1_93' title="bbox 243 4599 3644 4693; baseline 0.002 -25"><span class='ocrx_word' id='word_1_649' title='bbox 243 4613 436 4683; x_wconf 87' lang='lat' dir='ltr'>patris</span> <span class='ocrx_word' id='word_1_650' title='bbox 463 4614 635 4670; x_wconf 89' lang='lat' dir='ltr'>avelli</span> <span class='ocrx_word' id='word_1_651' title='bbox 667 4614 869 4686; x_wconf 90' lang='lat' dir='ltr'>nollet,</span> <span class='ocrx_word' id='word_1_652' title='bbox 899 4631 1003 4671; x_wconf 85' lang='lat' dir='ltr'>rex</span> <span class='ocrx_word' id='word_1_653' title='bbox 1024 4616 1465 4688; x_wconf 89' lang='lat' dir='ltr'>altioriingenio</span> <span class='ocrx_word' id='word_1_654' title='bbox 1487 4618 1599 4675; x_wconf 91' lang='lat' dir='ltr'>viri</span> <span class='ocrx_word' id='word_1_655' title='bbox 1639 4599 1891 4691; x_wconf 81' lang='lat' dir='ltr'>pruden-</span> <span class='ocrx_word' id='word_1_656' title='bbox 1919 4599 1974 4662; x_wconf 81' lang='lat' dir='ltr'><strong>D</strong></span> <span class='ocrx_word' id='word_1_657' title='bbox 2005 4599 2392 4693; x_wconf 83' lang='lat' dir='ltr'>pliorajacere</span> <span class='ocrx_word' id='word_1_658' title='bbox 2413 4620 2783 4678; x_wconf 85' lang='lat' dir='ltr'>fundamenta</span> <span class='ocrx_word' id='word_1_659' title='bbox 2809 4619 2940 4677; x_wconf 90' lang='lat' dir='ltr'>etin</span> <span class='ocrx_word' id='word_1_660' title='bbox 2996 4599 3297 4674; x_wconf 82' lang='lat' dir='ltr'>meliorem</span> <span class='ocrx_word' id='word_1_661' title='bbox 3339 4622 3553 4675; x_wconf 88' lang='lat' dir='ltr'>statum</span> <span class='ocrx_word' id='word_1_662' title='bbox 3586 4623 3644 4675; x_wconf 89' lang='lat' dir='ltr'>et</span> 
     </span>
    </p>
   </div>
   <div class='ocr_carea' id='block_1_94' title="bbox 232 4701 1889 4774">
    <p class='ocr_par' dir='ltr' id='par_1_94' title="bbox 232 4701 1889 4774">
     <span class='ocr_line' id='line_1_94' title="bbox 232 4701 1889 4774; baseline 0.007 -18"><span class='ocrx_word' id='word_1_663' title='bbox 232 4701 388 4767; x_wconf 69' lang='lat' dir='ltr'>,tiam</span> <span class='ocrx_word' id='word_1_664' title='bbox 420 4702 766 4774; x_wconf 89' lang='lat' dir='ltr'>admiratus,</span> <span class='ocrx_word' id='word_1_665' title='bbox 794 4704 1065 4762; x_wconf 90' lang='lat' dir='ltr'>abbatem</span> <span class='ocrx_word' id='word_1_666' title='bbox 1089 4706 1161 4761; x_wconf 89' lang='lat' dir='ltr'>ad</span> <span class='ocrx_word' id='word_1_667' title='bbox 1194 4721 1257 4762; x_wconf 89' lang='lat' dir='ltr'>se</span> <span class='ocrx_word' id='word_1_668' title='bbox 1289 4712 1593 4764; x_wconf 90' lang='lat' dir='ltr'>evocatum</span> <span class='ocrx_word' id='word_1_669' title='bbox 1628 4723 1661 4765; x_wconf 90' lang='lat' dir='ltr'>e</span> <span class='ocrx_word' id='word_1_670' title='bbox 1704 4709 1889 4767; x_wconf 88' lang='lat' dir='ltr'>latere</span> 
     </span>
    </p>
   </div>
   <div class='ocr_carea' id='block_1_95' title="bbox 248 4790 1891 4865">
    <p class='ocr_par' dir='ltr' id='par_1_95' title="bbox 248 4790 1891 4865">
     <span class='ocr_line' id='line_1_95' title="bbox 248 4790 1891 4865; baseline 0.005 -19"><span class='ocrx_word' id='word_1_671' title='bbox 248 4804 359 4846; x_wconf 90' lang='lat' dir='ltr'>suo</span> <span class='ocrx_word' id='word_1_672' title='bbox 388 4790 595 4848; x_wconf 88' lang='lat' dir='ltr'>sedere</span> <span class='ocrx_word' id='word_1_673' title='bbox 628 4791 786 4863; x_wconf 85' lang='lat' dir='ltr'>fecit,</span> <span class='ocrx_word' id='word_1_674' title='bbox 824 4796 1000 4864; x_wconf 92' lang='lat' dir='ltr'>atque</span> <span class='ocrx_word' id='word_1_675' title='bbox 1032 4798 1165 4865; x_wconf 90' lang='lat' dir='ltr'>post</span> <span class='ocrx_word' id='word_1_676' title='bbox 1193 4809 1323 4852; x_wconf 91' lang='lat' dir='ltr'>eum</span> <span class='ocrx_word' id='word_1_677' title='bbox 1355 4796 1551 4853; x_wconf 91' lang='lat' dir='ltr'>domni</span> <span class='ocrx_word' id='word_1_678' title='bbox 1597 4798 1891 4855; x_wconf 86' lang='lat' dir='ltr'>Frederici</span> 
     </span>
    </p>
   </div>
   <div class='ocr_carea' id='block_1_96' title="bbox 251 4880 1895 4957">
    <p class='ocr_par' dir='ltr' id='par_1_96' title="bbox 251 4880 1895 4957">
     <span class='ocr_line' id='line_1_96' title="bbox 251 4880 1895 4957; baseline 0.005 -21"><span class='ocrx_word' id='word_1_679' title='bbox 251 4880 450 4937; x_wconf 87' lang='lat' dir='ltr'>sedem</span> <span class='ocrx_word' id='word_1_680' title='bbox 484 4880 610 4938; x_wconf 87' lang='lat' dir='ltr'>sisti</span> <span class='ocrx_word' id='word_1_681' title='bbox 635 4882 936 4953; x_wconf 69' lang='lat' dir='ltr'>praecepit.</span> <span class='ocrx_word' id='word_1_682' title='bbox 983 4883 1075 4940; x_wconf 92' lang='lat' dir='ltr'>Sic</span> <span class='ocrx_word' id='word_1_683' title='bbox 1130 4885 1587 4942; x_wconf 85' lang='lat' dir='ltr'>familiaritatem</span> <span class='ocrx_word' id='word_1_684' title='bbox 1635 4888 1791 4957; x_wconf 90' lang='lat' dir='ltr'>regis</span> <span class='ocrx_word' id='word_1_685' title='bbox 1835 4892 1895 4944; x_wconf 89' lang='lat' dir='ltr'>et</span> 
     </span>
    </p>
   </div>
   <div class='ocr_carea' id='block_1_97' title="bbox 252 4968 1893 5046">
    <p class='ocr_par' dir='ltr' id='par_1_97' title="bbox 252 4968 1893 5046">
     <span class='ocr_line' id='line_1_97' title="bbox 252 4968 1893 5046; baseline 0.006 -23"><span class='ocrx_word' id='word_1_686' title='bbox 252 4968 584 5041; x_wconf 88' lang='lat' dir='ltr'>principum</span> <span class='ocrx_word' id='word_1_687' title='bbox 609 4970 855 5043; x_wconf 90' lang='lat' dir='ltr'>adeptus</span> <span class='ocrx_word' id='word_1_688' title='bbox 899 4972 1148 5030; x_wconf 90' lang='lat' dir='ltr'>domnus</span> <span class='ocrx_word' id='word_1_689' title='bbox 1197 4975 1381 5032; x_wconf 88' lang='lat' dir='ltr'>abbas</span> <span class='ocrx_word' id='word_1_690' title='bbox 1436 4975 1783 5046; x_wconf 82' lang='lat' dir='ltr'>Richardus,</span> <span class='ocrx_word' id='word_1_691' title='bbox 1837 4977 1893 5033; x_wconf 88' lang='lat' dir='ltr'>in</span> 
     </span>
    </p>
   </div>
   <div class='ocr_carea' id='block_1_98' title="bbox 253 5058 1897 5135">
    <p class='ocr_par' dir='ltr' id='par_1_98' title="bbox 253 5058 1897 5135">
     <span class='ocr_line' id='line_1_98' title="bbox 253 5058 1897 5135; baseline 0.006 -22"><span class='ocrx_word' id='word_1_692' title='bbox 253 5058 439 5129; x_wconf 89' lang='lat' dir='ltr'>brevi,</span> <span class='ocrx_word' id='word_1_693' title='bbox 457 5058 765 5131; x_wconf 90' lang='lat' dir='ltr'>sapientia,</span> <span class='ocrx_word' id='word_1_694' title='bbox 781 5062 1054 5133; x_wconf 89' lang='lat' dir='ltr'>consilio,</span> <span class='ocrx_word' id='word_1_695' title='bbox 1073 5067 1227 5134; x_wconf 89' lang='lat' dir='ltr'>astu,</span> <span class='ocrx_word' id='word_1_696' title='bbox 1245 5065 1555 5135; x_wconf 90' lang='lat' dir='ltr'>prudentia</span> <span class='ocrx_word' id='word_1_697' title='bbox 1575 5070 1631 5122; x_wconf 92' lang='lat' dir='ltr'>et</span> <span class='ocrx_word' id='word_1_698' title='bbox 1651 5067 1897 5123; x_wconf 89' lang='lat' dir='ltr'>honesta</span> 
     </span>
    </p>
   </div>
   <div class='ocr_carea' id='block_1_99' title="bbox 252 5149 1902 5226">
    <p class='ocr_par' dir='ltr' id='par_1_99' title="bbox 252 5149 1902 5226">
     <span class='ocr_line' id='line_1_99' title="bbox 252 5149 1902 5226; baseline 0.007 -24"><span class='ocrx_word' id='word_1_699' title='bbox 252 5149 701 5206; x_wconf 87' lang='lat' dir='ltr'>conversatione</span> <span class='ocrx_word' id='word_1_700' title='bbox 725 5150 957 5208; x_wconf 89' lang='lat' dir='ltr'>cunctis</span> <span class='ocrx_word' id='word_1_701' title='bbox 973 5152 1381 5209; x_wconf 87' lang='lat' dir='ltr'>manifestatus</span> <span class='ocrx_word' id='word_1_702' title='bbox 1412 5158 1525 5225; x_wconf 89' lang='lat' dir='ltr'>est,</span> <span class='ocrx_word' id='word_1_703' title='bbox 1549 5158 1611 5211; x_wconf 92' lang='lat' dir='ltr'>ut</span> <span class='ocrx_word' id='word_1_704' title='bbox 1640 5153 1697 5210; x_wconf 88' lang='lat' dir='ltr'>in</span> <span class='ocrx_word' id='word_1_705' title='bbox 1730 5170 1902 5226; x_wconf 88' lang='lat' dir='ltr'>nego-</span> 
     </span>
    </p>
   </div>
   <div class='ocr_carea' id='block_1_100' title="bbox 250 5234 1901 5315">
    <p class='ocr_par' dir='ltr' id='par_1_100' title="bbox 250 5234 1901 5315">
     <span class='ocr_line' id='line_1_100' title="bbox 250 5234 1901 5315; baseline 0.008 -25"><span class='ocrx_word' id='word_1_706' title='bbox 250 5234 363 5290; x_wconf 91' lang='lat' dir='ltr'>eiis</span> <span class='ocrx_word' id='word_1_707' title='bbox 393 5236 718 5294; x_wconf 89' lang='lat' dir='ltr'>curialibus</span> <span class='ocrx_word' id='word_1_708' title='bbox 743 5238 1332 5310; x_wconf 89' lang='lat' dir='ltr'>disponendisnullus</span> <span class='ocrx_word' id='word_1_709' title='bbox 1351 5241 1452 5298; x_wconf 92' lang='lat' dir='ltr'>illo</span> <span class='ocrx_word' id='word_1_710' title='bbox 1467 5242 1689 5315; x_wconf 90' lang='lat' dir='ltr'>utilior,</span> <span class='ocrx_word' id='word_1_711' title='bbox 1707 5243 1901 5302; x_wconf 91' lang='lat' dir='ltr'>nullus</span> 
     </span>
    </p>
   </div>
   <div class='ocr_carea' id='block_1_101' title="bbox 252 5322 1902 5401">
    <p class='ocr_par' dir='ltr' id='par_1_101' title="bbox 252 5322 1902 5401">
     <span class='ocr_line' id='line_1_101' title="bbox 252 5322 1902 5401; baseline 0.007 -24"><span class='ocrx_word' id='word_1_712' title='bbox 252 5322 1097 5396; x_wconf 87' lang='lat' dir='ltr'>prudentior,nullusvalidior</span> <span class='ocrx_word' id='word_1_713' title='bbox 1128 5332 1225 5384; x_wconf 90' lang='lat' dir='ltr'>aut</span> <span class='ocrx_word' id='word_1_714' title='bbox 1275 5329 1571 5401; x_wconf 88' lang='lat' dir='ltr'>acceptior</span> <span class='ocrx_word' id='word_1_715' title='bbox 1610 5330 1902 5400; x_wconf 84' lang='lat' dir='ltr'>judicare-</span> 
     </span>
    </p>
   </div>
   <div class='ocr_carea' id='block_1_102' title="bbox 256 5413 1903 5488">
    <p class='ocr_par' dir='ltr' id='par_1_102' title="bbox 256 5413 1903 5488">
     <span class='ocr_line' id='line_1_102' title="bbox 256 5413 1903 5488; baseline 0.007 -22"><span class='ocrx_word' id='word_1_716' title='bbox 256 5415 371 5469; x_wconf 88' lang='lat' dir='ltr'>tur.</span> <span class='ocrx_word' id='word_1_717' title='bbox 389 5413 530 5482; x_wconf 83' lang='lat' dir='ltr'>(Fol.</span> <span class='ocrx_word' id='word_1_718' title='bbox 548 5417 663 5486; x_wconf 87' lang='lat'>76.)</span> <span class='ocrx_word' id='word_1_719' title='bbox 679 5413 894 5471; x_wconf 88' lang='lat' dir='ltr'>Probat</span> <span class='ocrx_word' id='word_1_720' title='bbox 919 5417 1028 5472; x_wconf 93' lang='lat' dir='ltr'>hoc</span> <span class='ocrx_word' id='word_1_721' title='bbox 1040 5416 1382 5488; x_wconf 90' lang='lat' dir='ltr'>principalis</span> <span class='ocrx_word' id='word_1_722' title='bbox 1395 5429 1529 5488; x_wconf 89' lang='lat' dir='ltr'>erga</span> <span class='ocrx_word' id='word_1_723' title='bbox 1546 5431 1676 5475; x_wconf 86' lang='lat' dir='ltr'>eum</span> <span class='ocrx_word' id='word_1_724' title='bbox 1693 5418 1903 5478; x_wconf 89' lang='lat' dir='ltr'>libera-</span> 
     </span>
    </p>
   </div>
   <div class='ocr_carea' id='block_1_103' title="bbox 254 5499 1897 5580">
    <p class='ocr_par' dir='ltr' id='par_1_103' title="bbox 254 5499 1897 5580">
     <span class='ocr_line' id='line_1_103' title="bbox 254 5499 1897 5580; baseline 0.007 -26"><span class='ocrx_word' id='word_1_725' title='bbox 254 5499 416 5573; x_wconf 88' lang='lat' dir='ltr'>litas,</span> <span class='ocrx_word' id='word_1_726' title='bbox 447 5516 558 5573; x_wconf 91' lang='lat' dir='ltr'>qua</span> <span class='ocrx_word' id='word_1_727' title='bbox 581 5517 688 5574; x_wconf 94' lang='lat' dir='ltr'>pro</span> <span class='ocrx_word' id='word_1_728' title='bbox 709 5518 906 5562; x_wconf 90' lang='lat' dir='ltr'>amore</span> <span class='ocrx_word' id='word_1_729' title='bbox 934 5504 1064 5576; x_wconf 90' lang='lat' dir='ltr'>ejus</span> <span class='ocrx_word' id='word_1_730' title='bbox 1092 5505 1473 5577; x_wconf 83' lang='lat' dir='ltr'>Virdunense,</span> <span class='ocrx_word' id='word_1_731' title='bbox 1495 5508 1590 5565; x_wconf 90' lang='lat' dir='ltr'>cui</span> <span class='ocrx_word' id='word_1_732' title='bbox 1622 5515 1897 5580; x_wconf 69' lang='lat' dir='ltr'>praeerat,</span> 
     </span>
    </p>
   </div>
   <div class='ocr_carea' id='block_1_104' title="bbox 2004 4704 3650 4782">
    <p class='ocr_par' dir='ltr' id='par_1_104' title="bbox 2004 4704 3650 4782">
     <span class='ocr_line' id='line_1_104' title="bbox 2004 4704 3650 4782; baseline -0.001 -17"><span class='ocrx_word' id='word_1_733' title='bbox 2004 4708 2348 4766; x_wconf 88' lang='lat' dir='ltr'>nobiliorem</span> <span class='ocrx_word' id='word_1_734' title='bbox 2362 4724 2567 4766; x_wconf 90' lang='lat' dir='ltr'>novam</span> <span class='ocrx_word' id='word_1_735' title='bbox 2582 4709 2898 4782; x_wconf 91' lang='lat' dir='ltr'>compilare</span> <span class='ocrx_word' id='word_1_736' title='bbox 2919 4705 3244 4777; x_wconf 90' lang='lat' dir='ltr'>basilicam,</span> <span class='ocrx_word' id='word_1_737' title='bbox 3270 4704 3420 4776; x_wconf 89' lang='lat' dir='ltr'>quod</span> <span class='ocrx_word' id='word_1_738' title='bbox 3437 4712 3495 4761; x_wconf 90' lang='lat' dir='ltr'>et</span> <span class='ocrx_word' id='word_1_739' title='bbox 3522 4708 3650 4763; x_wconf 91' lang='lat' dir='ltr'>bre-</span> 
     </span>
    </p>
   </div>
   <div class='ocr_carea' id='block_1_105' title="bbox 2004 4795 3653 4868">
    <p class='ocr_par' dir='ltr' id='par_1_105' title="bbox 2004 4795 3653 4868">
     <span class='ocr_line' id='line_1_105' title="bbox 2004 4795 3653 4868; baseline -0.001 -13"><span class='ocrx_word' id='word_1_740' title='bbox 2004 4796 2060 4855; x_wconf 86' lang='lat' dir='ltr'>vi</span> <span class='ocrx_word' id='word_1_741' title='bbox 2075 4801 2269 4855; x_wconf 88' lang='lat' dir='ltr'>actum</span> <span class='ocrx_word' id='word_1_742' title='bbox 2283 4800 2607 4856; x_wconf 90' lang='lat' dir='ltr'>est.Turres</span> <span class='ocrx_word' id='word_1_743' title='bbox 2620 4798 2771 4854; x_wconf 90' lang='lat' dir='ltr'>enim</span> <span class='ocrx_word' id='word_1_744' title='bbox 2786 4796 3053 4855; x_wconf 72' lang='lat' dir='ltr'>ecclesia:</span> <span class='ocrx_word' id='word_1_745' title='bbox 3069 4795 3256 4868; x_wconf 89' lang='lat' dir='ltr'>ipsius</span> <span class='ocrx_word' id='word_1_746' title='bbox 3271 4795 3514 4852; x_wconf 88' lang='lat' dir='ltr'>domnus</span> <span class='ocrx_word' id='word_1_747' title='bbox 3528 4799 3653 4855; x_wconf 80' lang='lat' dir='ltr'>Fre-</span> 
     </span>
    </p>
   </div>
   <div class='ocr_carea' id='block_1_106' title="bbox 2008 4884 3651 4957">
    <p class='ocr_par' dir='ltr' id='par_1_106' title="bbox 2008 4884 3651 4957">
     <span class='ocr_line' id='line_1_106' title="bbox 2008 4884 3651 4957; baseline 0 -14"><span class='ocrx_word' id='word_1_748' title='bbox 2008 4886 3086 4957; x_wconf 83' lang='lat' dir='ltr'>dericusexsuol‘ecit,ctccllariumet</span> <span class='ocrx_word' id='word_1_749' title='bbox 3128 4884 3499 4941; x_wconf 80' lang='lat' dir='ltr'>reie&#39;ctorium</span> <span class='ocrx_word' id='word_1_750' title='bbox 3542 4888 3651 4943; x_wconf 84' lang='lat' dir='ltr'>fra-</span> 
     </span>
    </p>
   </div>
   <div class='ocr_carea' id='block_1_107' title="bbox 2010 4974 3650 5049">
    <p class='ocr_par' dir='ltr' id='par_1_107' title="bbox 2010 4974 3650 5049">
     <span class='ocr_line' id='line_1_107' title="bbox 2010 4974 3650 5049; baseline -0.001 -20"><span class='ocrx_word' id='word_1_751' title='bbox 2010 4977 2184 5031; x_wconf 90' lang='lat' dir='ltr'>trum.</span> <span class='ocrx_word' id='word_1_752' title='bbox 2215 4974 2307 5044; x_wconf 72' lang='lat'>(0.</span> <span class='ocrx_word' id='word_1_753' title='bbox 2336 4975 2498 5032; x_wconf 73' lang='lat' dir='ltr'>Vird.</span> <span class='ocrx_word' id='word_1_754' title='bbox 2517 4977 2595 5049; x_wconf 85' lang='lat'>9.)</span> <span class='ocrx_word' id='word_1_755' title='bbox 2610 4975 3025 5034; x_wconf 90' lang='lat' dir='ltr'>Dormitorium</span> <span class='ocrx_word' id='word_1_756' title='bbox 3040 4986 3179 5031; x_wconf 88' lang='lat' dir='ltr'>vero</span> <span class='ocrx_word' id='word_1_757' title='bbox 3204 4995 3332 5037; x_wconf 85' lang='lat' dir='ltr'>cum</span> <span class='ocrx_word' id='word_1_758' title='bbox 3362 4976 3650 5047; x_wconf 83' lang='lat' dir='ltr'>dejectum</span> 
     </span>
    </p>
   </div>
   <div class='ocr_carea' id='block_1_108' title="bbox 2015 5065 3656 5139">
    <p class='ocr_par' dir='ltr' id='par_1_108' title="bbox 2015 5065 3656 5139">
     <span class='ocr_line' id='line_1_108' title="bbox 2015 5065 3656 5139; baseline 0.002 -21"><span class='ocrx_word' id='word_1_759' title='bbox 2015 5068 2514 5133; x_wconf 87' lang='lat' dir='ltr'>restrueretur,et</span> <span class='ocrx_word' id='word_1_760' title='bbox 2533 5065 2866 5122; x_wconf 87' lang='lat' dir='ltr'>necessaria</span> <span class='ocrx_word' id='word_1_761' title='bbox 2912 5067 3116 5124; x_wconf 90' lang='lat' dir='ltr'>domus</span> <span class='ocrx_word' id='word_1_762' title='bbox 3179 5072 3505 5139; x_wconf 86' lang='lat' dir='ltr'>pararetur,</span> <span class='ocrx_word' id='word_1_763' title='bbox 3550 5080 3656 5121; x_wconf 87' lang='lat' dir='ltr'>nec</span> 
     </span>
    </p>
   </div>
   <div class='ocr_carea' id='block_1_109' title="bbox 2017 5153 3656 5226">
    <p class='ocr_par' dir='ltr' id='par_1_109' title="bbox 2017 5153 3656 5226">
     <span class='ocr_line' id='line_1_109' title="bbox 2017 5153 3656 5226; baseline -0.001 -17"><span class='ocrx_word' id='word_1_764' title='bbox 2017 5156 2217 5223; x_wconf 90' lang='lat' dir='ltr'>posset</span> <span class='ocrx_word' id='word_1_765' title='bbox 2242 5166 2390 5208; x_wconf 91' lang='lat' dir='ltr'>nova</span> <span class='ocrx_word' id='word_1_766' title='bbox 2433 5153 2751 5224; x_wconf 88' lang='lat' dir='ltr'>pararinisi</span> <span class='ocrx_word' id='word_1_767' title='bbox 2790 5158 2962 5212; x_wconf 88' lang='lat' dir='ltr'>vetus</span> <span class='ocrx_word' id='word_1_768' title='bbox 3008 5157 3410 5226; x_wconf 90' lang='lat' dir='ltr'>mundarctur,</span> <span class='ocrx_word' id='word_1_769' title='bbox 3464 5169 3656 5211; x_wconf 85' lang='lat' dir='ltr'>accer-</span> 
     </span>
    </p>
   </div>
   <div class='ocr_carea' id='block_1_110' title="bbox 2013 5240 3653 5314">
    <p class='ocr_par' dir='ltr' id='par_1_110' title="bbox 2013 5240 3653 5314">
     <span class='ocr_line' id='line_1_110' title="bbox 2013 5240 3653 5314; baseline 0.001 -16"><span class='ocrx_word' id='word_1_770' title='bbox 2013 5240 2145 5298; x_wconf 90' lang='lat' dir='ltr'>sitis</span> <span class='ocrx_word' id='word_1_771' title='bbox 2199 5256 2444 5312; x_wconf 90' lang='lat' dir='ltr'>quorum</span> <span class='ocrx_word' id='word_1_772' title='bbox 2485 5246 2643 5299; x_wconf 87' lang='lat' dir='ltr'>esset</span> <span class='ocrx_word' id='word_1_773' title='bbox 2684 5243 2880 5314; x_wconf 88' lang='lat' dir='ltr'>cperis</span> <span class='ocrx_word' id='word_1_774' title='bbox 2927 5247 2986 5299; x_wconf 89' lang='lat' dir='ltr'>et</span> <span class='ocrx_word' id='word_1_775' title='bbox 3027 5245 3206 5301; x_wconf 89' lang='lat' dir='ltr'>studii</span> <span class='ocrx_word' id='word_1_776' title='bbox 3278 5246 3333 5301; x_wconf 87' lang='lat' dir='ltr'>id</span> <span class='ocrx_word' id='word_1_777' title='bbox 3393 5244 3653 5314; x_wconf 83' lang='lat' dir='ltr'>explere,</span> 
     </span>
    </p>
   </div>
   <div class='ocr_carea' id='block_1_111' title="bbox 2013 5329 3655 5403">
    <p class='ocr_par' dir='ltr' id='par_1_111' title="bbox 2013 5329 3655 5403">
     <span class='ocr_line' id='line_1_111' title="bbox 2013 5329 3655 5403; baseline 0 -17"><span class='ocrx_word' id='word_1_778' title='bbox 2013 5344 2143 5387; x_wconf 89' lang='lat' dir='ltr'>cum</span> <span class='ocrx_word' id='word_1_779' title='bbox 2202 5330 2381 5400; x_wconf 89' lang='lat' dir='ltr'>aliqui</span> <span class='ocrx_word' id='word_1_780' title='bbox 2439 5329 2691 5399; x_wconf 82' lang='lat' dir='ltr'>illorum.</span> <span class='ocrx_word' id='word_1_781' title='bbox 2762 5336 2823 5387; x_wconf 89' lang='lat' dir='ltr'>ut</span> <span class='ocrx_word' id='word_1_782' title='bbox 2856 5331 3138 5403; x_wconf 90' lang='lat' dir='ltr'>assolent,</span> <span class='ocrx_word' id='word_1_783' title='bbox 3210 5335 3655 5401; x_wconf 88' lang='lat' dir='ltr'>erubescerent,</span> 
     </span>
    </p>
   </div>
   <div class='ocr_carea' id='block_1_112' title="bbox 2018 5420 3657 5493">
    <p class='ocr_par' dir='ltr' id='par_1_112' title="bbox 2018 5420 3657 5493">
     <span class='ocr_line' id='line_1_112' title="bbox 2018 5420 3657 5493; baseline 0 -17"><span class='ocrx_word' id='word_1_784' title='bbox 2018 5426 2078 5476; x_wconf 89' lang='lat' dir='ltr'>et</span> <span class='ocrx_word' id='word_1_785' title='bbox 2106 5435 2311 5477; x_wconf 89' lang='lat' dir='ltr'>manus</span> <span class='ocrx_word' id='word_1_786' title='bbox 2355 5432 2647 5491; x_wconf 88' lang='lat' dir='ltr'>apponere</span> <span class='ocrx_word' id='word_1_787' title='bbox 2706 5421 2760 5475; x_wconf 91' lang='lat' dir='ltr'>in</span> <span class='ocrx_word' id='word_1_788' title='bbox 2792 5420 3170 5478; x_wconf 84' lang='lat' dir='ltr'>subvehendo</span> <span class='ocrx_word' id='word_1_789' title='bbox 3219 5420 3371 5493; x_wconf 89' lang='lat' dir='ltr'>quod</span> <span class='ocrx_word' id='word_1_790' title='bbox 3423 5421 3657 5478; x_wconf 87' lang='lat' dir='ltr'>munda-</span> 
     </span>
    </p>
   </div>
   <div class='ocr_carea' id='block_1_113' title="bbox 2022 5508 3659 5581">
    <p class='ocr_par' dir='ltr' id='par_1_113' title="bbox 2022 5508 3659 5581">
     <span class='ocr_line' id='line_1_113' title="bbox 2022 5508 3659 5581; baseline 0 -14"><span class='ocrx_word' id='word_1_791' title='bbox 2022 5513 2194 5568; x_wconf 89' lang='lat' dir='ltr'>batur</span> <span class='ocrx_word' id='word_1_792' title='bbox 2256 5508 2755 5578; x_wconf 84' lang='lat' dir='ltr'>subterfugercnt,</span> <span class='ocrx_word' id='word_1_793' title='bbox 2825 5509 2911 5565; x_wconf 91' lang='lat' dir='ltr'>vir</span> <span class='ocrx_word' id='word_1_794' title='bbox 2970 5510 3316 5569; x_wconf 89' lang='lat' dir='ltr'>humilitatis</span> <span class='ocrx_word' id='word_1_795' title='bbox 3361 5515 3418 5567; x_wconf 93' lang='lat' dir='ltr'>ct</span> <span class='ocrx_word' id='word_1_796' title='bbox 3454 5511 3659 5581; x_wconf 64' lang='lat' dir='ltr'>gratiae</span> 
     </span>
    </p>
   </div>
   <div class='ocr_carea' id='block_1_114' title="bbox 1843 5635 2064 5692">
    <p class='ocr_par' dir='ltr' id='par_1_114' title="bbox 1843 5635 2064 5692">
     <span class='ocr_line' id='line_1_114' title="bbox 1843 5635 2064 5692; baseline 0.009 -2"><span class='ocrx_word' id='word_1_797' title='bbox 1843 5635 2064 5692; x_wconf 70' lang='lat' dir='ltr'>NOTAE.</span> 
     </span>
    </p>
   </div>
   <div class='ocr_carea' id='block_1_115' title="bbox 332 5698 1409 5773">
    <p class='ocr_par' dir='ltr' id='par_1_115' title="bbox 332 5698 1409 5773">
     <span class='ocr_line' id='line_1_115' title="bbox 332 5698 1409 5773; baseline 0.005 -18"><span class='ocrx_word' id='word_1_798' title='bbox 332 5698 389 5769; x_wconf 91' lang='lat'>(8</span> <span class='ocrx_word' id='word_1_799' title='bbox 401 5698 456 5771; x_wconf 73' lang='grc'>4)</span> <span class='ocrx_word' id='word_1_800' title='bbox 490 5698 684 5771; x_wconf 82' lang='lat' dir='ltr'>Pagus</span> <span class='ocrx_word' id='word_1_801' title='bbox 713 5714 889 5773; x_wconf 89' lang='lat' dir='ltr'>supra</span> <span class='ocrx_word' id='word_1_802' title='bbox 912 5699 1215 5772; x_wconf 79' lang='lat' dir='ltr'>Memphim</span> <span class='ocrx_word' id='word_1_803' title='bbox 1239 5700 1409 5760; x_wconf 85' lang='lat' dir='ltr'>situs.</span> 
     </span>
    </p>
   </div>
  </div>
