  <div class='ocr_page' id='page_1' title='image "/cluster/home/n/w/nwhite01/storage/ocr_20150623/153-154/uc1.31175019678096/695.png"; bbox 0 0 3922 6396; ppageno 0'>
   <div class='ocr_carea' id='block_1_1' title="bbox 301 360 418 427">
    <p class='ocr_par' dir='ltr' id='par_1_1' title="bbox 301 360 418 427">
     <span class='ocr_line' id='line_1_1' title="bbox 301 360 418 427; baseline -0.034 0"><span class='ocrx_word' id='word_1_1' title='bbox 301 360 418 427; x_wconf 71' lang='lat' dir='ltr'><strong>sev</strong></span> 
     </span>
    </p>
   </div>
   <div class='ocr_carea' id='block_1_2' title="bbox 1262 366 2754 438">
    <p class='ocr_par' dir='ltr' id='par_1_2' title="bbox 1262 366 2754 438">
     <span class='ocr_line' id='line_1_2' title="bbox 1262 366 2754 438; baseline -0.001 -5"><span class='ocrx_word' id='word_1_2' title='bbox 1262 368 1629 438; x_wconf 79' lang='lat' dir='ltr'><strong>HUGONIB</strong></span> <span class='ocrx_word' id='word_1_3' title='bbox 1669 367 2020 438; x_wconf 74' lang='lat' dir='ltr'><strong>ABBATIS</strong></span> <span class='ocrx_word' id='word_1_4' title='bbox 2060 366 2754 435; x_wconf 75' lang='lat' dir='ltr'><strong>FLAVINIACENSIS</strong></span> 
     </span>
    </p>
   </div>
   <div class='ocr_carea' id='block_1_3' title="bbox 3599 373 3735 438">
    <p class='ocr_par' dir='ltr' id='par_1_3' title="bbox 3599 373 3735 438">
     <span class='ocr_line' id='line_1_3' title="bbox 3599 373 3735 438; baseline 0 0"><span class='ocrx_word' id='word_1_5' title='bbox 3599 373 3735 438; x_wconf 71' lang='lat'><strong>208</strong></span> 
     </span>
    </p>
   </div>
   <div class='ocr_carea' id='block_1_4' title="bbox 304 494 3730 575">
    <p class='ocr_par' dir='ltr' id='par_1_4' title="bbox 304 494 3730 575">
     <span class='ocr_line' id='line_1_4' title="bbox 304 494 3730 575; baseline 0.003 -23"><span class='ocrx_word' id='word_1_6' title='bbox 304 494 653 556; x_wconf 82' lang='lat' dir='ltr'><strong>Fredericus</strong></span> <span class='ocrx_word' id='word_1_7' title='bbox 735 513 871 556; x_wconf 82' lang='lat' dir='ltr'><strong>vere</strong></span> <span class='ocrx_word' id='word_1_8' title='bbox 956 500 1275 560; x_wconf 81' lang='lat' dir='ltr'><strong>monachus</strong></span> <span class='ocrx_word' id='word_1_9' title='bbox 1357 507 1532 563; x_wconf 61' lang='lat' dir='ltr'><strong>terra</strong></span> <span class='ocrx_word' id='word_1_10' title='bbox 1599 506 1789 563; x_wconf 77' lang='lat' dir='ltr'><strong>fossor</strong></span> <span class='ocrx_word' id='word_1_11' title='bbox 1854 503 2036 565; x_wconf 64' lang='lat' dir='ltr'><strong>ac-A</strong></span> <span class='ocrx_word' id='word_1_12' title='bbox 2131 506 2182 558; x_wconf 92' lang='lat'><strong>8.</strong></span> <span class='ocrx_word' id='word_1_13' title='bbox 2216 501 2499 559; x_wconf 83' lang='lat' dir='ltr'><strong>Editlcata</strong></span> <span class='ocrx_word' id='word_1_14' title='bbox 2521 500 3372 575; x_wconf 65' lang='lat' dir='ltr'><strong>igiturnovaazcclesiamajori</strong></span> <span class='ocrx_word' id='word_1_15' title='bbox 3395 504 3619 562; x_wconf 86' lang='lat' dir='ltr'><strong>ambitu</strong></span> <span class='ocrx_word' id='word_1_16' title='bbox 3659 511 3730 563; x_wconf 84' lang='lat' dir='ltr'><strong>et</strong></span> 
     </span>
    </p>
   </div>
   <div class='ocr_carea' id='block_1_5' title="bbox 302 586 1942 666">
    <p class='ocr_par' dir='ltr' id='par_1_5' title="bbox 302 586 1942 666">
     <span class='ocr_line' id='line_1_5' title="bbox 302 586 1942 666; baseline 0.004 -26"><span class='ocrx_word' id='word_1_17' title='bbox 302 586 578 656; x_wconf 91' lang='lat' dir='ltr'><strong>cessit,et</strong></span> <span class='ocrx_word' id='word_1_18' title='bbox 610 586 761 658; x_wconf 93' lang='lat' dir='ltr'><strong>quod</strong></span> <span class='ocrx_word' id='word_1_19' title='bbox 776 588 1047 647; x_wconf 77' lang='lat' dir='ltr'><strong>effossum</strong></span> <span class='ocrx_word' id='word_1_20' title='bbox 1062 594 1153 648; x_wconf 90' lang='lat' dir='ltr'><strong>est</strong></span> <span class='ocrx_word' id='word_1_21' title='bbox 1188 606 1367 650; x_wconf 88' lang='lat' dir='ltr'><strong>onere</strong></span> <span class='ocrx_word' id='word_1_22' title='bbox 1387 594 1543 651; x_wconf 87' lang='lat' dir='ltr'><strong>facto</strong></span> <span class='ocrx_word' id='word_1_23' title='bbox 1586 591 1942 666; x_wconf 86' lang='lat' dir='ltr'><strong>exportavit.</strong></span> 
     </span>
    </p>
   </div>
   <div class='ocr_carea' id='block_1_6' title="bbox 303 674 1947 753">
    <p class='ocr_par' dir='ltr' id='par_1_6' title="bbox 303 674 1947 753">
     <span class='ocr_line' id='line_1_6' title="bbox 303 674 1947 753; baseline 0.002 -22"><span class='ocrx_word' id='word_1_24' title='bbox 303 674 574 744; x_wconf 90' lang='lat' dir='ltr'><strong>Quisjam</strong></span> <span class='ocrx_word' id='word_1_25' title='bbox 609 676 820 732; x_wconf 84' lang='lat' dir='ltr'><strong>similia</strong></span> <span class='ocrx_word' id='word_1_26' title='bbox 848 677 1038 735; x_wconf 86' lang='lat' dir='ltr'><strong>facere</strong></span> <span class='ocrx_word' id='word_1_27' title='bbox 1082 680 1483 753; x_wconf 87' lang='lat' dir='ltr'><strong>erubesceret,</strong></span> <span class='ocrx_word' id='word_1_28' title='bbox 1538 698 1669 739; x_wconf 90' lang='lat' dir='ltr'><strong>cum</strong></span> <span class='ocrx_word' id='word_1_29' title='bbox 1722 680 1947 737; x_wconf 77' lang='lat' dir='ltr'><strong>videret</strong></span> 
     </span>
    </p>
   </div>
   <div class='ocr_carea' id='block_1_7' title="bbox 304 762 1947 838">
    <p class='ocr_par' dir='ltr' id='par_1_7' title="bbox 304 762 1947 838">
     <span class='ocr_line' id='line_1_7' title="bbox 304 762 1947 838; baseline 0.004 -21"><span class='ocrx_word' id='word_1_30' title='bbox 304 762 672 821; x_wconf 80' lang='lat' dir='ltr'><strong>Fredericum</strong></span> <span class='ocrx_word' id='word_1_31' title='bbox 704 766 1158 838; x_wconf 86' lang='lat' dir='ltr'><strong>comitisiilium,</strong></span> <span class='ocrx_word' id='word_1_32' title='bbox 1189 769 1692 827; x_wconf 88' lang='lat' dir='ltr'><strong>fratremduorum</strong></span> <span class='ocrx_word' id='word_1_33' title='bbox 1715 769 1947 838; x_wconf 91' lang='lat' dir='ltr'><strong>ducum,</strong></span> 
     </span>
    </p>
   </div>
   <div class='ocr_carea' id='block_1_8' title="bbox 300 851 1953 928">
    <p class='ocr_par' dir='ltr' id='par_1_8' title="bbox 300 851 1953 928">
     <span class='ocr_line' id='line_1_8' title="bbox 300 851 1953 928; baseline 0.005 -24"><span class='ocrx_word' id='word_1_34' title='bbox 300 851 516 923; x_wconf 89' lang='lat' dir='ltr'><strong>impera</strong></span> <span class='ocrx_word' id='word_1_35' title='bbox 530 852 675 909; x_wconf 92' lang='lat' dir='ltr'><strong>toris</strong></span> <span class='ocrx_word' id='word_1_36' title='bbox 707 856 1228 928; x_wconf 85' lang='lat' dir='ltr'><strong>consanguineum,</strong></span> <span class='ocrx_word' id='word_1_37' title='bbox 1255 863 1313 914; x_wconf 92' lang='lat' dir='ltr'><strong>et</strong></span> <span class='ocrx_word' id='word_1_38' title='bbox 1364 858 1576 916; x_wconf 87' lang='lat' dir='ltr'><strong>fecisse</strong></span> <span class='ocrx_word' id='word_1_39' title='bbox 1593 866 1653 915; x_wconf 91' lang='lat' dir='ltr'><strong>et</strong></span> <span class='ocrx_word' id='word_1_40' title='bbox 1685 872 1798 914; x_wconf 91' lang='lat' dir='ltr'><strong>non</strong></span> <span class='ocrx_word' id='word_1_41' title='bbox 1823 872 1953 915; x_wconf 89' lang='lat' dir='ltr'><strong>eru-</strong></span> 
     </span>
    </p>
   </div>
   <div class='ocr_carea' id='block_1_9' title="bbox 301 941 1955 1019">
    <p class='ocr_par' dir='ltr' id='par_1_9' title="bbox 301 941 1955 1019">
     <span class='ocr_line' id='line_1_9' title="bbox 301 941 1955 1019; baseline 0.004 -24"><span class='ocrx_word' id='word_1_42' title='bbox 301 941 498 996; x_wconf 87' lang='lat' dir='ltr'><strong>buisse</strong></span> <span class='ocrx_word' id='word_1_43' title='bbox 519 943 543 995; x_wconf 72' lang='grc' dir='ltr'><strong>’ἶ</strong></span> <span class='ocrx_word' id='word_1_44' title='bbox 560 942 720 998; x_wconf 82' lang='lat' dir='ltr'><strong>Fecit</strong></span> <span class='ocrx_word' id='word_1_45' title='bbox 741 947 799 999; x_wconf 91' lang='lat' dir='ltr'><strong>et</strong></span> <span class='ocrx_word' id='word_1_46' title='bbox 825 943 959 1000; x_wconf 83' lang='lat' dir='ltr'><strong>huic</strong></span> <span class='ocrx_word' id='word_1_47' title='bbox 994 945 1187 1003; x_wconf 87' lang='lat' dir='ltr'><strong>simile</strong></span> <span class='ocrx_word' id='word_1_48' title='bbox 1205 962 1355 1019; x_wconf 90' lang='lat' dir='ltr'><strong>opus</strong></span> <span class='ocrx_word' id='word_1_49' title='bbox 1379 947 1435 1003; x_wconf 92' lang='lat' dir='ltr'><strong>in</strong></span> <span class='ocrx_word' id='word_1_50' title='bbox 1461 947 1712 1004; x_wconf 89' lang='lat' dir='ltr'><strong>turrium</strong></span> <span class='ocrx_word' id='word_1_51' title='bbox 1728 950 1955 1003; x_wconf 86' lang='lat' dir='ltr'><strong>exstru-</strong></span> 
     </span>
    </p>
   </div>
   <div class='ocr_carea' id='block_1_10' title="bbox 297 1029 1953 1106">
    <p class='ocr_par' dir='ltr' id='par_1_10' title="bbox 297 1029 1953 1106">
     <span class='ocr_line' id='line_1_10' title="bbox 297 1029 1953 1106; baseline 0.002 -20"><span class='ocrx_word' id='word_1_52' title='bbox 297 1029 509 1086; x_wconf 85' lang='lat' dir='ltr'><strong>etione.</strong></span> <span class='ocrx_word' id='word_1_53' title='bbox 540 1031 679 1087; x_wconf 88' lang='lat' dir='ltr'><strong>Cum</strong></span> <span class='ocrx_word' id='word_1_54' title='bbox 702 1031 1058 1101; x_wconf 88' lang='lat' dir='ltr'><strong>enimjamin</strong></span> <span class='ocrx_word' id='word_1_55' title='bbox 1083 1034 1265 1091; x_wconf 88' lang='lat' dir='ltr'><strong>altum</strong></span> <span class='ocrx_word' id='word_1_56' title='bbox 1290 1038 1591 1092; x_wconf 73' lang='lat' dir='ltr'><strong>structura</strong></span> <span class='ocrx_word' id='word_1_57' title='bbox 1622 1034 1953 1106; x_wconf 89' lang='lat' dir='ltr'><strong>porrigere-</strong></span> 
     </span>
    </p>
   </div>
   <div class='ocr_carea' id='block_1_11' title="bbox 296 1121 1948 1194">
    <p class='ocr_par' dir='ltr' id='par_1_11' title="bbox 296 1121 1948 1194">
     <span class='ocr_line' id='line_1_11' title="bbox 296 1121 1948 1194; baseline 0.002 -22"><span class='ocrx_word' id='word_1_58' title='bbox 296 1124 411 1189; x_wconf 85' lang='lat' dir='ltr'><strong>tur,</strong></span> <span class='ocrx_word' id='word_1_59' title='bbox 446 1122 500 1177; x_wconf 86' lang='lat' dir='ltr'><strong>et</strong></span> <span class='ocrx_word' id='word_1_60' title='bbox 526 1124 919 1178; x_wconf 87' lang='lat' dir='ltr'><strong>strumeutum</strong></span> <span class='ocrx_word' id='word_1_61' title='bbox 961 1121 1104 1179; x_wconf 86' lang='lat' dir='ltr'><strong>illud</strong></span> <span class='ocrx_word' id='word_1_62' title='bbox 1135 1122 1287 1193; x_wconf 87' lang='lat' dir='ltr'><strong>quod</strong></span> <span class='ocrx_word' id='word_1_63' title='bbox 1306 1123 1431 1179; x_wconf 86' lang='lat' dir='ltr'><strong>avis</strong></span> <span class='ocrx_word' id='word_1_64' title='bbox 1457 1125 1570 1194; x_wconf 82' lang='lat'><strong>(85)</strong></span> <span class='ocrx_word' id='word_1_65' title='bbox 1594 1122 1948 1191; x_wconf 81' lang='lat' dir='ltr'><strong>nominatur,</strong></span> 
     </span>
    </p>
   </div>
   <div class='ocr_carea' id='block_1_12' title="bbox 295 1209 1949 1284">
    <p class='ocr_par' dir='ltr' id='par_1_12' title="bbox 295 1209 1949 1284">
     <span class='ocr_line' id='line_1_12' title="bbox 295 1209 1949 1284; baseline 0.001 -21"><span class='ocrx_word' id='word_1_66' title='bbox 295 1210 675 1266; x_wconf 85' lang='lat' dir='ltr'><strong>subvectione</strong></span> <span class='ocrx_word' id='word_1_67' title='bbox 706 1211 974 1267; x_wconf 76' lang='lat' dir='ltr'><strong>caementi</strong></span> <span class='ocrx_word' id='word_1_68' title='bbox 1007 1215 1297 1282; x_wconf 90' lang='lat' dir='ltr'><strong>aptatum,</strong></span> <span class='ocrx_word' id='word_1_69' title='bbox 1325 1212 1605 1284; x_wconf 85' lang='lat' dir='ltr'><strong>perpauci</strong></span> <span class='ocrx_word' id='word_1_70' title='bbox 1630 1215 1829 1267; x_wconf 86' lang='lat' dir='ltr'><strong>essent</strong></span> <span class='ocrx_word' id='word_1_71' title='bbox 1853 1209 1949 1281; x_wconf 91' lang='lat' dir='ltr'><strong>qui</strong></span> 
     </span>
    </p>
   </div>
   <div class='ocr_carea' id='block_1_13' title="bbox 298 1298 1949 1373">
    <p class='ocr_par' dir='ltr' id='par_1_13' title="bbox 298 1298 1949 1373">
     <span class='ocr_line' id='line_1_13' title="bbox 298 1298 1949 1373; baseline -0.001 -20"><span class='ocrx_word' id='word_1_72' title='bbox 298 1301 536 1369; x_wconf 90' lang='lat' dir='ltr'><strong>ferrent,</strong></span> <span class='ocrx_word' id='word_1_73' title='bbox 571 1298 662 1354; x_wconf 88' lang='lat' dir='ltr'><strong>his</strong></span> <span class='ocrx_word' id='word_1_74' title='bbox 686 1299 782 1371; x_wconf 90' lang='lat' dir='ltr'><strong>qui</strong></span> <span class='ocrx_word' id='word_1_75' title='bbox 807 1299 940 1356; x_wconf 89' lang='lat' dir='ltr'><strong>huic</strong></span> <span class='ocrx_word' id='word_1_76' title='bbox 968 1300 1160 1357; x_wconf 83' lang='lat' dir='ltr'><strong>oi’llcio</strong></span> <span class='ocrx_word' id='word_1_77' title='bbox 1190 1305 1361 1357; x_wconf 89' lang='lat' dir='ltr'><strong>erant</strong></span> <span class='ocrx_word' id='word_1_78' title='bbox 1389 1299 1656 1373; x_wconf 86' lang='lat' dir='ltr'><strong>deputati</strong></span> <span class='ocrx_word' id='word_1_79' title='bbox 1684 1299 1852 1369; x_wconf 86' lang='lat' dir='ltr'><strong>alias,</strong></span> <span class='ocrx_word' id='word_1_80' title='bbox 1888 1302 1949 1355; x_wconf 89' lang='lat' dir='ltr'><strong>ut</strong></span> 
     </span>
    </p>
   </div>
   <div class='ocr_carea' id='block_1_14' title="bbox 294 1386 1952 1459">
    <p class='ocr_par' dir='ltr' id='par_1_14' title="bbox 294 1386 1952 1459">
     <span class='ocr_line' id='line_1_14' title="bbox 294 1386 1952 1459; baseline 0.001 -19"><span class='ocrx_word' id='word_1_81' title='bbox 294 1387 608 1455; x_wconf 83' lang='lat' dir='ltr'><strong>credimus,</strong></span> <span class='ocrx_word' id='word_1_82' title='bbox 641 1388 967 1459; x_wconf 86' lang='lat' dir='ltr'><strong>occupatis,</strong></span> <span class='ocrx_word' id='word_1_83' title='bbox 1033 1388 1239 1445; x_wconf 88' lang='lat' dir='ltr'><strong>videns</strong></span> <span class='ocrx_word' id='word_1_84' title='bbox 1267 1389 1358 1445; x_wconf 89' lang='lat' dir='ltr'><strong>vir</strong></span> <span class='ocrx_word' id='word_1_85' title='bbox 1411 1389 1599 1445; x_wconf 65' lang='lat' dir='ltr'><strong>beatae</strong></span> <span class='ocrx_word' id='word_1_86' title='bbox 1658 1386 1952 1444; x_wconf 67' lang='lat' dir='ltr'><strong>memoriae</strong></span> 
     </span>
    </p>
   </div>
   <div class='ocr_carea' id='block_1_15' title="bbox 296 1472 1953 1547">
    <p class='ocr_par' dir='ltr' id='par_1_15' title="bbox 296 1472 1953 1547">
     <span class='ocr_line' id='line_1_15' title="bbox 296 1472 1953 1547; baseline -0.001 -18"><span class='ocrx_word' id='word_1_87' title='bbox 296 1474 600 1545; x_wconf 81' lang='lat' dir='ltr'><strong>quemdam</strong></span> <span class='ocrx_word' id='word_1_88' title='bbox 625 1475 695 1530; x_wconf 87' lang='lat' dir='ltr'><strong>de</strong></span> <span class='ocrx_word' id='word_1_89' title='bbox 728 1474 1118 1533; x_wconf 83' lang='lat' dir='ltr'><strong>nobilioribus</strong></span> <span class='ocrx_word' id='word_1_90' title='bbox 1141 1480 1454 1547; x_wconf 88' lang='lat' dir='ltr'><strong>astantem,</strong></span> <span class='ocrx_word' id='word_1_91' title='bbox 1485 1478 1547 1533; x_wconf 93' lang='lat' dir='ltr'><strong>ut</strong></span> <span class='ocrx_word' id='word_1_92' title='bbox 1608 1472 1953 1532; x_wconf 87' lang='lat' dir='ltr'><strong>sumcretli-</strong></span> 
     </span>
    </p>
   </div>
   <div class='ocr_carea' id='block_1_16' title="bbox 294 1562 1944 1634">
    <p class='ocr_par' dir='ltr' id='par_1_16' title="bbox 294 1562 1944 1634">
     <span class='ocr_line' id='line_1_16' title="bbox 294 1562 1944 1634; baseline 0 -17"><span class='ocrx_word' id='word_1_93' title='bbox 294 1578 502 1629; x_wconf 76' lang='lat' dir='ltr'><strong>gucum</strong></span> <span class='ocrx_word' id='word_1_94' title='bbox 527 1562 670 1620; x_wconf 89' lang='lat' dir='ltr'><strong>illud</strong></span> <span class='ocrx_word' id='word_1_95' title='bbox 705 1563 1181 1634; x_wconf 85' lang='lat' dir='ltr'><strong>instrumentum,</strong></span> <span class='ocrx_word' id='word_1_96' title='bbox 1208 1569 1265 1620; x_wconf 90' lang='lat' dir='ltr'><strong>et</strong></span> <span class='ocrx_word' id='word_1_97' title='bbox 1299 1568 1647 1621; x_wconf 76' lang='lat' dir='ltr'><strong>caementum</strong></span> <span class='ocrx_word' id='word_1_98' title='bbox 1679 1562 1851 1633; x_wconf 90' lang='lat' dir='ltr'><strong>collo,</strong></span> <span class='ocrx_word' id='word_1_99' title='bbox 1879 1566 1944 1619; x_wconf 92' lang='lat' dir='ltr'><strong>ut</strong></span> 
     </span>
    </p>
   </div>
   <div class='ocr_carea' id='block_1_17' title="bbox 295 1652 1949 1721">
    <p class='ocr_par' dir='ltr' id='par_1_17' title="bbox 295 1652 1949 1721">
     <span class='ocr_line' id='line_1_17' title="bbox 295 1652 1949 1721; baseline 0.001 -17"><span class='ocrx_word' id='word_1_100' title='bbox 295 1652 472 1708; x_wconf 90' lang='lat' dir='ltr'><strong>moris</strong></span> <span class='ocrx_word' id='word_1_101' title='bbox 495 1655 606 1721; x_wconf 89' lang='lat' dir='ltr'><strong>est,</strong></span> <span class='ocrx_word' id='word_1_102' title='bbox 623 1652 979 1709; x_wconf 88' lang='lat' dir='ltr'><strong>subveheret</strong></span> <span class='ocrx_word' id='word_1_103' title='bbox 995 1652 1337 1710; x_wconf 90' lang='lat' dir='ltr'><strong>ammonuit.</strong></span> <span class='ocrx_word' id='word_1_104' title='bbox 1360 1652 1613 1719; x_wconf 87' lang='lat' dir='ltr'><strong>Quicum</strong></span> <span class='ocrx_word' id='word_1_105' title='bbox 1637 1652 1949 1709; x_wconf 85' lang='lat' dir='ltr'><strong>erubesce-</strong></span> 
     </span>
    </p>
   </div>
   <div class='ocr_carea' id='block_1_18' title="bbox 299 1739 1949 1811">
    <p class='ocr_par' dir='ltr' id='par_1_18' title="bbox 299 1739 1949 1811">
     <span class='ocr_line' id='line_1_18' title="bbox 299 1739 1949 1811; baseline 0.001 -16"><span class='ocrx_word' id='word_1_106' title='bbox 299 1746 409 1809; x_wconf 86' lang='lat' dir='ltr'><strong>ret,</strong></span> <span class='ocrx_word' id='word_1_107' title='bbox 436 1747 492 1796; x_wconf 92' lang='lat' dir='ltr'><strong>et</strong></span> <span class='ocrx_word' id='word_1_108' title='bbox 521 1741 643 1796; x_wconf 88' lang='lat' dir='ltr'><strong>suis</strong></span> <span class='ocrx_word' id='word_1_109' title='bbox 675 1740 731 1796; x_wconf 91' lang='lat' dir='ltr'><strong>id</strong></span> <span class='ocrx_word' id='word_1_110' title='bbox 756 1741 1053 1798; x_wconf 81' lang='lat' dir='ltr'><strong>natalibus</strong></span> <span class='ocrx_word' id='word_1_111' title='bbox 1072 1740 1454 1810; x_wconf 86' lang='lat' dir='ltr'><strong>incongruum</strong></span> <span class='ocrx_word' id='word_1_112' title='bbox 1479 1740 1840 1811; x_wconf 89' lang='lat' dir='ltr'><strong>adstrueret,</strong></span> <span class='ocrx_word' id='word_1_113' title='bbox 1858 1739 1949 1796; x_wconf 89' lang='lat' dir='ltr'><strong>vir</strong></span> 
     </span>
    </p>
   </div>
   <div class='ocr_carea' id='block_1_19' title="bbox 2060 588 3723 665">
    <p class='ocr_par' dir='ltr' id='par_1_19' title="bbox 2060 588 3723 665">
     <span class='ocr_line' id='line_1_19' title="bbox 2060 588 3723 665; baseline 0.002 -18"><span class='ocrx_word' id='word_1_114' title='bbox 2060 588 2404 660; x_wconf 86' lang='lat' dir='ltr'><strong>elegantiori</strong></span> <span class='ocrx_word' id='word_1_115' title='bbox 2428 602 2631 660; x_wconf 90' lang='lat' dir='ltr'><strong>opere,</strong></span> <span class='ocrx_word' id='word_1_116' title='bbox 2659 589 3059 647; x_wconf 89' lang='lat' dir='ltr'><strong>necessarium</strong></span> <span class='ocrx_word' id='word_1_117' title='bbox 3087 589 3191 648; x_wconf 87' lang='lat' dir='ltr'><strong>fuit</strong></span> <span class='ocrx_word' id='word_1_118' title='bbox 3209 596 3267 648; x_wconf 92' lang='lat' dir='ltr'><strong>ut</strong></span> <span class='ocrx_word' id='word_1_119' title='bbox 3302 608 3547 665; x_wconf 84' lang='lat' dir='ltr'><strong>corpora</strong></span> <span class='ocrx_word' id='word_1_120' title='bbox 3569 609 3723 664; x_wconf 86' lang='lat' dir='ltr'><strong>quo-</strong></span> 
     </span>
    </p>
   </div>
   <div class='ocr_carea' id='block_1_20' title="bbox 2061 678 3721 749">
    <p class='ocr_par' dir='ltr' id='par_1_20' title="bbox 2061 678 3721 749">
     <span class='ocr_line' id='line_1_20' title="bbox 2061 678 3721 749; baseline 0.002 -14"><span class='ocrx_word' id='word_1_121' title='bbox 2061 679 2302 735; x_wconf 91' lang='lat' dir='ltr'><strong>rundam</strong></span> <span class='ocrx_word' id='word_1_122' title='bbox 2326 681 2660 734; x_wconf 90' lang='lat' dir='ltr'><strong>sanctorum</strong></span> <span class='ocrx_word' id='word_1_123' title='bbox 2681 678 3023 749; x_wconf 85' lang='lat' dir='ltr'><strong>pontificum</strong></span> <span class='ocrx_word' id='word_1_124' title='bbox 3047 681 3428 738; x_wconf 82' lang='lat' dir='ltr'><strong>transmutari</strong></span> <span class='ocrx_word' id='word_1_125' title='bbox 3470 682 3721 740; x_wconf 84' lang='lat' dir='ltr'><strong>debuis-</strong></span> 
     </span>
    </p>
   </div>
   <div class='ocr_carea' id='block_1_21' title="bbox 2062 767 3725 843">
    <p class='ocr_par' dir='ltr' id='par_1_21' title="bbox 2062 767 3725 843">
     <span class='ocr_line' id='line_1_21' title="bbox 2062 767 3725 843; baseline 0.003 -21"><span class='ocrx_word' id='word_1_126' title='bbox 2062 770 2210 822; x_wconf 86' lang='lat' dir='ltr'><strong>sent.</strong></span> <span class='ocrx_word' id='word_1_127' title='bbox 2248 769 2403 824; x_wconf 90' lang='lat' dir='ltr'><strong>Tunc</strong></span> <span class='ocrx_word' id='word_1_128' title='bbox 2437 781 2652 837; x_wconf 91' lang='lat' dir='ltr'><strong>corpus</strong></span> <span class='ocrx_word' id='word_1_129' title='bbox 2675 767 2859 822; x_wconf 85' lang='lat' dir='ltr'><strong>sancti</strong></span> <span class='ocrx_word' id='word_1_130' title='bbox 2884 767 3167 824; x_wconf 82' lang='lat' dir='ltr'><strong>Madelvci</strong></span> <span class='ocrx_word' id='word_1_131' title='bbox 3192 769 3593 843; x_wconf 89' lang='lat' dir='ltr'><strong>incorruptum</strong></span> <span class='ocrx_word' id='word_1_132' title='bbox 3627 786 3725 827; x_wconf 83' lang='lat' dir='ltr'><strong>re-</strong></span> 
     </span>
    </p>
   </div>
   <div class='ocr_carea' id='block_1_22' title="bbox 2063 854 3718 927">
    <p class='ocr_par' dir='ltr' id='par_1_22' title="bbox 2063 854 3718 927">
     <span class='ocr_line' id='line_1_22' title="bbox 2063 854 3718 927; baseline 0.005 -18"><span class='ocrx_word' id='word_1_133' title='bbox 2063 859 2291 927; x_wconf 85' lang='lat' dir='ltr'><strong>pertum</strong></span> <span class='ocrx_word' id='word_1_134' title='bbox 2321 860 2430 924; x_wconf 91' lang='lat' dir='ltr'><strong>est,</strong></span> <span class='ocrx_word' id='word_1_135' title='bbox 2464 860 2525 910; x_wconf 92' lang='lat' dir='ltr'><strong>et</strong></span> <span class='ocrx_word' id='word_1_136' title='bbox 2548 854 2602 910; x_wconf 90' lang='lat' dir='ltr'><strong>in</strong></span> <span class='ocrx_word' id='word_1_137' title='bbox 2633 854 2822 926; x_wconf 75' lang='lat' dir='ltr'><strong>cripta</strong></span> <span class='ocrx_word' id='word_1_138' title='bbox 2849 859 3069 911; x_wconf 68' lang='lat' dir='ltr'><strong>sanctae</strong></span> <span class='ocrx_word' id='word_1_139' title='bbox 3096 857 3287 914; x_wconf 75' lang='lat' dir='ltr'><strong>Mariae</strong></span> <span class='ocrx_word' id='word_1_140' title='bbox 3316 860 3426 915; x_wconf 91' lang='lat' dir='ltr'><strong>sub</strong></span> <span class='ocrx_word' id='word_1_141' title='bbox 3455 858 3628 916; x_wconf 86' lang='lat' dir='ltr'><strong>altari</strong></span> <span class='ocrx_word' id='word_1_142' title='bbox 3655 860 3718 917; x_wconf 88' lang='lat' dir='ltr'><strong>in</strong></span> 
     </span>
    </p>
   </div>
   <div class='ocr_carea' id='block_1_23' title="bbox 2062 943 3716 1016">
    <p class='ocr_par' dir='ltr' id='par_1_23' title="bbox 2062 943 3716 1016">
     <span class='ocr_line' id='line_1_23' title="bbox 2062 943 3716 1016; baseline 0.004 -17"><span class='ocrx_word' id='word_1_143' title='bbox 2062 960 2200 1000; x_wconf 86' lang='lat' dir='ltr'><strong>vase</strong></span> <span class='ocrx_word' id='word_1_144' title='bbox 2218 958 2541 999; x_wconf 89' lang='lat' dir='ltr'><strong>marmoreo</strong></span> <span class='ocrx_word' id='word_1_145' title='bbox 2555 943 2833 1000; x_wconf 86' lang='lat' dir='ltr'><strong>decenter</strong></span> <span class='ocrx_word' id='word_1_146' title='bbox 2848 944 3353 1016; x_wconf 86' lang='lat' dir='ltr'><strong>repositum.Tuuc</strong></span> <span class='ocrx_word' id='word_1_147' title='bbox 3365 947 3539 1004; x_wconf 87' lang='lat' dir='ltr'><strong>etiam</strong></span> <span class='ocrx_word' id='word_1_148' title='bbox 3556 948 3716 1005; x_wconf 82' lang='lat' dir='ltr'><strong>facta</strong></span> 
     </span>
    </p>
   </div>
   <div class='ocr_carea' id='block_1_24' title="bbox 2061 1031 3719 1105">
    <p class='ocr_par' dir='ltr' id='par_1_24' title="bbox 2061 1031 3719 1105">
     <span class='ocr_line' id='line_1_24' title="bbox 2061 1031 3719 1105; baseline 0.003 -18"><span class='ocrx_word' id='word_1_149' title='bbox 2061 1037 2150 1088; x_wconf 67' lang='lat' dir='ltr'><strong>est</strong></span> <span class='ocrx_word' id='word_1_150' title='bbox 2178 1031 2487 1088; x_wconf 80' lang='lat' dir='ltr'><strong>translati)</strong></span> <span class='ocrx_word' id='word_1_151' title='bbox 2520 1031 2766 1088; x_wconf 88' lang='lat' dir='ltr'><strong>duorum</strong></span> <span class='ocrx_word' id='word_1_152' title='bbox 2790 1032 3202 1105; x_wconf 90' lang='lat' dir='ltr'><strong>episcoporum</strong></span> <span class='ocrx_word' id='word_1_153' title='bbox 3243 1033 3459 1093; x_wconf 83' lang='lat' dir='ltr'><strong>Hildiui</strong></span> <span class='ocrx_word' id='word_1_154' title='bbox 3482 1041 3541 1093; x_wconf 92' lang='lat' dir='ltr'><strong>et</strong></span> <span class='ocrx_word' id='word_1_155' title='bbox 3576 1039 3719 1093; x_wconf 78' lang='lat' dir='ltr'><strong>llat-</strong></span> 
     </span>
    </p>
   </div>
   <div class='ocr_carea' id='block_1_25' title="bbox 2064 1120 3713 1196">
    <p class='ocr_par' dir='ltr' id='par_1_25' title="bbox 2064 1120 3713 1196">
     <span class='ocr_line' id='line_1_25' title="bbox 2064 1120 3713 1196; baseline 0.004 -22"><span class='ocrx_word' id='word_1_156' title='bbox 2064 1120 2219 1176; x_wconf 86' lang='lat' dir='ltr'><strong>tcuis</strong></span> <span class='ocrx_word' id='word_1_157' title='bbox 2252 1122 2441 1175; x_wconf 80' lang='lat' dir='ltr'><strong>Nonas</strong></span> <span class='ocrx_word' id='word_1_158' title='bbox 2461 1120 2610 1189; x_wconf 81' lang='lat' dir='ltr'><strong>Maii,</strong></span> <span class='ocrx_word' id='word_1_159' title='bbox 2636 1123 2695 1176; x_wconf 90' lang='lat' dir='ltr'><strong>et</strong></span> <span class='ocrx_word' id='word_1_160' title='bbox 2713 1120 2783 1176; x_wconf 88' lang='lat' dir='ltr'><strong>ad</strong></span> <span class='ocrx_word' id='word_1_161' title='bbox 2810 1120 3110 1177; x_wconf 78' lang='lat' dir='ltr'><strong>dexteram</strong></span> <span class='ocrx_word' id='word_1_162' title='bbox 3134 1123 3330 1181; x_wconf 89' lang='lat' dir='ltr'><strong>crucis</strong></span> <span class='ocrx_word' id='word_1_163' title='bbox 3344 1126 3713 1196; x_wconf 87' lang='lat' dir='ltr'><strong>monasterii,</strong></span> 
     </span>
    </p>
   </div>
   <div class='ocr_carea' id='block_1_26' title="bbox 2063 1207 3714 1284">
    <p class='ocr_par' dir='ltr' id='par_1_26' title="bbox 2063 1207 3714 1284">
     <span class='ocr_line' id='line_1_26' title="bbox 2063 1207 3714 1284; baseline 0.004 -21"><span class='ocrx_word' id='word_1_164' title='bbox 2063 1208 2133 1264; x_wconf 83' lang='lat' dir='ltr'><strong>ad</strong></span> <span class='ocrx_word' id='word_1_165' title='bbox 2149 1208 2450 1265; x_wconf 86' lang='lat' dir='ltr'><strong>dexteram</strong></span> <span class='ocrx_word' id='word_1_166' title='bbox 2465 1207 2691 1264; x_wconf 88' lang='lat' dir='ltr'><strong>scilicet</strong></span> <span class='ocrx_word' id='word_1_167' title='bbox 2707 1208 2913 1265; x_wconf 89' lang='lat' dir='ltr'><strong>altaris</strong></span> <span class='ocrx_word' id='word_1_168' title='bbox 2929 1213 3118 1266; x_wconf 82' lang='lat' dir='ltr'><strong>sancti</strong></span> <span class='ocrx_word' id='word_1_169' title='bbox 3135 1210 3415 1268; x_wconf 80' lang='lat' dir='ltr'><strong>Johannis</strong></span> <span class='ocrx_word' id='word_1_170' title='bbox 3433 1212 3714 1284; x_wconf 72' lang='lat' dir='ltr'><strong>baptista:</strong></span> 
     </span>
    </p>
   </div>
   <div class='ocr_carea' id='block_1_27' title="bbox 2062 1296 3718 1372">
    <p class='ocr_par' dir='ltr' id='par_1_27' title="bbox 2062 1296 3718 1372">
     <span class='ocr_line' id='line_1_27' title="bbox 2062 1296 3718 1372; baseline 0.003 -20"><span class='ocrx_word' id='word_1_171' title='bbox 2062 1297 2269 1368; x_wconf 63' lang='lat' dir='ltr'><strong>positae</strong></span> <span class='ocrx_word' id='word_1_172' title='bbox 2290 1300 2425 1354; x_wconf 90' lang='lat' dir='ltr'><strong>sunt</strong></span> <span class='ocrx_word' id='word_1_173' title='bbox 2443 1311 2644 1353; x_wconf 90' lang='lat' dir='ltr'><strong>eorum</strong></span> <span class='ocrx_word' id='word_1_174' title='bbox 2668 1296 2949 1367; x_wconf 67' lang='lat' dir='ltr'><strong>reliquiae.</strong></span> <span class='ocrx_word' id='word_1_175' title='bbox 2969 1300 2987 1365; x_wconf 94' lang='lat'>(</span> <span class='ocrx_word' id='word_1_176' title='bbox 3008 1298 3140 1355; x_wconf 80' lang='lat' dir='ltr'><strong>Vita</strong></span> <span class='ocrx_word' id='word_1_177' title='bbox 3160 1300 3475 1370; x_wconf 77' lang='lat' dir='ltr'><strong>Richardi,</strong></span> <span class='ocrx_word' id='word_1_178' title='bbox 3492 1302 3718 1372; x_wconf 83' lang='lat' dir='ltr'><strong>8.)Cor-</strong></span> 
     </span>
    </p>
   </div>
   <div class='ocr_carea' id='block_1_28' title="bbox 2061 1385 3712 1458">
    <p class='ocr_par' dir='ltr' id='par_1_28' title="bbox 2061 1385 3712 1458">
     <span class='ocr_line' id='line_1_28' title="bbox 2061 1385 3712 1458; baseline 0.001 -16"><span class='ocrx_word' id='word_1_179' title='bbox 2061 1400 2170 1457; x_wconf 91' lang='lat' dir='ltr'><strong>pus</strong></span> <span class='ocrx_word' id='word_1_180' title='bbox 2200 1390 2393 1441; x_wconf 91' lang='lat' dir='ltr'><strong>autem</strong></span> <span class='ocrx_word' id='word_1_181' title='bbox 2422 1385 2612 1441; x_wconf 92' lang='lat' dir='ltr'><strong>domui</strong></span> <span class='ocrx_word' id='word_1_182' title='bbox 2641 1385 3320 1458; x_wconf 87' lang='lat' dir='ltr'><strong>Bereugeriiepiscopiet</strong></span> <span class='ocrx_word' id='word_1_183' title='bbox 3344 1387 3609 1444; x_wconf 89' lang='lat' dir='ltr'><strong>monachi</strong></span> <span class='ocrx_word' id='word_1_184' title='bbox 3650 1389 3712 1444; x_wconf 89' lang='lat' dir='ltr'><strong>in</strong></span> 
     </span>
    </p>
   </div>
   <div class='ocr_carea' id='block_1_29' title="bbox 2060 1473 3709 1549">
    <p class='ocr_par' dir='ltr' id='par_1_29' title="bbox 2060 1473 3709 1549">
     <span class='ocr_line' id='line_1_29' title="bbox 2060 1473 3709 1549; baseline 0.002 -20"><span class='ocrx_word' id='word_1_185' title='bbox 2060 1473 2325 1545; x_wconf 82' lang='lat' dir='ltr'><strong>ingressu</strong></span> <span class='ocrx_word' id='word_1_186' title='bbox 2350 1473 2597 1531; x_wconf 89' lang='lat' dir='ltr'><strong>claustri</strong></span> <span class='ocrx_word' id='word_1_187' title='bbox 2622 1473 2988 1530; x_wconf 87' lang='lat' dir='ltr'><strong>tameninfra</strong></span> <span class='ocrx_word' id='word_1_188' title='bbox 3028 1475 3442 1533; x_wconf 89' lang='lat' dir='ltr'><strong>monasterium</strong></span> <span class='ocrx_word' id='word_1_189' title='bbox 3501 1492 3709 1549; x_wconf 89' lang='lat' dir='ltr'><strong>reper-</strong></span> 
     </span>
    </p>
   </div>
   <div class='ocr_carea' id='block_1_30' title="bbox 2059 1561 3713 1637">
    <p class='ocr_par' dir='ltr' id='par_1_30' title="bbox 2059 1561 3713 1637">
     <span class='ocr_line' id='line_1_30' title="bbox 2059 1561 3713 1637; baseline 0.002 -20"><span class='ocrx_word' id='word_1_190' title='bbox 2059 1566 2204 1632; x_wconf 88' lang='lat' dir='ltr'><strong>tum,</strong></span> <span class='ocrx_word' id='word_1_191' title='bbox 2231 1561 2631 1633; x_wconf 88' lang='lat' dir='ltr'><strong>incorruptum</strong></span> <span class='ocrx_word' id='word_1_192' title='bbox 2647 1562 2942 1619; x_wconf 90' lang='lat' dir='ltr'><strong>inventum</strong></span> <span class='ocrx_word' id='word_1_193' title='bbox 2968 1566 3080 1633; x_wconf 93' lang='lat' dir='ltr'><strong>est,</strong></span> <span class='ocrx_word' id='word_1_194' title='bbox 3104 1569 3356 1635; x_wconf 88' lang='lat' dir='ltr'><strong>excepto</strong></span> <span class='ocrx_word' id='word_1_195' title='bbox 3371 1565 3515 1637; x_wconf 90' lang='lat' dir='ltr'><strong>pede</strong></span> <span class='ocrx_word' id='word_1_196' title='bbox 3538 1565 3636 1637; x_wconf 89' lang='lat' dir='ltr'><strong>qui</strong></span> <span class='ocrx_word' id='word_1_197' title='bbox 3652 1566 3713 1621; x_wconf 91' lang='lat' dir='ltr'><strong>in</strong></span> 
     </span>
    </p>
   </div>
   <div class='ocr_carea' id='block_1_31' title="bbox 2060 1648 3720 1725">
    <p class='ocr_par' dir='ltr' id='par_1_31' title="bbox 2060 1648 3720 1725">
     <span class='ocr_line' id='line_1_31' title="bbox 2060 1648 3720 1725; baseline 0.003 -19"><span class='ocrx_word' id='word_1_198' title='bbox 2060 1650 2177 1706; x_wconf 88' lang='lat' dir='ltr'><strong>vita</strong></span> <span class='ocrx_word' id='word_1_199' title='bbox 2195 1648 2322 1718; x_wconf 88' lang='lat' dir='ltr'><strong>ejus</strong></span> <span class='ocrx_word' id='word_1_200' title='bbox 2336 1648 2512 1716; x_wconf 89' lang='lat' dir='ltr'><strong>aruit;</strong></span> <span class='ocrx_word' id='word_1_201' title='bbox 2532 1653 2590 1705; x_wconf 93' lang='lat' dir='ltr'><strong>et</strong></span> <span class='ocrx_word' id='word_1_202' title='bbox 2613 1648 2813 1706; x_wconf 87' lang='lat' dir='ltr'><strong>casula</strong></span> <span class='ocrx_word' id='word_1_203' title='bbox 2837 1664 2964 1705; x_wconf 89' lang='lat' dir='ltr'><strong>cum</strong></span> <span class='ocrx_word' id='word_1_204' title='bbox 2983 1650 3267 1708; x_wconf 90' lang='lat' dir='ltr'><strong>saudaliis</strong></span> <span class='ocrx_word' id='word_1_205' title='bbox 3282 1653 3353 1709; x_wconf 90' lang='lat' dir='ltr'><strong>ab</strong></span> <span class='ocrx_word' id='word_1_206' title='bbox 3371 1652 3495 1722; x_wconf 87' lang='lat' dir='ltr'><strong>ejus</strong></span> <span class='ocrx_word' id='word_1_207' title='bbox 3513 1668 3720 1725; x_wconf 87' lang='lat' dir='ltr'><strong>corpo-</strong></span> 
     </span>
    </p>
   </div>
   <div class='ocr_carea' id='block_1_32' title="bbox 2062 1736 3717 1806">
    <p class='ocr_par' dir='ltr' id='par_1_32' title="bbox 2062 1736 3717 1806">
     <span class='ocr_line' id='line_1_32' title="bbox 2062 1736 3717 1806; baseline 0.003 -14"><span class='ocrx_word' id='word_1_208' title='bbox 2062 1751 2124 1793; x_wconf 89' lang='lat' dir='ltr'><strong>re</strong></span> <span class='ocrx_word' id='word_1_209' title='bbox 2147 1737 2450 1793; x_wconf 89' lang='lat' dir='ltr'><strong>abstracta</strong></span> <span class='ocrx_word' id='word_1_210' title='bbox 2471 1742 2580 1806; x_wconf 93' lang='lat' dir='ltr'><strong>est,</strong></span> <span class='ocrx_word' id='word_1_211' title='bbox 2607 1741 2668 1793; x_wconf 91' lang='lat' dir='ltr'><strong>et</strong></span> <span class='ocrx_word' id='word_1_212' title='bbox 2691 1736 2747 1792; x_wconf 92' lang='lat' dir='ltr'><strong>in</strong></span> <span class='ocrx_word' id='word_1_213' title='bbox 2773 1737 3071 1794; x_wconf 86' lang='lat' dir='ltr'><strong>thesauris</strong></span> <span class='ocrx_word' id='word_1_214' title='bbox 3113 1738 3399 1797; x_wconf 76' lang='lat' dir='ltr'><strong>:ecclesize</strong></span> <span class='ocrx_word' id='word_1_215' title='bbox 3422 1754 3550 1798; x_wconf 89' lang='lat' dir='ltr'><strong>cum</strong></span> <span class='ocrx_word' id='word_1_216' title='bbox 3576 1740 3717 1798; x_wconf 88' lang='lat' dir='ltr'><strong>reli-</strong></span> 
     </span>
    </p>
   </div>
   <div class='ocr_carea' id='block_1_33' title="bbox 299 1824 3714 1918">
    <p class='ocr_par' dir='ltr' id='par_1_33' title="bbox 299 1824 3714 1918">
     <span class='ocr_line' id='line_1_33' title="bbox 299 1824 3714 1918; baseline 0.001 -34"><span class='ocrx_word' id='word_1_217' title='bbox 299 1828 647 1886; x_wconf 87' lang='lat' dir='ltr'><strong>mitissimus</strong></span> <span class='ocrx_word' id='word_1_218' title='bbox 678 1828 909 1885; x_wconf 90' lang='lat' dir='ltr'><strong>cervice</strong></span> <span class='ocrx_word' id='word_1_219' title='bbox 945 1830 1255 1901; x_wconf 90' lang='lat' dir='ltr'><strong>subposita</strong></span> <span class='ocrx_word' id='word_1_220' title='bbox 1286 1829 1441 1901; x_wconf 89' lang='lat' dir='ltr'><strong>quod</strong></span> <span class='ocrx_word' id='word_1_221' title='bbox 1466 1829 1712 1900; x_wconf 80' lang='lat' dir='ltr'><strong>rogabat</strong></span> <span class='ocrx_word' id='word_1_222' title='bbox 1727 1829 1950 1901; x_wconf 90' lang='lat' dir='ltr'><strong>primus</strong></span> <span class='ocrx_word' id='word_1_223' title='bbox 1977 1856 2030 1918; x_wconf 77' lang='grc' dir='ltr'>Β</span> <span class='ocrx_word' id='word_1_224' title='bbox 2060 1824 2216 1896; x_wconf 91' lang='lat' dir='ltr'><strong>quiis</strong></span> <span class='ocrx_word' id='word_1_225' title='bbox 2240 1825 2753 1897; x_wconf 89' lang='lat' dir='ltr'><strong>reposita.Corpus</strong></span> <span class='ocrx_word' id='word_1_226' title='bbox 2767 1840 2907 1882; x_wconf 88' lang='lat' dir='ltr'><strong>vero</strong></span> <span class='ocrx_word' id='word_1_227' title='bbox 2947 1825 3077 1896; x_wconf 84' lang='lat' dir='ltr'><strong>ejus</strong></span> <span class='ocrx_word' id='word_1_228' title='bbox 3127 1827 3553 1886; x_wconf 88' lang='lat' dir='ltr'><strong>sanctissimum</strong></span> <span class='ocrx_word' id='word_1_229' title='bbox 3612 1844 3714 1886; x_wconf 85' lang='lat' dir='ltr'><strong>su-</strong></span> 
     </span>
    </p>
   </div>
   <div class='ocr_carea' id='block_1_34' title="bbox 299 1915 1950 1989">
    <p class='ocr_par' dir='ltr' id='par_1_34' title="bbox 299 1915 1950 1989">
     <span class='ocr_line' id='line_1_34' title="bbox 299 1915 1950 1989; baseline 0.002 -18"><span class='ocrx_word' id='word_1_230' title='bbox 299 1916 580 1989; x_wconf 85' lang='lat' dir='ltr'><strong>implevit.</strong></span> <span class='ocrx_word' id='word_1_231' title='bbox 602 1915 727 1984; x_wconf 88' lang='lat' dir='ltr'><strong>(fol.</strong></span> <span class='ocrx_word' id='word_1_232' title='bbox 744 1916 874 1989; x_wconf 83' lang='lat'><strong>76&#39;).</strong></span> <span class='ocrx_word' id='word_1_233' title='bbox 898 1919 976 1974; x_wconf 84' lang='lat' dir='ltr'><strong>Ac</strong></span> <span class='ocrx_word' id='word_1_234' title='bbox 994 1917 1205 1974; x_wconf 88' lang='lat' dir='ltr'><strong>deinde</strong></span> <span class='ocrx_word' id='word_1_235' title='bbox 1226 1917 1716 1989; x_wconf 89' lang='lat' dir='ltr'><strong>porrectojuveni</strong></span> <span class='ocrx_word' id='word_1_236' title='bbox 1733 1917 1950 1974; x_wconf 90' lang='lat' dir='ltr'><strong>instru-</strong></span> 
     </span>
    </p>
   </div>
   <div class='ocr_carea' id='block_1_35' title="bbox 299 2005 1947 2078">
    <p class='ocr_par' dir='ltr' id='par_1_35' title="bbox 299 2005 1947 2078">
     <span class='ocr_line' id='line_1_35' title="bbox 299 2005 1947 2078; baseline 0.001 -19"><span class='ocrx_word' id='word_1_237' title='bbox 299 2011 493 2062; x_wconf 87' lang='lat' dir='ltr'><strong>mento</strong></span> <span class='ocrx_word' id='word_1_238' title='bbox 525 2006 751 2077; x_wconf 89' lang='lat' dir='ltr'><strong>eodem,</strong></span> <span class='ocrx_word' id='word_1_239' title='bbox 771 2022 876 2063; x_wconf 88' lang='lat' dir='ltr'><strong>suo</strong></span> <span class='ocrx_word' id='word_1_240' title='bbox 889 2005 1372 2078; x_wconf 88' lang='lat' dir='ltr'><strong>docuitexemplo</strong></span> <span class='ocrx_word' id='word_1_241' title='bbox 1385 2009 1451 2063; x_wconf 87' lang='lat' dir='ltr'><strong>ut</strong></span> <span class='ocrx_word' id='word_1_242' title='bbox 1473 2006 1728 2063; x_wconf 89' lang='lat' dir='ltr'><strong>disceret</strong></span> <span class='ocrx_word' id='word_1_243' title='bbox 1758 2006 1947 2062; x_wconf 90' lang='lat' dir='ltr'><strong>facere</strong></span> 
     </span>
    </p>
   </div>
   <div class='ocr_carea' id='block_1_36' title="bbox 299 2094 1949 2165">
    <p class='ocr_par' dir='ltr' id='par_1_36' title="bbox 299 2094 1949 2165">
     <span class='ocr_line' id='line_1_36' title="bbox 299 2094 1949 2165; baseline -0.002 -13"><span class='ocrx_word' id='word_1_244' title='bbox 299 2095 451 2165; x_wconf 90' lang='lat' dir='ltr'><strong>quod</strong></span> <span class='ocrx_word' id='word_1_245' title='bbox 470 2097 687 2151; x_wconf 83' lang='lat' dir='ltr'><strong>fecerat</strong></span> <span class='ocrx_word' id='word_1_246' title='bbox 711 2110 908 2151; x_wconf 89' lang='lat' dir='ltr'><strong>comes</strong></span> <span class='ocrx_word' id='word_1_247' title='bbox 929 2094 1164 2151; x_wconf 88' lang='lat' dir='ltr'><strong>comitis</strong></span> <span class='ocrx_word' id='word_1_248' title='bbox 1180 2095 1357 2165; x_wconf 81' lang='lat' dir='ltr'><strong>illius,</strong></span> <span class='ocrx_word' id='word_1_249' title='bbox 1375 2108 1484 2152; x_wconf 89' lang='lat' dir='ltr'><strong>nec</strong></span> <span class='ocrx_word' id='word_1_250' title='bbox 1497 2095 1880 2152; x_wconf 88' lang='lat' dir='ltr'><strong>erubesceret</strong></span> <span class='ocrx_word' id='word_1_251' title='bbox 1898 2094 1949 2150; x_wconf 92' lang='lat' dir='ltr'><strong>si</strong></span> 
     </span>
    </p>
   </div>
   <div class='ocr_carea' id='block_1_37' title="bbox 297 2182 1950 2256">
    <p class='ocr_par' dir='ltr' id='par_1_37' title="bbox 297 2182 1950 2256">
     <span class='ocr_line' id='line_1_37' title="bbox 297 2182 1950 2256; baseline 0.001 -18"><span class='ocrx_word' id='word_1_252' title='bbox 297 2184 347 2239; x_wconf 81' lang='lat' dir='ltr'><strong>ei</strong></span> <span class='ocrx_word' id='word_1_253' title='bbox 379 2184 814 2256; x_wconf 89' lang='lat' dir='ltr'><strong>improbaretur</strong></span> <span class='ocrx_word' id='word_1_254' title='bbox 856 2184 1072 2241; x_wconf 86' lang='lat' dir='ltr'><strong>factum</strong></span> <span class='ocrx_word' id='word_1_255' title='bbox 1124 2184 1279 2255; x_wconf 91' lang='lat' dir='ltr'><strong>quod</strong></span> <span class='ocrx_word' id='word_1_256' title='bbox 1340 2189 1638 2241; x_wconf 87' lang='lat' dir='ltr'><strong>constaret</strong></span> <span class='ocrx_word' id='word_1_257' title='bbox 1692 2183 1765 2238; x_wconf 90' lang='lat' dir='ltr'><strong>ab</strong></span> <span class='ocrx_word' id='word_1_258' title='bbox 1823 2182 1950 2253; x_wconf 93' lang='lat' dir='ltr'><strong>ipso</strong></span> 
     </span>
    </p>
   </div>
   <div class='ocr_carea' id='block_1_38' title="bbox 302 2271 1950 2344">
    <p class='ocr_par' dir='ltr' id='par_1_38' title="bbox 302 2271 1950 2344">
     <span class='ocr_line' id='line_1_38' title="bbox 302 2271 1950 2344; baseline -0.002 -15"><span class='ocrx_word' id='word_1_259' title='bbox 302 2272 592 2343; x_wconf 87' lang='lat' dir='ltr'><strong>quondam</strong></span> <span class='ocrx_word' id='word_1_260' title='bbox 608 2272 824 2328; x_wconf 90' lang='lat' dir='ltr'><strong>comite</strong></span> <span class='ocrx_word' id='word_1_261' title='bbox 838 2272 1112 2344; x_wconf 87' lang='lat' dir='ltr'><strong>primitus</strong></span> <span class='ocrx_word' id='word_1_262' title='bbox 1125 2272 1453 2329; x_wconf 89' lang='lat' dir='ltr'><strong>actitatum.</strong></span> <span class='ocrx_word' id='word_1_263' title='bbox 1481 2271 1732 2327; x_wconf 87' lang='lat' dir='ltr'><strong>Sedebat</strong></span> <span class='ocrx_word' id='word_1_264' title='bbox 1756 2276 1950 2326; x_wconf 88' lang='lat' dir='ltr'><strong>autem</strong></span> 
     </span>
    </p>
   </div>
   <div class='ocr_carea' id='block_1_39' title="bbox 301 2359 1955 2433">
    <p class='ocr_par' dir='ltr' id='par_1_39' title="bbox 301 2359 1955 2433">
     <span class='ocr_line' id='line_1_39' title="bbox 301 2359 1955 2433; baseline -0.001 -16"><span class='ocrx_word' id='word_1_265' title='bbox 301 2360 544 2433; x_wconf 88' lang='lat' dir='ltr'><strong>quadam</strong></span> <span class='ocrx_word' id='word_1_266' title='bbox 570 2359 837 2417; x_wconf 86' lang='lat' dir='ltr'><strong>dieidem</strong></span> <span class='ocrx_word' id='word_1_267' title='bbox 868 2360 1381 2417; x_wconf 83' lang='lat' dir='ltr'><strong>virmemorabilis</strong></span> <span class='ocrx_word' id='word_1_268' title='bbox 1431 2360 1486 2416; x_wconf 90' lang='lat' dir='ltr'><strong>in</strong></span> <span class='ocrx_word' id='word_1_269' title='bbox 1544 2359 1796 2430; x_wconf 89' lang='lat' dir='ltr'><strong>coquina</strong></span> <span class='ocrx_word' id='word_1_270' title='bbox 1851 2360 1955 2415; x_wconf 89' lang='lat' dir='ltr'><strong>fra-</strong></span> 
     </span>
    </p>
   </div>
   <div class='ocr_carea' id='block_1_40' title="bbox 298 2447 1956 2522">
    <p class='ocr_par' dir='ltr' id='par_1_40' title="bbox 298 2447 1956 2522">
     <span class='ocr_line' id='line_1_40' title="bbox 298 2447 1956 2522; baseline 0 -19"><span class='ocrx_word' id='word_1_271' title='bbox 298 2449 771 2522; x_wconf 89' lang='lat' dir='ltr'><strong>trum,etoperis</strong></span> <span class='ocrx_word' id='word_1_272' title='bbox 815 2450 1112 2522; x_wconf 88' lang='lat' dir='ltr'><strong>quippiam</strong></span> <span class='ocrx_word' id='word_1_273' title='bbox 1155 2450 1493 2518; x_wconf 80' lang='lat' dir='ltr'><strong>exercebat,</strong></span> <span class='ocrx_word' id='word_1_274' title='bbox 1537 2447 1821 2505; x_wconf 91' lang='lat' dir='ltr'><strong>scutellas</strong></span> <span class='ocrx_word' id='word_1_275' title='bbox 1858 2448 1956 2504; x_wconf 87' lang='lat' dir='ltr'><strong>ab-</strong></span> 
     </span>
    </p>
   </div>
   <div class='ocr_carea' id='block_1_41' title="bbox 302 2536 1958 2607">
    <p class='ocr_par' dir='ltr' id='par_1_41' title="bbox 302 2536 1958 2607">
     <span class='ocr_line' id='line_1_41' title="bbox 302 2536 1958 2607; baseline 0.001 -16"><span class='ocrx_word' id='word_1_276' title='bbox 302 2537 467 2596; x_wconf 90' lang='lat' dir='ltr'><strong>luens</strong></span> <span class='ocrx_word' id='word_1_277' title='bbox 493 2543 700 2595; x_wconf 89' lang='lat' dir='ltr'><strong>ctvasa</strong></span> <span class='ocrx_word' id='word_1_278' title='bbox 727 2537 838 2595; x_wconf 90' lang='lat' dir='ltr'><strong>alia</strong></span> <span class='ocrx_word' id='word_1_279' title='bbox 857 2539 1174 2606; x_wconf 88' lang='lat' dir='ltr'><strong>mundaus;</strong></span> <span class='ocrx_word' id='word_1_280' title='bbox 1199 2553 1329 2595; x_wconf 94' lang='lat' dir='ltr'><strong>cum</strong></span> <span class='ocrx_word' id='word_1_281' title='bbox 1348 2551 1486 2594; x_wconf 89' lang='lat' dir='ltr'><strong>ecce</strong></span> <span class='ocrx_word' id='word_1_282' title='bbox 1499 2537 1570 2594; x_wconf 90' lang='lat' dir='ltr'><strong>ad</strong></span> <span class='ocrx_word' id='word_1_283' title='bbox 1588 2536 1805 2593; x_wconf 90' lang='lat' dir='ltr'><strong>ostium</strong></span> <span class='ocrx_word' id='word_1_284' title='bbox 1822 2551 1958 2607; x_wconf 88' lang='lat' dir='ltr'><strong>quo-</strong></span> 
     </span>
    </p>
   </div>
   <div class='ocr_carea' id='block_1_42' title="bbox 302 2625 1955 2698">
    <p class='ocr_par' dir='ltr' id='par_1_42' title="bbox 302 2625 1955 2698">
     <span class='ocr_line' id='line_1_42' title="bbox 302 2625 1955 2698; baseline 0.001 -20"><span class='ocrx_word' id='word_1_285' title='bbox 302 2627 489 2698; x_wconf 71' lang='lat' dir='ltr'><strong>quina:</strong></span> <span class='ocrx_word' id='word_1_286' title='bbox 510 2626 860 2684; x_wconf 84' lang='lat' dir='ltr'><strong>Godefridus</strong></span> <span class='ocrx_word' id='word_1_287' title='bbox 877 2626 996 2684; x_wconf 88' lang='lat' dir='ltr'><strong>dux</strong></span> <span class='ocrx_word' id='word_1_288' title='bbox 1016 2626 1341 2696; x_wconf 89' lang='lat' dir='ltr'><strong>fraterejus</strong></span> <span class='ocrx_word' id='word_1_289' title='bbox 1370 2626 1691 2683; x_wconf 85' lang='lat' dir='ltr'><strong>adveniens</strong></span> <span class='ocrx_word' id='word_1_290' title='bbox 1729 2625 1955 2682; x_wconf 89' lang='lat' dir='ltr'><strong>aditum</strong></span> 
     </span>
    </p>
   </div>
   <div class='ocr_carea' id='block_1_43' title="bbox 303 2714 1957 2789">
    <p class='ocr_par' dir='ltr' id='par_1_43' title="bbox 303 2714 1957 2789">
     <span class='ocr_line' id='line_1_43' title="bbox 303 2714 1957 2789; baseline -0.001 -18"><span class='ocrx_word' id='word_1_291' title='bbox 303 2716 671 2786; x_wconf 88' lang='lat' dir='ltr'><strong>precabatur.</strong></span> <span class='ocrx_word' id='word_1_292' title='bbox 707 2716 809 2773; x_wconf 89' lang='lat' dir='ltr'><strong>Cui</strong></span> <span class='ocrx_word' id='word_1_293' title='bbox 860 2731 988 2773; x_wconf 89' lang='lat' dir='ltr'><strong>cum</strong></span> <span class='ocrx_word' id='word_1_294' title='bbox 1008 2715 1339 2789; x_wconf 86' lang='lat' dir='ltr'><strong>aperuisset</strong></span> <span class='ocrx_word' id='word_1_295' title='bbox 1367 2730 1518 2772; x_wconf 90' lang='lat' dir='ltr'><strong>unus</strong></span> <span class='ocrx_word' id='word_1_296' title='bbox 1557 2714 1957 2771; x_wconf 90' lang='lat' dir='ltr'><strong>ministrorum</strong></span> 
     </span>
    </p>
   </div>
   <div class='ocr_carea' id='block_1_44' title="bbox 302 2802 1957 2875">
    <p class='ocr_par' dir='ltr' id='par_1_44' title="bbox 302 2802 1957 2875">
     <span class='ocr_line' id='line_1_44' title="bbox 302 2802 1957 2875; baseline -0.002 -15"><span class='ocrx_word' id='word_1_297' title='bbox 302 2804 397 2874; x_wconf 89' lang='lat' dir='ltr'><strong>qui</strong></span> <span class='ocrx_word' id='word_1_298' title='bbox 416 2805 564 2860; x_wconf 80' lang='lat' dir='ltr'><strong>forte</strong></span> <span class='ocrx_word' id='word_1_299' title='bbox 580 2803 1404 2875; x_wconf 85' lang='lat' dir='ltr'><strong>aderat,vidensduxfratrem</strong></span> <span class='ocrx_word' id='word_1_300' title='bbox 1424 2818 1590 2861; x_wconf 89' lang='lat' dir='ltr'><strong>suum</strong></span> <span class='ocrx_word' id='word_1_301' title='bbox 1604 2802 1767 2874; x_wconf 89' lang='lat' dir='ltr'><strong>operi</strong></span> <span class='ocrx_word' id='word_1_302' title='bbox 1783 2806 1957 2873; x_wconf 90' lang='lat' dir='ltr'><strong>cepto</strong></span> 
     </span>
    </p>
   </div>
   <div class='ocr_carea' id='block_1_45' title="bbox 308 2890 1959 2963">
    <p class='ocr_par' dir='ltr' id='par_1_45' title="bbox 308 2890 1959 2963">
     <span class='ocr_line' id='line_1_45' title="bbox 308 2890 1959 2963; baseline 0.001 -19"><span class='ocrx_word' id='word_1_303' title='bbox 308 2892 909 2963; x_wconf 86' lang='lat' dir='ltr'><strong>iusistcntem,capite</strong></span> <span class='ocrx_word' id='word_1_304' title='bbox 931 2891 1213 2949; x_wconf 88' lang='lat' dir='ltr'><strong>inclinato</strong></span> <span class='ocrx_word' id='word_1_305' title='bbox 1244 2895 1304 2948; x_wconf 93' lang='lat' dir='ltr'><strong>et</strong></span> <span class='ocrx_word' id='word_1_306' title='bbox 1335 2891 1603 2948; x_wconf 91' lang='lat' dir='ltr'><strong>alludens</strong></span> <span class='ocrx_word' id='word_1_307' title='bbox 1637 2890 1709 2947; x_wconf 88' lang='lat' dir='ltr'><strong>ad</strong></span> <span class='ocrx_word' id='word_1_308' title='bbox 1750 2903 1959 2947; x_wconf 89' lang='lat' dir='ltr'><strong>nomen</strong></span> 
     </span>
    </p>
   </div>
   <div class='ocr_carea' id='block_1_46' title="bbox 303 2980 1963 3053">
    <p class='ocr_par' dir='ltr' id='par_1_46' title="bbox 303 2980 1963 3053">
     <span class='ocr_line' id='line_1_46' title="bbox 303 2980 1963 3053; baseline 0 -18"><span class='ocrx_word' id='word_1_309' title='bbox 303 2981 533 3037; x_wconf 83' lang='lat' dir='ltr'><strong>comitis</strong></span> <span class='ocrx_word' id='word_1_310' title='bbox 555 3000 574 3036; x_wconf 87' lang='lat'><em>:</em></span> <span class='ocrx_word' id='word_1_311' title='bbox 595 2982 727 3039; x_wconf 84' lang='lat' dir='ltr'><strong>Non</strong></span> <span class='ocrx_word' id='word_1_312' title='bbox 749 2980 997 3050; x_wconf 77' lang='lat' dir='ltr'><strong>deceret,</strong></span> <span class='ocrx_word' id='word_1_313' title='bbox 1022 2981 1128 3049; x_wconf 90' lang='lat' dir='ltr'><strong>ait,</strong></span> <span class='ocrx_word' id='word_1_314' title='bbox 1145 2981 1413 3038; x_wconf 77' lang='lat' dir='ltr'><strong>comitem</strong></span> <span class='ocrx_word' id='word_1_315' title='bbox 1433 2980 1590 3037; x_wconf 86' lang='lat' dir='ltr'><strong>talia</strong></span> <span class='ocrx_word' id='word_1_316' title='bbox 1588 2981 1823 3053; x_wconf 74' lang='lat' dir='ltr'><strong>facere,</strong></span> <span class='ocrx_word' id='word_1_317' title='bbox 1846 2993 1963 3036; x_wconf 86' lang='lat' dir='ltr'><strong>non</strong></span> 
     </span>
    </p>
   </div>
   <div class='ocr_carea' id='block_1_47' title="bbox 303 3067 1963 3140">
    <p class='ocr_par' dir='ltr' id='par_1_47' title="bbox 303 3067 1963 3140">
     <span class='ocr_line' id='line_1_47' title="bbox 303 3067 1963 3140; baseline -0.001 -15"><span class='ocrx_word' id='word_1_318' title='bbox 303 3071 456 3128; x_wconf 74' lang='lat' dir='ltr'><strong>enim</strong></span> <span class='ocrx_word' id='word_1_319' title='bbox 474 3067 960 3127; x_wconf 73' lang='lat' dir='ltr'><strong>sibieonccniunt</strong></span> <span class='ocrx_word' id='word_1_320' title='bbox 970 3070 1214 3125; x_wconf 84' lang='lat' dir='ltr'><strong>nomina</strong></span> <span class='ocrx_word' id='word_1_321' title='bbox 1227 3068 1483 3138; x_wconf 81' lang='lat' dir='ltr'><strong>ctactus,</strong></span> <span class='ocrx_word' id='word_1_322' title='bbox 1500 3068 1963 3140; x_wconf 78' lang='lat' dir='ltr'><strong>nobilitasgcnc-</strong></span> 
     </span>
    </p>
   </div>
   <div class='ocr_carea' id='block_1_48' title="bbox 303 3155 1960 3228">
    <p class='ocr_par' dir='ltr' id='par_1_48' title="bbox 303 3155 1960 3228">
     <span class='ocr_line' id='line_1_48' title="bbox 303 3155 1960 3228; baseline 0.001 -17"><span class='ocrx_word' id='word_1_323' title='bbox 303 3159 391 3215; x_wconf 76' lang='lat' dir='ltr'><strong>ris</strong></span> <span class='ocrx_word' id='word_1_324' title='bbox 429 3157 489 3213; x_wconf 70' lang='lat' dir='ltr'><strong>et</strong></span> <span class='ocrx_word' id='word_1_325' title='bbox 515 3157 768 3215; x_wconf 66' lang='lat' dir='ltr'><strong>cxibitio</strong></span> <span class='ocrx_word' id='word_1_326' title='bbox 818 3156 1032 3228; x_wconf 68' lang='lat' dir='ltr'><strong>operis.</strong></span> <span class='ocrx_word' id='word_1_327' title='bbox 1090 3158 1346 3228; x_wconf 87' lang='lat' dir='ltr'><strong>Cumque</strong></span> <span class='ocrx_word' id='word_1_328' title='bbox 1396 3157 1800 3228; x_wconf 83' lang='lat' dir='ltr'><strong>egrederetur,</strong></span> <span class='ocrx_word' id='word_1_329' title='bbox 1863 3155 1960 3213; x_wconf 90' lang='lat' dir='ltr'><strong>ille</strong></span> 
     </span>
    </p>
   </div>
   <div class='ocr_carea' id='block_1_49' title="bbox 302 3244 1962 3317">
    <p class='ocr_par' dir='ltr' id='par_1_49' title="bbox 302 3244 1962 3317">
     <span class='ocr_line' id='line_1_49' title="bbox 302 3244 1962 3317; baseline 0 -16"><span class='ocrx_word' id='word_1_330' title='bbox 302 3247 695 3317; x_wconf 69' lang='lat' dir='ltr'><strong>egredientem</strong></span> <span class='ocrx_word' id='word_1_331' title='bbox 737 3247 1161 3316; x_wconf 86' lang='lat' dir='ltr'><strong>subscquutus,</strong></span> <span class='ocrx_word' id='word_1_332' title='bbox 1215 3249 1383 3301; x_wconf 88' lang='lat' dir='ltr'><strong>nacta</strong></span> <span class='ocrx_word' id='word_1_333' title='bbox 1440 3245 1844 3317; x_wconf 85' lang='lat' dir='ltr'><strong>oportunitate</strong></span> <span class='ocrx_word' id='word_1_334' title='bbox 1882 3244 1962 3301; x_wconf 86' lang='lat' dir='ltr'><strong>lo-</strong></span> 
     </span>
    </p>
   </div>
   <div class='ocr_carea' id='block_1_50' title="bbox 305 3333 1960 3407">
    <p class='ocr_par' dir='ltr' id='par_1_50' title="bbox 305 3333 1960 3407">
     <span class='ocr_line' id='line_1_50' title="bbox 305 3333 1960 3407; baseline -0.001 -17"><span class='ocrx_word' id='word_1_335' title='bbox 305 3334 640 3406; x_wconf 81' lang='lat' dir='ltr'><strong>quendi,sic</strong></span> <span class='ocrx_word' id='word_1_336' title='bbox 656 3335 735 3391; x_wconf 88' lang='lat' dir='ltr'><strong>ait</strong></span> <span class='ocrx_word' id='word_1_337' title='bbox 756 3334 922 3391; x_wconf 82' lang='lat' dir='ltr'><strong>fratri</strong></span> <span class='ocrx_word' id='word_1_338' title='bbox 953 3353 965 3391; x_wconf 91' lang='lat'><strong>:</strong></span> <span class='ocrx_word' id='word_1_339' title='bbox 994 3333 1364 3406; x_wconf 71' lang='lat' dir='ltr'><strong>Optime,ait,</strong></span> <span class='ocrx_word' id='word_1_340' title='bbox 1395 3333 1803 3407; x_wconf 58' lang='lat' dir='ltr'><strong>jiroseguutus</strong></span> <span class='ocrx_word' id='word_1_341' title='bbox 1834 3347 1960 3403; x_wconf 71' lang='lat'><strong>68,0</strong></span> 
     </span>
    </p>
   </div>
   <div class='ocr_carea' id='block_1_51' title="bbox 302 3422 1961 3497">
    <p class='ocr_par' dir='ltr' id='par_1_51' title="bbox 302 3422 1961 3497">
     <span class='ocr_line' id='line_1_51' title="bbox 302 3422 1961 3497; baseline 0.001 -19"><span class='ocrx_word' id='word_1_342' title='bbox 302 3426 446 3495; x_wconf 59' lang='grc' dir='ltr'><strong>(ἵκω,</strong></span> <span class='ocrx_word' id='word_1_343' title='bbox 463 3425 611 3496; x_wconf 77' lang='lat' dir='ltr'><strong>quia</strong></span> <span class='ocrx_word' id='word_1_344' title='bbox 649 3426 823 3481; x_wconf 86' lang='lat' dir='ltr'><strong>tanta</strong></span> <span class='ocrx_word' id='word_1_345' title='bbox 843 3424 933 3481; x_wconf 83' lang='lat' dir='ltr'><strong>est</strong></span> <span class='ocrx_word' id='word_1_346' title='bbox 946 3424 1217 3495; x_wconf 75' lang='lat' dir='ltr'><strong>dignitas</strong></span> <span class='ocrx_word' id='word_1_347' title='bbox 1236 3423 1317 3480; x_wconf 76' lang='lat' dir='ltr'><strong>Izu</strong></span> <span class='ocrx_word' id='word_1_348' title='bbox 1318 3426 1425 3497; x_wconf 84' lang='lat' dir='ltr'><strong>jus</strong></span> <span class='ocrx_word' id='word_1_349' title='bbox 1436 3424 1636 3494; x_wconf 72' lang='lat' dir='ltr'><strong>oﬁcii,</strong></span> <span class='ocrx_word' id='word_1_350' title='bbox 1684 3422 1743 3479; x_wconf 80' lang='lat' dir='ltr'><strong>et</strong></span> <span class='ocrx_word' id='word_1_351' title='bbox 1755 3423 1961 3479; x_wconf 78' lang='lat' dir='ltr'><strong>tantus</strong></span> 
     </span>
    </p>
   </div>
   <div class='ocr_carea' id='block_1_52' title="bbox 303 3511 1956 3586">
    <p class='ocr_par' dir='ltr' id='par_1_52' title="bbox 303 3511 1956 3586">
     <span class='ocr_line' id='line_1_52' title="bbox 303 3511 1956 3586; baseline 0 -17"><span class='ocrx_word' id='word_1_352' title='bbox 303 3515 500 3572; x_wconf 60' lang='grc' dir='ltr'><em>ρεισκέ</em></span> <span class='ocrx_word' id='word_1_353' title='bbox 517 3514 884 3586; x_wconf 72' lang='lat' dir='ltr'><strong>inpenditur,</strong></span> <span class='ocrx_word' id='word_1_354' title='bbox 913 3511 1119 3570; x_wconf 77' lang='lat' dir='ltr'><strong>beatus</strong></span> <span class='ocrx_word' id='word_1_355' title='bbox 1139 3512 1372 3570; x_wconf 76' lang='lat' dir='ltr'><strong>scilicet</strong></span> <span class='ocrx_word' id='word_1_356' title='bbox 1383 3512 1603 3569; x_wconf 66' lang='lat' dir='ltr'><strong>Petrus</strong></span> <span class='ocrx_word' id='word_1_357' title='bbox 1634 3511 1956 3584; x_wconf 70' lang='lat' dir='ltr'><strong>apostolus,</strong></span> 
     </span>
    </p>
   </div>
   <div class='ocr_carea' id='block_1_53' title="bbox 303 3598 1965 3674">
    <p class='ocr_par' dir='ltr' id='par_1_53' title="bbox 303 3598 1965 3674">
     <span class='ocr_line' id='line_1_53' title="bbox 303 3598 1965 3674; baseline 0.001 -19"><span class='ocrx_word' id='word_1_358' title='bbox 303 3602 360 3658; x_wconf 77' lang='lat' dir='ltr'><strong>cl</strong></span> <span class='ocrx_word' id='word_1_359' title='bbox 377 3601 622 3657; x_wconf 83' lang='lat' dir='ltr'><strong>sanctus</strong></span> <span class='ocrx_word' id='word_1_360' title='bbox 642 3601 943 3674; x_wconf 75' lang='lat' dir='ltr'><strong>confessm-</strong></span> <span class='ocrx_word' id='word_1_361' title='bbox 966 3600 1403 3671; x_wconf 74' lang='lat' dir='ltr'><strong>Vitonus,guod</strong></span> <span class='ocrx_word' id='word_1_362' title='bbox 1430 3613 1533 3656; x_wconf 83' lang='lat' dir='ltr'><strong>nec</strong></span> <span class='ocrx_word' id='word_1_363' title='bbox 1567 3611 1656 3656; x_wconf 74' lang='lat' dir='ltr'><strong>me</strong></span> <span class='ocrx_word' id='word_1_364' title='bbox 1687 3598 1965 3670; x_wconf 74' lang='lat' dir='ltr'><strong>congruit</strong></span> 
     </span>
    </p>
   </div>
   <div class='ocr_carea' id='block_1_54' title="bbox 300 3686 1961 3760">
    <p class='ocr_par' dir='ltr' id='par_1_54' title="bbox 300 3686 1961 3760">
     <span class='ocr_line' id='line_1_54' title="bbox 300 3686 1961 3760; baseline -0.001 -15"><span class='ocrx_word' id='word_1_365' title='bbox 300 3688 618 3760; x_wconf 62' lang='lat' dir='ltr'><strong>genitali,</strong></span> <span class='ocrx_word' id='word_1_366' title='bbox 644 3689 1078 3760; x_wconf 63' lang='lat' dir='ltr'><strong>ulmei-sumam</strong></span> <span class='ocrx_word' id='word_1_367' title='bbox 1090 3687 1173 3744; x_wconf 85' lang='lat' dir='ltr'><strong>ad</strong></span> <span class='ocrx_word' id='word_1_368' title='bbox 1186 3688 1294 3745; x_wconf 74' lang='lat' dir='ltr'><strong>hoc</strong></span> <span class='ocrx_word' id='word_1_369' title='bbox 1309 3688 1396 3745; x_wconf 81' lang='lat' dir='ltr'><strong>cis</strong></span> <span class='ocrx_word' id='word_1_370' title='bbox 1412 3686 1767 3743; x_wconf 61' lang='lat' dir='ltr'><strong>cubandum</strong></span> <span class='ocrx_word' id='word_1_371' title='bbox 1781 3686 1961 3758; x_wconf 74' lang='lat' dir='ltr'><strong>quasi</strong></span> 
     </span>
    </p>
   </div>
   <div class='ocr_carea' id='block_1_55' title="bbox 302 3773 1960 3848">
    <p class='ocr_par' dir='ltr' id='par_1_55' title="bbox 302 3773 1960 3848">
     <span class='ocr_line' id='line_1_55' title="bbox 302 3773 1960 3848; baseline 0.001 -17"><span class='ocrx_word' id='word_1_372' title='bbox 302 3775 987 3848; x_wconf 70' lang='lat' dir='ltr'><strong>pronobilitategcncris</strong></span> <span class='ocrx_word' id='word_1_373' title='bbox 1020 3776 1139 3831; x_wconf 83' lang='lat' dir='ltr'><strong>mei</strong></span> <span class='ocrx_word' id='word_1_374' title='bbox 1161 3789 1303 3845; x_wconf 68' lang='lat' dir='ltr'><strong>meo</strong></span> <span class='ocrx_word' id='word_1_375' title='bbox 1323 3774 1494 3831; x_wconf 85' lang='lat' dir='ltr'><strong>tanta</strong></span> <span class='ocrx_word' id='word_1_376' title='bbox 1508 3775 1599 3832; x_wconf 76' lang='lat' dir='ltr'><strong>est</strong></span> <span class='ocrx_word' id='word_1_377' title='bbox 1643 3773 1960 3832; x_wconf 78' lang='lat' dir='ltr'><strong>humilitas</strong></span> 
     </span>
    </p>
   </div>
   <div class='ocr_carea' id='block_1_56' title="bbox 306 3862 1961 3935">
    <p class='ocr_par' dir='ltr' id='par_1_56' title="bbox 306 3862 1961 3935">
     <span class='ocr_line' id='line_1_56' title="bbox 306 3862 1961 3935; baseline 0 -15"><span class='ocrx_word' id='word_1_378' title='bbox 306 3880 453 3935; x_wconf 68' lang='lat' dir='ltr'><strong>mea,</strong></span> <span class='ocrx_word' id='word_1_379' title='bbox 477 3863 873 3921; x_wconf 77' lang='lat' dir='ltr'><strong>ulmorearab</strong></span> <span class='ocrx_word' id='word_1_380' title='bbox 888 3865 975 3921; x_wconf 82' lang='lat' dir='ltr'><strong>eis</strong></span> <span class='ocrx_word' id='word_1_381' title='bbox 988 3864 1051 3919; x_wconf 86' lang='lat' dir='ltr'><strong>in</strong></span> <span class='ocrx_word' id='word_1_382' title='bbox 1064 3863 1428 3934; x_wconf 76' lang='lat' dir='ltr'><strong>illorumgui</strong></span> <span class='ocrx_word' id='word_1_383' title='bbox 1449 3863 1555 3920; x_wconf 72' lang='lat' dir='ltr'><strong>hoc</strong></span> <span class='ocrx_word' id='word_1_384' title='bbox 1564 3862 1750 3933; x_wconf 71' lang='lat' dir='ltr'><strong>oﬂcio</strong></span> <span class='ocrx_word' id='word_1_385' title='bbox 1785 3862 1961 3935; x_wconf 87' lang='lat' dir='ltr'><strong>digni</strong></span> 
     </span>
    </p>
   </div>
   <div class='ocr_carea' id='block_1_57' title="bbox 308 3949 1962 4025">
    <p class='ocr_par' dir='ltr' id='par_1_57' title="bbox 308 3949 1962 4025">
     <span class='ocr_line' id='line_1_57' title="bbox 308 3949 1962 4025; baseline -0.002 -16"><span class='ocrx_word' id='word_1_386' title='bbox 308 3953 904 4011; x_wconf 73' lang='lat' dir='ltr'><strong>habenturconsortio</strong></span> <span class='ocrx_word' id='word_1_387' title='bbox 917 3952 1223 4025; x_wconf 71' lang='lat' dir='ltr'><strong>deputari.</strong></span> <span class='ocrx_word' id='word_1_388' title='bbox 1248 3953 1428 4007; x_wconf 89' lang='lat' dir='ltr'><strong>Tanta</strong></span> <span class='ocrx_word' id='word_1_389' title='bbox 1456 3954 1740 4009; x_wconf 89' lang='lat' dir='ltr'><strong>erattunc</strong></span> <span class='ocrx_word' id='word_1_390' title='bbox 1772 3949 1962 4021; x_wconf 91' lang='lat' dir='ltr'><strong>abjec-</strong></span> 
     </span>
    </p>
   </div>
   <div class='ocr_carea' id='block_1_58' title="bbox 308 4037 1961 4114">
    <p class='ocr_par' dir='ltr' id='par_1_58' title="bbox 308 4037 1961 4114">
     <span class='ocr_line' id='line_1_58' title="bbox 308 4037 1961 4114; baseline -0.002 -16"><span class='ocrx_word' id='word_1_391' title='bbox 308 4044 457 4099; x_wconf 78' lang='lat' dir='ltr'><strong>licet</strong></span> <span class='ocrx_word' id='word_1_392' title='bbox 476 4041 685 4099; x_wconf 90' lang='lat' dir='ltr'><strong>suimet</strong></span> <span class='ocrx_word' id='word_1_393' title='bbox 703 4041 1077 4114; x_wconf 89' lang='lat' dir='ltr'><strong>despcctioiu</strong></span> <span class='ocrx_word' id='word_1_394' title='bbox 1096 4038 1459 4098; x_wconf 90' lang='lat' dir='ltr'><strong>animaillius</strong></span> <span class='ocrx_word' id='word_1_395' title='bbox 1496 4038 1703 4111; x_wconf 85' lang='lat' dir='ltr'><strong>fidelis,</strong></span> <span class='ocrx_word' id='word_1_396' title='bbox 1739 4043 1800 4097; x_wconf 92' lang='lat' dir='ltr'><strong>ut</strong></span> <span class='ocrx_word' id='word_1_397' title='bbox 1833 4037 1961 4109; x_wconf 89' lang='lat' dir='ltr'><strong>ejus</strong></span> 
     </span>
    </p>
   </div>
   <div class='ocr_carea' id='block_1_59' title="bbox 308 4127 1960 4203">
    <p class='ocr_par' dir='ltr' id='par_1_59' title="bbox 308 4127 1960 4203">
     <span class='ocr_line' id='line_1_59' title="bbox 308 4127 1960 4203; baseline -0.001 -17"><span class='ocrx_word' id='word_1_398' title='bbox 308 4130 1065 4203; x_wconf 63' lang='lat' dir='ltr'><strong>humilitaspraedicaretur,</strong></span> <span class='ocrx_word' id='word_1_399' title='bbox 1091 4134 1149 4187; x_wconf 91' lang='lat' dir='ltr'><strong>et</strong></span> <span class='ocrx_word' id='word_1_400' title='bbox 1200 4128 1487 4187; x_wconf 89' lang='lat' dir='ltr'><strong>miraculo</strong></span> <span class='ocrx_word' id='word_1_401' title='bbox 1529 4132 1687 4186; x_wconf 89' lang='lat' dir='ltr'><strong>esset</strong></span> <span class='ocrx_word' id='word_1_402' title='bbox 1726 4127 1960 4185; x_wconf 89' lang='lat' dir='ltr'><strong>cunctis</strong></span> 
     </span>
    </p>
   </div>
   <div class='ocr_carea' id='block_1_60' title="bbox 307 4218 1959 4293">
    <p class='ocr_par' dir='ltr' id='par_1_60' title="bbox 307 4218 1959 4293">
     <span class='ocr_line' id='line_1_60' title="bbox 307 4218 1959 4293; baseline -0.003 -15"><span class='ocrx_word' id='word_1_403' title='bbox 307 4221 403 4293; x_wconf 88' lang='lat' dir='ltr'><strong>qui</strong></span> <span class='ocrx_word' id='word_1_404' title='bbox 420 4225 703 4277; x_wconf 86' lang='lat' dir='ltr'><strong>noverant</strong></span> <span class='ocrx_word' id='word_1_405' title='bbox 723 4219 1087 4277; x_wconf 85' lang='lat' dir='ltr'><strong>nobilitatem</strong></span> <span class='ocrx_word' id='word_1_406' title='bbox 1103 4218 1495 4291; x_wconf 85' lang='lat' dir='ltr'><strong>generisejus.</strong></span> <span class='ocrx_word' id='word_1_407' title='bbox 1542 4219 1679 4276; x_wconf 83' lang='lat' dir='ltr'><strong>Nam</strong></span> <span class='ocrx_word' id='word_1_408' title='bbox 1723 4233 1856 4276; x_wconf 89' lang='lat' dir='ltr'><strong>cum</strong></span> <span class='ocrx_word' id='word_1_409' title='bbox 1871 4232 1959 4274; x_wconf 88' lang='lat' dir='ltr'><strong>se-</strong></span> 
     </span>
    </p>
   </div>
   <div class='ocr_carea' id='block_1_61' title="bbox 306 4304 1961 4381">
    <p class='ocr_par' dir='ltr' id='par_1_61' title="bbox 306 4304 1961 4381">
     <span class='ocr_line' id='line_1_61' title="bbox 306 4304 1961 4381; baseline -0.003 -17"><span class='ocrx_word' id='word_1_410' title='bbox 306 4308 473 4365; x_wconf 80' lang='lat' dir='ltr'><strong>deret</strong></span> <span class='ocrx_word' id='word_1_411' title='bbox 496 4307 743 4380; x_wconf 88' lang='lat' dir='ltr'><strong>quadam</strong></span> <span class='ocrx_word' id='word_1_412' title='bbox 763 4307 887 4365; x_wconf 89' lang='lat' dir='ltr'><strong>vice</strong></span> <span class='ocrx_word' id='word_1_413' title='bbox 912 4308 1203 4381; x_wconf 89' lang='lat' dir='ltr'><strong>privatus,</strong></span> <span class='ocrx_word' id='word_1_414' title='bbox 1227 4311 1285 4364; x_wconf 91' lang='lat' dir='ltr'><strong>et</strong></span> <span class='ocrx_word' id='word_1_415' title='bbox 1302 4322 1545 4365; x_wconf 90' lang='lat' dir='ltr'><strong>necesse</strong></span> <span class='ocrx_word' id='word_1_416' title='bbox 1586 4310 1745 4363; x_wconf 91' lang='lat' dir='ltr'><strong>esset</strong></span> <span class='ocrx_word' id='word_1_417' title='bbox 1765 4305 1817 4363; x_wconf 92' lang='lat' dir='ltr'><strong>ei</strong></span> <span class='ocrx_word' id='word_1_418' title='bbox 1844 4304 1961 4363; x_wconf 88' lang='lat' dir='ltr'><strong>cal-</strong></span> 
     </span>
    </p>
   </div>
   <div class='ocr_carea' id='block_1_62' title="bbox 305 4393 1962 4469">
    <p class='ocr_par' dir='ltr' id='par_1_62' title="bbox 305 4393 1962 4469">
     <span class='ocr_line' id='line_1_62' title="bbox 305 4393 1962 4469; baseline -0.001 -17"><span class='ocrx_word' id='word_1_419' title='bbox 305 4396 1031 4469; x_wconf 82' lang='lat' dir='ltr'><strong>ceoscxtrahere,quidam</strong></span> <span class='ocrx_word' id='word_1_420' title='bbox 1048 4395 1119 4452; x_wconf 88' lang='lat' dir='ltr'><strong>de</strong></span> <span class='ocrx_word' id='word_1_421' title='bbox 1136 4394 1443 4466; x_wconf 82' lang='lat' dir='ltr'><strong>fratribus,</strong></span> <span class='ocrx_word' id='word_1_422' title='bbox 1484 4408 1658 4466; x_wconf 86' lang='lat' dir='ltr'><strong>quem</strong></span> <span class='ocrx_word' id='word_1_423' title='bbox 1704 4393 1832 4465; x_wconf 90' lang='lat' dir='ltr'><strong>ipse</strong></span> <span class='ocrx_word' id='word_1_424' title='bbox 1872 4407 1962 4451; x_wconf 88' lang='lat' dir='ltr'><strong>se-</strong></span> 
     </span>
    </p>
   </div>
   <div class='ocr_carea' id='block_1_63' title="bbox 308 4483 1962 4558">
    <p class='ocr_par' dir='ltr' id='par_1_63' title="bbox 308 4483 1962 4558">
     <span class='ocr_line' id='line_1_63' title="bbox 308 4483 1962 4558; baseline -0.001 -17"><span class='ocrx_word' id='word_1_425' title='bbox 308 4503 432 4541; x_wconf 85' lang='lat' dir='ltr'><strong>nem</strong></span> <span class='ocrx_word' id='word_1_426' title='bbox 448 4486 563 4542; x_wconf 91' lang='lat' dir='ltr'><strong>vidi</strong></span> <span class='ocrx_word' id='word_1_427' title='bbox 587 4490 643 4542; x_wconf 89' lang='lat' dir='ltr'><strong>et</strong></span> <span class='ocrx_word' id='word_1_428' title='bbox 669 4500 700 4542; x_wconf 87' lang='lat' dir='ltr'><strong>a</strong></span> <span class='ocrx_word' id='word_1_429' title='bbox 723 4500 837 4557; x_wconf 89' lang='lat' dir='ltr'><strong>quo</strong></span> <span class='ocrx_word' id='word_1_430' title='bbox 852 4484 1135 4558; x_wconf 90' lang='lat' dir='ltr'><strong>puerulus</strong></span> <span class='ocrx_word' id='word_1_431' title='bbox 1155 4484 1265 4540; x_wconf 90' lang='lat' dir='ltr'><strong>ista</strong></span> <span class='ocrx_word' id='word_1_432' title='bbox 1279 4483 1501 4554; x_wconf 89' lang='lat' dir='ltr'><strong>audivi,</strong></span> <span class='ocrx_word' id='word_1_433' title='bbox 1554 4483 1846 4539; x_wconf 76' lang='lat' dir='ltr'><strong>Iohannes</strong></span> <span class='ocrx_word' id='word_1_434' title='bbox 1865 4496 1962 4539; x_wconf 91' lang='lat' dir='ltr'><strong>uo-</strong></span> 
     </span>
    </p>
   </div>
   <div class='ocr_carea' id='block_1_64' title="bbox 2063 1912 3717 1989">
    <p class='ocr_par' dir='ltr' id='par_1_64' title="bbox 2063 1912 3717 1989">
     <span class='ocr_line' id='line_1_64' title="bbox 2063 1912 3717 1989; baseline 0.003 -20"><span class='ocrx_word' id='word_1_435' title='bbox 2063 1913 2262 1986; x_wconf 87' lang='lat' dir='ltr'><strong>perius</strong></span> <span class='ocrx_word' id='word_1_436' title='bbox 2275 1928 2479 1970; x_wconf 88' lang='lat' dir='ltr'><strong>versus</strong></span> <span class='ocrx_word' id='word_1_437' title='bbox 2491 1912 2784 1971; x_wconf 88' lang='lat' dir='ltr'><strong>cancellos</strong></span> <span class='ocrx_word' id='word_1_438' title='bbox 2801 1914 2963 1971; x_wconf 89' lang='lat' dir='ltr'><strong>chori</strong></span> <span class='ocrx_word' id='word_1_439' title='bbox 2981 1918 3435 1975; x_wconf 90' lang='lat' dir='ltr'><strong>transmutatum</strong></span> <span class='ocrx_word' id='word_1_440' title='bbox 3458 1921 3570 1989; x_wconf 88' lang='lat' dir='ltr'><strong>est,</strong></span> <span class='ocrx_word' id='word_1_441' title='bbox 3616 1933 3717 1976; x_wconf 89' lang='lat' dir='ltr'><strong>ca-</strong></span> 
     </span>
    </p>
   </div>
   <div class='ocr_carea' id='block_1_65' title="bbox 2062 2001 3713 2077">
    <p class='ocr_par' dir='ltr' id='par_1_65' title="bbox 2062 2001 3713 2077">
     <span class='ocr_line' id='line_1_65' title="bbox 2062 2001 3713 2077; baseline 0.001 -18"><span class='ocrx_word' id='word_1_442' title='bbox 2062 2002 2186 2059; x_wconf 90' lang='lat' dir='ltr'><strong>sula</strong></span> <span class='ocrx_word' id='word_1_443' title='bbox 2204 2017 2349 2059; x_wconf 92' lang='lat' dir='ltr'><strong>nova</strong></span> <span class='ocrx_word' id='word_1_444' title='bbox 2364 2003 2419 2058; x_wconf 90' lang='lat' dir='ltr'><strong>et</strong></span> <span class='ocrx_word' id='word_1_445' title='bbox 2436 2001 2969 2059; x_wconf 88' lang='lat' dir='ltr'><strong>sandaliishoneste</strong></span> <span class='ocrx_word' id='word_1_446' title='bbox 2984 2008 3390 2075; x_wconf 79' lang='lat' dir='ltr'><strong>procuratum,</strong></span> <span class='ocrx_word' id='word_1_447' title='bbox 3407 2010 3463 2061; x_wconf 89' lang='lat' dir='ltr'><strong>et</strong></span> <span class='ocrx_word' id='word_1_448' title='bbox 3478 2006 3713 2077; x_wconf 81' lang='lat' dir='ltr'><strong>eregio-</strong></span> 
     </span>
    </p>
   </div>
   <div class='ocr_carea' id='block_1_66' title="bbox 2062 2090 3712 2167">
    <p class='ocr_par' dir='ltr' id='par_1_66' title="bbox 2062 2090 3712 2167">
     <span class='ocr_line' id='line_1_66' title="bbox 2062 2090 3712 2167; baseline 0.004 -20"><span class='ocrx_word' id='word_1_449' title='bbox 2062 2090 2643 2163; x_wconf 82' lang='lat' dir='ltr'><strong>nesepulchrialtare</strong></span> <span class='ocrx_word' id='word_1_450' title='bbox 2660 2091 2846 2147; x_wconf 89' lang='lat' dir='ltr'><strong>sancti</strong></span> <span class='ocrx_word' id='word_1_451' title='bbox 2867 2092 3122 2163; x_wconf 83' lang='lat' dir='ltr'><strong>Firmiui,</strong></span> <span class='ocrx_word' id='word_1_452' title='bbox 3146 2093 3296 2164; x_wconf 89' lang='lat' dir='ltr'><strong>quod</strong></span> <span class='ocrx_word' id='word_1_453' title='bbox 3341 2094 3525 2167; x_wconf 91' lang='lat' dir='ltr'><strong>ipsius</strong></span> <span class='ocrx_word' id='word_1_454' title='bbox 3563 2099 3712 2154; x_wconf 86' lang='lat' dir='ltr'><strong>tem-</strong></span> 
     </span>
    </p>
   </div>
   <div class='ocr_carea' id='block_1_67' title="bbox 2065 2180 3710 2256">
    <p class='ocr_par' dir='ltr' id='par_1_67' title="bbox 2065 2180 3710 2256">
     <span class='ocr_line' id='line_1_67' title="bbox 2065 2180 3710 2256; baseline 0.003 -20"><span class='ocrx_word' id='word_1_455' title='bbox 2065 2180 2682 2253; x_wconf 88' lang='lat' dir='ltr'><strong>porcabeoiuventum</strong></span> <span class='ocrx_word' id='word_1_456' title='bbox 2711 2184 2825 2250; x_wconf 89' lang='lat' dir='ltr'><strong>est,</strong></span> <span class='ocrx_word' id='word_1_457' title='bbox 2868 2181 3146 2251; x_wconf 90' lang='lat' dir='ltr'><strong>positum.</strong></span> <span class='ocrx_word' id='word_1_458' title='bbox 3191 2185 3262 2239; x_wconf 84' lang='lat' dir='ltr'><strong>At</strong></span> <span class='ocrx_word' id='word_1_459' title='bbox 3303 2197 3440 2240; x_wconf 83' lang='lat' dir='ltr'><strong>vero</strong></span> <span class='ocrx_word' id='word_1_460' title='bbox 3488 2198 3710 2256; x_wconf 87' lang='lat' dir='ltr'><strong>corpus</strong></span> 
     </span>
    </p>
   </div>
   <div class='ocr_carea' id='block_1_68' title="bbox 2064 2268 3708 2343">
    <p class='ocr_par' dir='ltr' id='par_1_68' title="bbox 2064 2268 3708 2343">
     <span class='ocr_line' id='line_1_68' title="bbox 2064 2268 3708 2343; baseline 0.001 -17"><span class='ocrx_word' id='word_1_461' title='bbox 2064 2269 2257 2326; x_wconf 88' lang='lat' dir='ltr'><strong>domui</strong></span> <span class='ocrx_word' id='word_1_462' title='bbox 2280 2268 2532 2325; x_wconf 86' lang='lat' dir='ltr'><strong>Dadonis</strong></span> <span class='ocrx_word' id='word_1_463' title='bbox 2546 2269 2802 2340; x_wconf 87' lang='lat' dir='ltr'><strong>episcopi</strong></span> <span class='ocrx_word' id='word_1_464' title='bbox 2821 2270 3105 2339; x_wconf 81' lang='lat' dir='ltr'><strong>eregione</strong></span> <span class='ocrx_word' id='word_1_465' title='bbox 3146 2269 3395 2327; x_wconf 88' lang='lat' dir='ltr'><strong>duorum</strong></span> <span class='ocrx_word' id='word_1_466' title='bbox 3438 2273 3708 2343; x_wconf 89' lang='lat' dir='ltr'><strong>supradi-</strong></span> 
     </span>
    </p>
   </div>
   <div class='ocr_carea' id='block_1_69' title="bbox 2062 2358 3715 2430">
    <p class='ocr_par' dir='ltr' id='par_1_69' title="bbox 2062 2358 3715 2430">
     <span class='ocr_line' id='line_1_69' title="bbox 2062 2358 3715 2430; baseline 0.004 -17"><span class='ocrx_word' id='word_1_467' title='bbox 2062 2361 2290 2415; x_wconf 89' lang='lat' dir='ltr'><strong>ctorum</strong></span> <span class='ocrx_word' id='word_1_468' title='bbox 2311 2358 2645 2430; x_wconf 86' lang='lat' dir='ltr'><strong>pontificum</strong></span> <span class='ocrx_word' id='word_1_469' title='bbox 2661 2358 2732 2414; x_wconf 91' lang='lat' dir='ltr'><strong>ad</strong></span> <span class='ocrx_word' id='word_1_470' title='bbox 2755 2358 2954 2416; x_wconf 63' lang='lat' dir='ltr'><strong>laevam</strong></span> <span class='ocrx_word' id='word_1_471' title='bbox 2974 2360 3203 2416; x_wconf 90' lang='lat' dir='ltr'><strong>scilicet</strong></span> <span class='ocrx_word' id='word_1_472' title='bbox 3217 2361 3413 2418; x_wconf 89' lang='lat' dir='ltr'><strong>crucis</strong></span> <span class='ocrx_word' id='word_1_473' title='bbox 3430 2366 3715 2419; x_wconf 86' lang='lat' dir='ltr'><strong>monaste-</strong></span> 
     </span>
    </p>
   </div>
   <div class='ocr_carea' id='block_1_70' title="bbox 2066 2446 3713 2518">
    <p class='ocr_par' dir='ltr' id='par_1_70' title="bbox 2066 2446 3713 2518">
     <span class='ocr_line' id='line_1_70' title="bbox 2066 2446 3713 2518; baseline 0.002 -16"><span class='ocrx_word' id='word_1_474' title='bbox 2066 2446 2134 2502; x_wconf 92' lang='lat' dir='ltr'><strong>rii</strong></span> <span class='ocrx_word' id='word_1_475' title='bbox 2151 2446 2222 2501; x_wconf 90' lang='lat' dir='ltr'><strong>ad</strong></span> <span class='ocrx_word' id='word_1_476' title='bbox 2234 2446 2531 2503; x_wconf 88' lang='lat' dir='ltr'><strong>sinistram</strong></span> <span class='ocrx_word' id='word_1_477' title='bbox 2548 2452 2772 2518; x_wconf 88' lang='lat' dir='ltr'><strong>partem</strong></span> <span class='ocrx_word' id='word_1_478' title='bbox 2785 2447 2991 2504; x_wconf 87' lang='lat' dir='ltr'><strong>altaris</strong></span> <span class='ocrx_word' id='word_1_479' title='bbox 3002 2449 3187 2505; x_wconf 91' lang='lat' dir='ltr'><strong>sancti</strong></span> <span class='ocrx_word' id='word_1_480' title='bbox 3202 2449 3427 2506; x_wconf 70' lang='lat' dir='ltr'><strong>Martini</strong></span> <span class='ocrx_word' id='word_1_481' title='bbox 3444 2450 3713 2507; x_wconf 83' lang='lat' dir='ltr'><strong>honoriﬁ-</strong></span> 
     </span>
    </p>
   </div>
   <div class='ocr_carea' id='block_1_71' title="bbox 2065 2534 3709 2611">
    <p class='ocr_par' dir='ltr' id='par_1_71' title="bbox 2065 2534 3709 2611">
     <span class='ocr_line' id='line_1_71' title="bbox 2065 2534 3709 2611; baseline 0.002 -19"><span class='ocrx_word' id='word_1_482' title='bbox 2065 2534 2508 2592; x_wconf 89' lang='lat' dir='ltr'><strong>cereeonditum</strong></span> <span class='ocrx_word' id='word_1_483' title='bbox 2541 2540 2652 2591; x_wconf 89' lang='lat' dir='ltr'><strong>est.</strong></span> <span class='ocrx_word' id='word_1_484' title='bbox 2696 2534 3076 2607; x_wconf 81' lang='lat' dir='ltr'><strong>Reliquorum</strong></span> <span class='ocrx_word' id='word_1_485' title='bbox 3122 2551 3257 2594; x_wconf 85' lang='lat' dir='ltr'><strong>vero</strong></span> <span class='ocrx_word' id='word_1_486' title='bbox 3297 2537 3709 2611; x_wconf 90' lang='lat' dir='ltr'><strong>episcoporum</strong></span> 
     </span>
    </p>
   </div>
   <div class='ocr_carea' id='block_1_72' title="bbox 2065 2624 3709 2699">
    <p class='ocr_par' dir='ltr' id='par_1_72' title="bbox 2065 2624 3709 2699">
     <span class='ocr_line' id='line_1_72' title="bbox 2065 2624 3709 2699; baseline 0.004 -18"><span class='ocrx_word' id='word_1_487' title='bbox 2065 2638 2315 2696; x_wconf 91' lang='lat' dir='ltr'><strong>corpora</strong></span> <span class='ocrx_word' id='word_1_488' title='bbox 2332 2624 2477 2680; x_wconf 86' lang='lat' dir='ltr'><strong>infra</strong></span> <span class='ocrx_word' id='word_1_489' title='bbox 2494 2624 2735 2681; x_wconf 91' lang='lat' dir='ltr'><strong>chorum</strong></span> <span class='ocrx_word' id='word_1_490' title='bbox 2748 2625 3148 2693; x_wconf 90' lang='lat' dir='ltr'><strong>continentur,</strong></span> <span class='ocrx_word' id='word_1_491' title='bbox 3181 2629 3238 2684; x_wconf 92' lang='lat' dir='ltr'><strong>et</strong></span> <span class='ocrx_word' id='word_1_492' title='bbox 3254 2626 3504 2699; x_wconf 89' lang='lat' dir='ltr'><strong>desuper</strong></span> <span class='ocrx_word' id='word_1_493' title='bbox 3541 2629 3709 2687; x_wconf 90' lang='lat' dir='ltr'><strong>tabu-</strong></span> 
     </span>
    </p>
   </div>
   <div class='ocr_carea' id='block_1_73' title="bbox 2067 2713 3707 2786">
    <p class='ocr_par' dir='ltr' id='par_1_73' title="bbox 2067 2713 3707 2786">
     <span class='ocr_line' id='line_1_73' title="bbox 2067 2713 3707 2786; baseline 0.001 -16"><span class='ocrx_word' id='word_1_494' title='bbox 2067 2714 2249 2770; x_wconf 80' lang='lat' dir='ltr'><strong>latum</strong></span> <span class='ocrx_word' id='word_1_495' title='bbox 2268 2713 2649 2785; x_wconf 90' lang='lat' dir='ltr'><strong>delapidibus</strong></span> <span class='ocrx_word' id='word_1_496' title='bbox 2662 2714 2842 2770; x_wconf 91' lang='lat' dir='ltr'><strong>sectis</strong></span> <span class='ocrx_word' id='word_1_497' title='bbox 2854 2719 2914 2770; x_wconf 91' lang='lat' dir='ltr'><strong>et</strong></span> <span class='ocrx_word' id='word_1_498' title='bbox 2931 2715 3236 2786; x_wconf 87' lang='lat' dir='ltr'><strong>quadratis</strong></span> <span class='ocrx_word' id='word_1_499' title='bbox 3251 2716 3589 2774; x_wconf 89' lang='lat' dir='ltr'><strong>factumest.</strong></span> <span class='ocrx_word' id='word_1_500' title='bbox 3609 2716 3707 2775; x_wconf 79' lang='lat' dir='ltr'><strong>At-</strong></span> 
     </span>
    </p>
   </div>
   <div class='ocr_carea' id='block_1_74' title="bbox 2067 2802 3707 2878">
    <p class='ocr_par' dir='ltr' id='par_1_74' title="bbox 2067 2802 3707 2878">
     <span class='ocr_line' id='line_1_74' title="bbox 2067 2802 3707 2878; baseline 0.002 -20"><span class='ocrx_word' id='word_1_501' title='bbox 2067 2808 2261 2859; x_wconf 87' lang='lat' dir='ltr'><strong>tamen</strong></span> <span class='ocrx_word' id='word_1_502' title='bbox 2278 2802 2958 2874; x_wconf 88' lang='lat' dir='ltr'><strong>quiuqueepiscoporum</strong></span> <span class='ocrx_word' id='word_1_503' title='bbox 2996 2818 3243 2876; x_wconf 88' lang='lat' dir='ltr'><strong>corpora</strong></span> <span class='ocrx_word' id='word_1_504' title='bbox 3275 2806 3482 2862; x_wconf 89' lang='lat' dir='ltr'><strong>subtus</strong></span> <span class='ocrx_word' id='word_1_505' title='bbox 3521 2805 3707 2878; x_wconf 74' lang='lat' dir='ltr'><strong>pulpi-</strong></span> 
     </span>
    </p>
   </div>
   <div class='ocr_carea' id='block_1_75' title="bbox 2070 2890 3707 2962">
    <p class='ocr_par' dir='ltr' id='par_1_75' title="bbox 2070 2890 3707 2962">
     <span class='ocr_line' id='line_1_75' title="bbox 2070 2890 3707 2962; baseline 0.002 -15"><span class='ocrx_word' id='word_1_506' title='bbox 2070 2895 2346 2962; x_wconf 82' lang='lat' dir='ltr'><strong>tuni,quo</strong></span> <span class='ocrx_word' id='word_1_507' title='bbox 2366 2890 2745 2961; x_wconf 74' lang='lat' dir='ltr'><strong>aevaugclium</strong></span> <span class='ocrx_word' id='word_1_508' title='bbox 2762 2892 3067 2960; x_wconf 88' lang='lat' dir='ltr'><strong>recitatur,</strong></span> <span class='ocrx_word' id='word_1_509' title='bbox 3104 2892 3394 2950; x_wconf 88' lang='lat' dir='ltr'><strong>contineri</strong></span> <span class='ocrx_word' id='word_1_510' title='bbox 3435 2908 3464 2949; x_wconf 89' lang='lat' dir='ltr'><strong>a</strong></span> <span class='ocrx_word' id='word_1_511' title='bbox 3505 2894 3707 2951; x_wconf 88' lang='lat' dir='ltr'><strong>multis</strong></span> 
     </span>
    </p>
   </div>
   <div class='ocr_carea' id='block_1_76' title="bbox 2071 2981 3703 3050">
    <p class='ocr_par' dir='ltr' id='par_1_76' title="bbox 2071 2981 3703 3050">
     <span class='ocr_line' id='line_1_76' title="bbox 2071 2981 3703 3050; baseline 0 -13"><span class='ocrx_word' id='word_1_512' title='bbox 2071 2981 2422 3050; x_wconf 88' lang='lat' dir='ltr'><strong>audivimus,</strong></span> <span class='ocrx_word' id='word_1_513' title='bbox 2464 2996 2707 3050; x_wconf 69' lang='lat' dir='ltr'><strong>quoaum</strong></span> <span class='ocrx_word' id='word_1_514' title='bbox 2759 2985 2946 3038; x_wconf 87' lang='lat' dir='ltr'><strong>tamen</strong></span> <span class='ocrx_word' id='word_1_515' title='bbox 2966 2981 3192 3038; x_wconf 90' lang='lat' dir='ltr'><strong>nomina</strong></span> <span class='ocrx_word' id='word_1_516' title='bbox 3234 2997 3347 3039; x_wconf 90' lang='lat' dir='ltr'><strong>non</strong></span> <span class='ocrx_word' id='word_1_517' title='bbox 3412 2987 3703 3040; x_wconf 69' lang='lat' dir='ltr'><strong>tenuius.</strong></span> 
     </span>
    </p>
   </div>
   <div class='ocr_carea' id='block_1_77' title="bbox 2073 3069 3705 3142">
    <p class='ocr_par' dir='ltr' id='par_1_77' title="bbox 2073 3069 3705 3142">
     <span class='ocr_line' id='line_1_77' title="bbox 2073 3069 3705 3142; baseline 0.001 -16"><span class='ocrx_word' id='word_1_518' title='bbox 2073 3070 2215 3142; x_wconf 81' lang='lat' dir='ltr'><strong>(Fol.</strong></span> <span class='ocrx_word' id='word_1_519' title='bbox 2234 3072 2347 3141; x_wconf 85' lang='lat'><strong>77.)</strong></span> <span class='ocrx_word' id='word_1_520' title='bbox 2371 3069 2663 3140; x_wconf 84' lang='lat' dir='ltr'><strong>Pulpitum</strong></span> <span class='ocrx_word' id='word_1_521' title='bbox 2681 3074 2874 3127; x_wconf 86' lang='lat' dir='ltr'><strong>autem</strong></span> <span class='ocrx_word' id='word_1_522' title='bbox 2888 3084 3003 3126; x_wconf 75' lang='lat' dir='ltr'><strong>:ere</strong></span> <span class='ocrx_word' id='word_1_523' title='bbox 3014 3070 3240 3127; x_wconf 80' lang='lat' dir='ltr'><strong>crebris</strong></span> <span class='ocrx_word' id='word_1_524' title='bbox 3261 3070 3705 3129; x_wconf 88' lang='lat' dir='ltr'><strong>tuusiouibusin</strong></span> 
     </span>
    </p>
   </div>
   <div class='ocr_carea' id='block_1_78' title="bbox 2073 3155 3703 3230">
    <p class='ocr_par' dir='ltr' id='par_1_78' title="bbox 2073 3155 3703 3230">
     <span class='ocr_line' id='line_1_78' title="bbox 2073 3155 3703 3230; baseline -0.001 -15"><span class='ocrx_word' id='word_1_525' title='bbox 2073 3155 2678 3228; x_wconf 85' lang='lat' dir='ltr'><strong>lamiuastabulasquc</strong></span> <span class='ocrx_word' id='word_1_526' title='bbox 2711 3158 3020 3230; x_wconf 88' lang='lat' dir='ltr'><strong>producto,</strong></span> <span class='ocrx_word' id='word_1_527' title='bbox 3065 3163 3126 3214; x_wconf 88' lang='lat' dir='ltr'><strong>et</strong></span> <span class='ocrx_word' id='word_1_528' title='bbox 3170 3159 3451 3215; x_wconf 82' lang='lat' dir='ltr'><strong>deaurato</strong></span> <span class='ocrx_word' id='word_1_529' title='bbox 3492 3160 3703 3216; x_wconf 84' lang='lat' dir='ltr'><strong>factum</strong></span> 
     </span>
    </p>
   </div>
   <div class='ocr_carea' id='block_1_79' title="bbox 2070 3247 3709 3319">
    <p class='ocr_par' dir='ltr' id='par_1_79' title="bbox 2070 3247 3709 3319">
     <span class='ocr_line' id='line_1_79' title="bbox 2070 3247 3709 3319; baseline -0.001 -15"><span class='ocrx_word' id='word_1_530' title='bbox 2070 3263 2200 3305; x_wconf 87' lang='lat' dir='ltr'><strong>esse</strong></span> <span class='ocrx_word' id='word_1_531' title='bbox 2215 3251 2449 3303; x_wconf 89' lang='lat' dir='ltr'><strong>constat</strong></span> <span class='ocrx_word' id='word_1_532' title='bbox 2488 3247 2634 3303; x_wconf 87' lang='lat' dir='ltr'><strong>satis</strong></span> <span class='ocrx_word' id='word_1_533' title='bbox 2648 3251 2919 3303; x_wconf 87' lang='lat' dir='ltr'><strong>accurate</strong></span> <span class='ocrx_word' id='word_1_534' title='bbox 2933 3251 2993 3302; x_wconf 91' lang='lat' dir='ltr'><strong>et</strong></span> <span class='ocrx_word' id='word_1_535' title='bbox 3006 3247 3323 3318; x_wconf 84' lang='lat' dir='ltr'><strong>eleganter,</strong></span> <span class='ocrx_word' id='word_1_536' title='bbox 3339 3253 3400 3303; x_wconf 90' lang='lat' dir='ltr'><strong>et</strong></span> <span class='ocrx_word' id='word_1_537' title='bbox 3419 3262 3520 3319; x_wconf 86' lang='lat' dir='ltr'><strong>per</strong></span> <span class='ocrx_word' id='word_1_538' title='bbox 3542 3252 3607 3305; x_wconf 78' lang='grc'><strong>12</strong></span> <span class='ocrx_word' id='word_1_539' title='bbox 3621 3251 3709 3303; x_wconf 89' lang='lat' dir='ltr'><strong>ta-</strong></span> 
     </span>
    </p>
   </div>
   <div class='ocr_carea' id='block_1_80' title="bbox 2072 3335 3705 3408">
    <p class='ocr_par' dir='ltr' id='par_1_80' title="bbox 2072 3335 3705 3408">
     <span class='ocr_line' id='line_1_80' title="bbox 2072 3335 3705 3408; baseline -0.002 -14"><span class='ocrx_word' id='word_1_540' title='bbox 2072 3336 2259 3407; x_wconf 89' lang='lat' dir='ltr'><strong>bulas,</strong></span> <span class='ocrx_word' id='word_1_541' title='bbox 2304 3336 2801 3407; x_wconf 78' lang='lat' dir='ltr'><strong>12prophetarum</strong></span> <span class='ocrx_word' id='word_1_542' title='bbox 2848 3335 3147 3406; x_wconf 80' lang='lat' dir='ltr'><strong>imagines,</strong></span> <span class='ocrx_word' id='word_1_543' title='bbox 3191 3340 3257 3393; x_wconf 78' lang='grc'><strong>12</strong></span> <span class='ocrx_word' id='word_1_544' title='bbox 3307 3335 3705 3408; x_wconf 87' lang='lat' dir='ltr'><strong>apostolorum</strong></span> 
     </span>
    </p>
   </div>
   <div class='ocr_carea' id='block_1_81' title="bbox 2070 3422 3705 3496">
    <p class='ocr_par' dir='ltr' id='par_1_81' title="bbox 2070 3422 3705 3496">
     <span class='ocr_line' id='line_1_81' title="bbox 2070 3422 3705 3496; baseline -0.001 -14"><span class='ocrx_word' id='word_1_545' title='bbox 2070 3424 2769 3493; x_wconf 89' lang='lat' dir='ltr'><strong>formassubvehentium,</strong></span> <span class='ocrx_word' id='word_1_546' title='bbox 2822 3424 3148 3496; x_wconf 90' lang='lat' dir='ltr'><strong>sculptorio</strong></span> <span class='ocrx_word' id='word_1_547' title='bbox 3192 3429 3249 3479; x_wconf 92' lang='lat' dir='ltr'><strong>et</strong></span> <span class='ocrx_word' id='word_1_548' title='bbox 3294 3422 3557 3493; x_wconf 86' lang='lat' dir='ltr'><strong>polimito</strong></span> <span class='ocrx_word' id='word_1_549' title='bbox 3590 3425 3705 3495; x_wconf 84' lang='lat'><strong>(86)</strong></span> 
     </span>
    </p>
   </div>
   <div class='ocr_carea' id='block_1_82' title="bbox 2069 3511 3707 3586">
    <p class='ocr_par' dir='ltr' id='par_1_82' title="bbox 2069 3511 3707 3586">
     <span class='ocr_line' id='line_1_82' title="bbox 2069 3511 3707 3586; baseline -0.002 -15"><span class='ocrx_word' id='word_1_550' title='bbox 2069 3529 2246 3586; x_wconf 89' lang='lat' dir='ltr'><strong>opere</strong></span> <span class='ocrx_word' id='word_1_551' title='bbox 2267 3518 2522 3571; x_wconf 63' lang='lat' dir='ltr'><strong>exarata:</strong></span> <span class='ocrx_word' id='word_1_552' title='bbox 2553 3513 2915 3569; x_wconf 85' lang='lat' dir='ltr'><strong>suut.Ethec</strong></span> <span class='ocrx_word' id='word_1_553' title='bbox 2930 3512 3162 3584; x_wconf 91' lang='lat' dir='ltr'><strong>quidem</strong></span> <span class='ocrx_word' id='word_1_554' title='bbox 3206 3512 3276 3569; x_wconf 87' lang='lat' dir='ltr'><strong>ad</strong></span> <span class='ocrx_word' id='word_1_555' title='bbox 3290 3511 3707 3570; x_wconf 88' lang='lat' dir='ltr'><strong>occidentalem</strong></span> 
     </span>
    </p>
   </div>
   <div class='ocr_carea' id='block_1_83' title="bbox 2072 3600 3706 3674">
    <p class='ocr_par' dir='ltr' id='par_1_83' title="bbox 2072 3600 3706 3674">
     <span class='ocr_line' id='line_1_83' title="bbox 2072 3600 3706 3674; baseline -0.001 -17"><span class='ocrx_word' id='word_1_556' title='bbox 2072 3607 2316 3674; x_wconf 91' lang='lat' dir='ltr'><strong>partem,</strong></span> <span class='ocrx_word' id='word_1_557' title='bbox 2337 3602 2408 3658; x_wconf 90' lang='lat' dir='ltr'><strong>ad</strong></span> <span class='ocrx_word' id='word_1_558' title='bbox 2425 3602 2664 3658; x_wconf 90' lang='lat' dir='ltr'><strong>dorsum</strong></span> <span class='ocrx_word' id='word_1_559' title='bbox 2681 3600 2911 3658; x_wconf 85' lang='lat' dir='ltr'><strong>scilicet</strong></span> <span class='ocrx_word' id='word_1_560' title='bbox 2940 3600 3220 3658; x_wconf 86' lang='lat' dir='ltr'><strong>stantium</strong></span> <span class='ocrx_word' id='word_1_561' title='bbox 3264 3606 3323 3658; x_wconf 89' lang='lat' dir='ltr'><strong>et</strong></span> <span class='ocrx_word' id='word_1_562' title='bbox 3356 3600 3706 3670; x_wconf 88' lang='lat' dir='ltr'><strong>canentium,</strong></span> 
     </span>
    </p>
   </div>
   <div class='ocr_carea' id='block_1_84' title="bbox 2071 3688 3705 3763">
    <p class='ocr_par' dir='ltr' id='par_1_84' title="bbox 2071 3688 3705 3763">
     <span class='ocr_line' id='line_1_84' title="bbox 2071 3688 3705 3763; baseline -0.001 -16"><span class='ocrx_word' id='word_1_563' title='bbox 2071 3691 2278 3763; x_wconf 70' lang='lat' dir='ltr'><strong>positae</strong></span> <span class='ocrx_word' id='word_1_564' title='bbox 2295 3693 2450 3747; x_wconf 90' lang='lat' dir='ltr'><strong>sunt.</strong></span> <span class='ocrx_word' id='word_1_565' title='bbox 2481 3693 2552 3747; x_wconf 84' lang='lat' dir='ltr'><strong>At</strong></span> <span class='ocrx_word' id='word_1_566' title='bbox 2567 3705 2706 3746; x_wconf 90' lang='lat' dir='ltr'><strong>vero</strong></span> <span class='ocrx_word' id='word_1_567' title='bbox 2720 3690 2791 3746; x_wconf 90' lang='lat' dir='ltr'><strong>ad</strong></span> <span class='ocrx_word' id='word_1_568' title='bbox 2806 3689 3339 3761; x_wconf 88' lang='lat' dir='ltr'><strong>septemtrionalem</strong></span> <span class='ocrx_word' id='word_1_569' title='bbox 3357 3688 3705 3747; x_wconf 57' lang='lat' dir='ltr'><strong>(illuviorum</strong></span> 
     </span>
    </p>
   </div>
   <div class='ocr_carea' id='block_1_85' title="bbox 2070 3776 3681 3852">
    <p class='ocr_par' dir='ltr' id='par_1_85' title="bbox 2070 3776 3681 3852">
     <span class='ocr_line' id='line_1_85' title="bbox 2070 3776 3681 3852; baseline -0.002 -16"><span class='ocrx_word' id='word_1_570' title='bbox 2070 3778 2298 3852; x_wconf 86' lang='lat' dir='ltr'><strong>species</strong></span> <span class='ocrx_word' id='word_1_571' title='bbox 2312 3778 2381 3834; x_wconf 93' lang='lat' dir='ltr'><strong>dc</strong></span> <span class='ocrx_word' id='word_1_572' title='bbox 2397 3778 2671 3850; x_wconf 90' lang='lat' dir='ltr'><strong>paradiso</strong></span> <span class='ocrx_word' id='word_1_573' title='bbox 2687 3778 3077 3836; x_wconf 90' lang='lat' dir='ltr'><strong>emanantium</strong></span> <span class='ocrx_word' id='word_1_574' title='bbox 3119 3778 3175 3836; x_wconf 91' lang='lat' dir='ltr'><strong>iu</strong></span> <span class='ocrx_word' id='word_1_575' title='bbox 3201 3781 3234 3834; x_wconf 74' lang='grc'><strong>4</strong></span> <span class='ocrx_word' id='word_1_576' title='bbox 3265 3777 3532 3850; x_wconf 88' lang='lat' dir='ltr'><strong>partibus</strong></span> <span class='ocrx_word' id='word_1_577' title='bbox 3570 3776 3681 3843; x_wconf 81' lang='lat' dir='ltr'><strong>emi</strong></span> 
     </span>
    </p>
   </div>
   <div class='ocr_carea' id='block_1_86' title="bbox 2069 3864 3704 3938">
    <p class='ocr_par' dir='ltr' id='par_1_86' title="bbox 2069 3864 3704 3938">
     <span class='ocr_line' id='line_1_86' title="bbox 2069 3864 3704 3938; baseline -0.001 -15"><span class='ocrx_word' id='word_1_578' title='bbox 2069 3871 2225 3923; x_wconf 90' lang='lat' dir='ltr'><strong>ucut.</strong></span> <span class='ocrx_word' id='word_1_579' title='bbox 2248 3867 2307 3922; x_wconf 90' lang='lat' dir='ltr'><strong>lu</strong></span> <span class='ocrx_word' id='word_1_580' title='bbox 2320 3881 2525 3938; x_wconf 84' lang='lat' dir='ltr'><strong>gyrum</strong></span> <span class='ocrx_word' id='word_1_581' title='bbox 2542 3871 2756 3935; x_wconf 88' lang='lat' dir='ltr'><strong>autem,</strong></span> <span class='ocrx_word' id='word_1_582' title='bbox 2773 3881 2887 3937; x_wconf 91' lang='lat' dir='ltr'><strong>quo</strong></span> <span class='ocrx_word' id='word_1_583' title='bbox 2911 3864 3213 3936; x_wconf 67' lang='lat' dir='ltr'><strong>tevangelii</strong></span> <span class='ocrx_word' id='word_1_584' title='bbox 3237 3866 3518 3923; x_wconf 85' lang='lat' dir='ltr'><strong>recitator</strong></span> <span class='ocrx_word' id='word_1_585' title='bbox 3547 3869 3704 3923; x_wconf 85' lang='lat' dir='ltr'><strong>stans</strong></span> 
     </span>
    </p>
   </div>
   <div class='ocr_carea' id='block_1_87' title="bbox 2067 3953 3699 4026">
    <p class='ocr_par' dir='ltr' id='par_1_87' title="bbox 2067 3953 3699 4026">
     <span class='ocr_line' id='line_1_87' title="bbox 2067 3953 3699 4026; baseline -0.001 -14"><span class='ocrx_word' id='word_1_586' title='bbox 2067 3955 2472 4025; x_wconf 87' lang='lat' dir='ltr'><strong>obumbratur,</strong></span> <span class='ocrx_word' id='word_1_587' title='bbox 2492 3954 2736 4012; x_wconf 63' lang='lat' dir='ltr'><strong>Abrahae</strong></span> <span class='ocrx_word' id='word_1_588' title='bbox 2755 3955 2886 4012; x_wconf 84' lang='lat' dir='ltr'><strong>oﬂ‘e:</strong></span> <span class='ocrx_word' id='word_1_589' title='bbox 2902 3954 3054 4011; x_wconf 91' lang='lat' dir='ltr'><strong>entis</strong></span> <span class='ocrx_word' id='word_1_590' title='bbox 3074 3954 3274 4024; x_wconf 85' lang='lat' dir='ltr'><strong>filium,</strong></span> <span class='ocrx_word' id='word_1_591' title='bbox 3319 3953 3462 4011; x_wconf 81' lang='lat' dir='ltr'><strong>Abel</strong></span> <span class='ocrx_word' id='word_1_592' title='bbox 3475 3968 3699 4026; x_wconf 85' lang='lat' dir='ltr'><strong>agnum,</strong></span> 
     </span>
    </p>
   </div>
   <div class='ocr_carea' id='block_1_88' title="bbox 2069 4041 3703 4115">
    <p class='ocr_par' dir='ltr' id='par_1_88' title="bbox 2069 4041 3703 4115">
     <span class='ocr_line' id='line_1_88' title="bbox 2069 4041 3703 4115; baseline -0.001 -16"><span class='ocrx_word' id='word_1_593' title='bbox 2069 4044 2228 4099; x_wconf 89' lang='lat' dir='ltr'><strong>Isaac</strong></span> <span class='ocrx_word' id='word_1_594' title='bbox 2245 4042 2666 4114; x_wconf 88' lang='lat' dir='ltr'><strong>benedicentis,</strong></span> <span class='ocrx_word' id='word_1_595' title='bbox 2685 4044 2937 4101; x_wconf 84' lang='lat' dir='ltr'><strong>etJacob</strong></span> <span class='ocrx_word' id='word_1_596' title='bbox 2950 4042 3401 4115; x_wconf 83' lang='lat' dir='ltr'><strong>supplautantis,</strong></span> <span class='ocrx_word' id='word_1_597' title='bbox 3418 4046 3475 4098; x_wconf 86' lang='lat' dir='ltr'><strong>et</strong></span> <span class='ocrx_word' id='word_1_598' title='bbox 3515 4041 3703 4099; x_wconf 75' lang='lat' dir='ltr'><strong>Tobize</strong></span> 
     </span>
    </p>
   </div>
   <div class='ocr_carea' id='block_1_89' title="bbox 2069 4131 3700 4205">
    <p class='ocr_par' dir='ltr' id='par_1_89' title="bbox 2069 4131 3700 4205">
     <span class='ocr_line' id='line_1_89' title="bbox 2069 4131 3700 4205; baseline -0.002 -16"><span class='ocrx_word' id='word_1_599' title='bbox 2069 4131 2429 4205; x_wconf 90' lang='lat' dir='ltr'><strong>sepelieutis,</strong></span> <span class='ocrx_word' id='word_1_600' title='bbox 2445 4136 2503 4188; x_wconf 88' lang='lat' dir='ltr'><strong>et</strong></span> <span class='ocrx_word' id='word_1_601' title='bbox 2521 4133 2702 4189; x_wconf 90' lang='lat' dir='ltr'><strong>David</strong></span> <span class='ocrx_word' id='word_1_602' title='bbox 2722 4131 3069 4190; x_wconf 87' lang='lat' dir='ltr'><strong>manufortis</strong></span> <span class='ocrx_word' id='word_1_603' title='bbox 3084 4131 3361 4204; x_wconf 88' lang='lat' dir='ltr'><strong>imagines</strong></span> <span class='ocrx_word' id='word_1_604' title='bbox 3383 4145 3700 4201; x_wconf 87' lang='lat' dir='ltr'><strong>agnoscun-</strong></span> 
     </span>
    </p>
   </div>
   <div class='ocr_carea' id='block_1_90' title="bbox 2070 4217 3703 4293">
    <p class='ocr_par' dir='ltr' id='par_1_90' title="bbox 2070 4217 3703 4293">
     <span class='ocr_line' id='line_1_90' title="bbox 2070 4217 3703 4293; baseline -0.001 -16"><span class='ocrx_word' id='word_1_605' title='bbox 2070 4224 2190 4293; x_wconf 87' lang='lat' dir='ltr'><strong>tur,</strong></span> <span class='ocrx_word' id='word_1_606' title='bbox 2214 4220 2578 4293; x_wconf 89' lang='lat' dir='ltr'><strong>similiopere</strong></span> <span class='ocrx_word' id='word_1_607' title='bbox 2592 4220 2942 4293; x_wconf 71' lang='lat' dir='ltr'><strong>compilatze.</strong></span> <span class='ocrx_word' id='word_1_608' title='bbox 2959 4221 3019 4277; x_wconf 88' lang='lat' dir='ltr'><strong>lu</strong></span> <span class='ocrx_word' id='word_1_609' title='bbox 3042 4220 3188 4289; x_wconf 84' lang='lat' dir='ltr'><strong>faeie</strong></span> <span class='ocrx_word' id='word_1_610' title='bbox 3227 4223 3421 4277; x_wconf 87' lang='lat' dir='ltr'><strong>autem</strong></span> <span class='ocrx_word' id='word_1_611' title='bbox 3440 4217 3703 4277; x_wconf 86' lang='lat' dir='ltr'><strong>dominus</strong></span> 
     </span>
    </p>
   </div>
   <div class='ocr_carea' id='block_1_91' title="bbox 2068 4307 3698 4381">
    <p class='ocr_par' dir='ltr' id='par_1_91' title="bbox 2068 4307 3698 4381">
     <span class='ocr_line' id='line_1_91' title="bbox 2068 4307 3698 4381; baseline -0.002 -14"><span class='ocrx_word' id='word_1_612' title='bbox 2068 4312 2236 4368; x_wconf 82' lang='lat' dir='ltr'><strong>Jesus</strong></span> <span class='ocrx_word' id='word_1_613' title='bbox 2262 4309 2882 4381; x_wconf 84' lang='lat' dir='ltr'><strong>iuthrouomajestatis</strong></span> <span class='ocrx_word' id='word_1_614' title='bbox 2911 4308 3194 4379; x_wconf 86' lang='lat' dir='ltr'><strong>residens,</strong></span> <span class='ocrx_word' id='word_1_615' title='bbox 3232 4307 3480 4379; x_wconf 85' lang='lat' dir='ltr'><strong>etVirgo</strong></span> <span class='ocrx_word' id='word_1_616' title='bbox 3496 4310 3698 4378; x_wconf 88' lang='lat' dir='ltr'><strong>mater,</strong></span> 
     </span>
    </p>
   </div>
   <div class='ocr_carea' id='block_1_92' title="bbox 2070 4396 3695 4470">
    <p class='ocr_par' dir='ltr' id='par_1_92' title="bbox 2070 4396 3695 4470">
     <span class='ocr_line' id='line_1_92' title="bbox 2070 4396 3695 4470; baseline -0.004 -14"><span class='ocrx_word' id='word_1_617' title='bbox 2070 4403 2129 4456; x_wconf 91' lang='lat' dir='ltr'><strong>et</strong></span> <span class='ocrx_word' id='word_1_618' title='bbox 2167 4397 2733 4470; x_wconf 87' lang='lat' dir='ltr'><strong>BaptistaJohanues</strong></span> <span class='ocrx_word' id='word_1_619' title='bbox 2757 4413 2888 4457; x_wconf 83' lang='lat' dir='ltr'><strong>cum</strong></span> <span class='ocrx_word' id='word_1_620' title='bbox 2930 4400 2964 4455; x_wconf 73' lang='grc'>4</span> <span class='ocrx_word' id='word_1_621' title='bbox 3001 4396 3393 4468; x_wconf 75' lang='lat' dir='ltr'><strong>aevaugelistis</strong></span> <span class='ocrx_word' id='word_1_622' title='bbox 3436 4398 3695 4469; x_wconf 88' lang='lat' dir='ltr'><strong>apparet.</strong></span> 
     </span>
    </p>
   </div>
   <div class='ocr_carea' id='block_1_93' title="bbox 2070 4482 3700 4558">
    <p class='ocr_par' dir='ltr' id='par_1_93' title="bbox 2070 4482 3700 4558">
     <span class='ocr_line' id='line_1_93' title="bbox 2070 4482 3700 4558; baseline -0.004 -14"><span class='ocrx_word' id='word_1_623' title='bbox 2070 4489 2253 4546; x_wconf 86' lang='lat' dir='ltr'><strong>Porro</strong></span> <span class='ocrx_word' id='word_1_624' title='bbox 2269 4487 2474 4544; x_wconf 88' lang='lat' dir='ltr'><strong>dextra</strong></span> <span class='ocrx_word' id='word_1_625' title='bbox 2491 4486 2734 4558; x_wconf 89' lang='lat' dir='ltr'><strong>levaque</strong></span> <span class='ocrx_word' id='word_1_626' title='bbox 2769 4485 2993 4544; x_wconf 89' lang='lat' dir='ltr'><strong>Domini</strong></span> <span class='ocrx_word' id='word_1_627' title='bbox 3027 4485 3217 4558; x_wconf 88' lang='lat' dir='ltr'><strong>angeli</strong></span> <span class='ocrx_word' id='word_1_628' title='bbox 3257 4489 3313 4542; x_wconf 90' lang='lat' dir='ltr'><strong>et</strong></span> <span class='ocrx_word' id='word_1_629' title='bbox 3375 4482 3700 4554; x_wconf 86' lang='lat' dir='ltr'><strong>archangeli</strong></span> 
     </span>
    </p>
   </div>
   <div class='ocr_carea' id='block_1_94' title="bbox 307 4569 3701 4661">
    <p class='ocr_par' dir='ltr' id='par_1_94' title="bbox 307 4569 3701 4661">
     <span class='ocr_line' id='line_1_94' title="bbox 307 4569 3701 4661; baseline 0 -31"><span class='ocrx_word' id='word_1_630' title='bbox 307 4576 475 4646; x_wconf 86' lang='lat' dir='ltr'><strong>mine,</strong></span> <span class='ocrx_word' id='word_1_631' title='bbox 495 4575 883 4647; x_wconf 88' lang='lat' dir='ltr'><strong>procumbens</strong></span> <span class='ocrx_word' id='word_1_632' title='bbox 898 4590 1030 4633; x_wconf 90' lang='lat' dir='ltr'><strong>cum</strong></span> <span class='ocrx_word' id='word_1_633' title='bbox 1046 4572 1227 4643; x_wconf 91' lang='lat' dir='ltr'><strong>vellet</strong></span> <span class='ocrx_word' id='word_1_634' title='bbox 1244 4572 1296 4628; x_wconf 90' lang='lat' dir='ltr'><strong>ei</strong></span> <span class='ocrx_word' id='word_1_635' title='bbox 1316 4587 1427 4661; x_wconf 81' lang='lat' dir='ltr'><strong>pro</strong></span> <span class='ocrx_word' id='word_1_636' title='bbox 1440 4569 1691 4661; x_wconf 84' lang='lat' dir='ltr'><strong>caritate</strong></span> <span class='ocrx_word' id='word_1_637' title='bbox 1713 4570 1956 4661; x_wconf 86' lang='lat' dir='ltr'><strong>servire,</strong></span> <span class='ocrx_word' id='word_1_638' title='bbox 1988 4601 2042 4661; x_wconf 67' lang='grc' dir='ltr'>Β</span> <span class='ocrx_word' id='word_1_639' title='bbox 2075 4593 2201 4635; x_wconf 78' lang='lat' dir='ltr'><strong>cum</strong></span> <span class='ocrx_word' id='word_1_640' title='bbox 2216 4574 2507 4634; x_wconf 83' lang='lat' dir='ltr'><strong>Cherubin</strong></span> <span class='ocrx_word' id='word_1_641' title='bbox 2527 4580 2583 4632; x_wconf 90' lang='lat' dir='ltr'><strong>et</strong></span> <span class='ocrx_word' id='word_1_642' title='bbox 2606 4575 2886 4648; x_wconf 88' lang='lat' dir='ltr'><strong>Seraphin</strong></span> <span class='ocrx_word' id='word_1_643' title='bbox 2930 4574 3305 4648; x_wconf 82' lang='lat' dir='ltr'><strong>Redemptori</strong></span> <span class='ocrx_word' id='word_1_644' title='bbox 3363 4571 3701 4643; x_wconf 86' lang='lat' dir='ltr'><strong>obsequium</strong></span> 
     </span>
    </p>
   </div>
   <div class='ocr_carea' id='block_1_95' title="bbox 305 4658 1961 4737">
    <p class='ocr_par' dir='ltr' id='par_1_95' title="bbox 305 4658 1961 4737">
     <span class='ocr_line' id='line_1_95' title="bbox 305 4658 1961 4737; baseline -0.004 -16"><span class='ocrx_word' id='word_1_645' title='bbox 305 4666 700 4737; x_wconf 70' lang='lat' dir='ltr'><strong>cbiupescens</strong></span> <span class='ocrx_word' id='word_1_646' title='bbox 719 4669 775 4720; x_wconf 93' lang='lat' dir='ltr'><strong>ct</strong></span> <span class='ocrx_word' id='word_1_647' title='bbox 812 4665 1059 4736; x_wconf 86' lang='lat' dir='ltr'><strong>quadam</strong></span> <span class='ocrx_word' id='word_1_648' title='bbox 1076 4660 1354 4732; x_wconf 90' lang='lat' dir='ltr'><strong>religiosa</strong></span> <span class='ocrx_word' id='word_1_649' title='bbox 1377 4658 1771 4719; x_wconf 87' lang='lat' dir='ltr'><strong>obstinatione</strong></span> <span class='ocrx_word' id='word_1_650' title='bbox 1792 4659 1961 4716; x_wconf 89' lang='lat' dir='ltr'><strong>obse-</strong></span> 
     </span>
    </p>
   </div>
   <div class='ocr_carea' id='block_1_96' title="bbox 307 4748 1957 4825">
    <p class='ocr_par' dir='ltr' id='par_1_96' title="bbox 307 4748 1957 4825">
     <span class='ocr_line' id='line_1_96' title="bbox 307 4748 1957 4825; baseline -0.005 -15"><span class='ocrx_word' id='word_1_651' title='bbox 307 4755 502 4825; x_wconf 91' lang='lat' dir='ltr'><strong>quium</strong></span> <span class='ocrx_word' id='word_1_652' title='bbox 528 4754 654 4825; x_wconf 89' lang='lat' dir='ltr'><strong>cjus</strong></span> <span class='ocrx_word' id='word_1_653' title='bbox 683 4754 951 4825; x_wconf 87' lang='lat' dir='ltr'><strong>recipere</strong></span> <span class='ocrx_word' id='word_1_654' title='bbox 978 4751 1206 4821; x_wconf 88' lang='lat' dir='ltr'><strong>nolens,</strong></span> <span class='ocrx_word' id='word_1_655' title='bbox 1233 4748 1535 4822; x_wconf 90' lang='lat' dir='ltr'><strong>prohibuit</strong></span> <span class='ocrx_word' id='word_1_656' title='bbox 1567 4763 1698 4806; x_wconf 90' lang='lat' dir='ltr'><strong>cum</strong></span> <span class='ocrx_word' id='word_1_657' title='bbox 1729 4748 1957 4806; x_wconf 88' lang='lat' dir='ltr'><strong>dicens:</strong></span> 
     </span>
    </p>
   </div>
   <div class='ocr_carea' id='block_1_97' title="bbox 309 4827 1964 4907">
    <p class='ocr_par' dir='ltr' id='par_1_97' title="bbox 309 4827 1964 4907">
     <span class='ocr_line' id='line_1_97' title="bbox 309 4827 1964 4907; baseline -0.004 -16"><span class='ocrx_word' id='word_1_658' title='bbox 309 4834 469 4901; x_wconf 80' lang='lat' dir='ltr'><strong>Quid</strong></span> <span class='ocrx_word' id='word_1_659' title='bbox 482 4850 535 4890; x_wconf 88' lang='lat' dir='ltr'><strong>m</strong></span> <span class='ocrx_word' id='word_1_660' title='bbox 546 4836 635 4892; x_wconf 75' lang='lat' dir='ltr'><strong>illi</strong></span> <span class='ocrx_word' id='word_1_661' title='bbox 652 4834 913 4907; x_wconf 79' lang='lat' dir='ltr'><strong>prodest,</strong></span> <span class='ocrx_word' id='word_1_662' title='bbox 927 4833 1143 4905; x_wconf 69' lang='lat' dir='ltr'><strong>frater</strong></span> <span class='ocrx_word' id='word_1_663' title='bbox 1158 4831 1406 4887; x_wconf 72' lang='lat' dir='ltr'><strong>honores</strong></span> <span class='ocrx_word' id='word_1_664' title='bbox 1417 4827 1964 4899; x_wconf 72' lang='lat' dir='ltr'><strong>sccnlireliguisse;</strong></span> 
     </span>
    </p>
   </div>
   <div class='ocr_carea' id='block_1_98' title="bbox 302 4906 1958 4986">
    <p class='ocr_par' dir='ltr' id='par_1_98' title="bbox 302 4906 1958 4986">
     <span class='ocr_line' id='line_1_98' title="bbox 302 4906 1958 4986; baseline -0.004 -15"><span class='ocrx_word' id='word_1_665' title='bbox 302 4917 357 4971; x_wconf 83' lang='lat' dir='ltr'><strong>si</strong></span> <span class='ocrx_word' id='word_1_666' title='bbox 372 4906 730 4986; x_wconf 79' lang='lat' dir='ltr'><strong>afratribns</strong></span> <span class='ocrx_word' id='word_1_667' title='bbox 743 4913 913 4983; x_wconf 76' lang='lat' dir='ltr'><strong>obseg</strong></span> <span class='ocrx_word' id='word_1_668' title='bbox 924 4913 1109 4981; x_wconf 80' lang='lat' dir='ltr'><strong>nium,</strong></span> <span class='ocrx_word' id='word_1_669' title='bbox 1130 4910 1292 4982; x_wconf 74' lang='lat' dir='ltr'><strong>quod</strong></span> <span class='ocrx_word' id='word_1_670' title='bbox 1304 4907 1643 4966; x_wconf 77' lang='lat' dir='ltr'><strong>habuissem</strong></span> <span class='ocrx_word' id='word_1_671' title='bbox 1659 4911 1725 4966; x_wconf 85' lang='lat' dir='ltr'><strong>in</strong></span> <span class='ocrx_word' id='word_1_672' title='bbox 1745 4906 1958 4979; x_wconf 79' lang='lat' dir='ltr'><strong>seculo,</strong></span> 
     </span>
    </p>
   </div>
   <div class='ocr_carea' id='block_1_99' title="bbox 304 4987 1963 5062">
    <p class='ocr_par' dir='ltr' id='par_1_99' title="bbox 304 4987 1963 5062">
     <span class='ocr_line' id='line_1_99' title="bbox 304 4987 1963 5062; baseline -0.003 -12"><span class='ocrx_word' id='word_1_673' title='bbox 304 5009 434 5051; x_wconf 74' lang='lat' dir='ltr'><strong>cum</strong></span> <span class='ocrx_word' id='word_1_674' title='bbox 449 5009 563 5051; x_wconf 81' lang='lat' dir='ltr'><strong>non</strong></span> <span class='ocrx_word' id='word_1_675' title='bbox 573 4997 629 5052; x_wconf 83' lang='lat' dir='ltr'><strong>si</strong></span> <span class='ocrx_word' id='word_1_676' title='bbox 637 4996 916 5062; x_wconf 72' lang='lat' dir='ltr'><strong>tncccssc,</strong></span> <span class='ocrx_word' id='word_1_677' title='bbox 934 4993 1061 5048; x_wconf 78' lang='lat' dir='ltr'><strong>arci</strong></span> <span class='ocrx_word' id='word_1_678' title='bbox 1056 4992 1162 5061; x_wconf 72' lang='lat' dir='ltr'><strong>pio</strong></span> <span class='ocrx_word' id='word_1_679' title='bbox 1179 4997 1205 5047; x_wconf 67' lang='grc' dir='ltr'><em>γ</em></span> <span class='ocrx_word' id='word_1_680' title='bbox 1224 4989 1337 5055; x_wconf 83' lang='lat' dir='ltr'><strong>Qui</strong></span> <span class='ocrx_word' id='word_1_681' title='bbox 1361 4988 1444 5045; x_wconf 80' lang='lat' dir='ltr'><strong>ad</strong></span> <span class='ocrx_word' id='word_1_682' title='bbox 1461 4988 1569 5045; x_wconf 72' lang='lat' dir='ltr'><strong>hoc</strong></span> <span class='ocrx_word' id='word_1_683' title='bbox 1603 4987 1821 5045; x_wconf 75' lang='lat' dir='ltr'><strong>ceniut</strong></span> <span class='ocrx_word' id='word_1_684' title='bbox 1843 5000 1963 5045; x_wconf 65' lang='lat' dir='ltr'><strong>scr-</strong></span> 
     </span>
    </p>
   </div>
   <div class='ocr_carea' id='block_1_100' title="bbox 304 5065 1963 5145">
    <p class='ocr_par' dir='ltr' id='par_1_100' title="bbox 304 5065 1963 5145">
     <span class='ocr_line' id='line_1_100' title="bbox 304 5065 1963 5145; baseline -0.008 -14"><span class='ocrx_word' id='word_1_685' title='bbox 304 5078 485 5145; x_wconf 75' lang='lat' dir='ltr'><strong>c‘am,</strong></span> <span class='ocrx_word' id='word_1_686' title='bbox 526 5074 835 5132; x_wconf 76' lang='lat' dir='ltr'><strong>servitium</strong></span> <span class='ocrx_word' id='word_1_687' title='bbox 874 5072 1034 5142; x_wconf 73' lang='lat' dir='ltr'><strong>quod</strong></span> <span class='ocrx_word' id='word_1_688' title='bbox 1062 5084 1179 5126; x_wconf 84' lang='lat' dir='ltr'><strong>non</strong></span> <span class='ocrx_word' id='word_1_689' title='bbox 1213 5068 1455 5139; x_wconf 68' lang='lat' dir='ltr'><strong>expedit</strong></span> <span class='ocrx_word' id='word_1_690' title='bbox 1490 5066 1773 5140; x_wconf 77' lang='lat' dir='ltr'><strong>quomodo</strong></span> <span class='ocrx_word' id='word_1_691' title='bbox 1810 5065 1963 5124; x_wconf 76' lang='lat' dir='ltr'><strong>uoci-</strong></span> 
     </span>
    </p>
   </div>
   <div class='ocr_carea' id='block_1_101' title="bbox 297 5145 1962 5228">
    <p class='ocr_par' dir='ltr' id='par_1_101' title="bbox 297 5145 1962 5228">
     <span class='ocr_line' id='line_1_101' title="bbox 297 5145 1962 5228; baseline -0.005 -18"><span class='ocrx_word' id='word_1_692' title='bbox 297 5156 496 5228; x_wconf 74' lang='lat' dir='ltr'><strong>piam?</strong></span> <span class='ocrx_word' id='word_1_693' title='bbox 520 5152 602 5211; x_wconf 89' lang='lat' dir='ltr'><strong>Ita</strong></span> <span class='ocrx_word' id='word_1_694' title='bbox 630 5152 851 5216; x_wconf 84' lang='lat' dir='ltr'><strong>dicens,</strong></span> <span class='ocrx_word' id='word_1_695' title='bbox 878 5151 1077 5207; x_wconf 83' lang='lat' dir='ltr'><strong>fratris</strong></span> <span class='ocrx_word' id='word_1_696' title='bbox 1098 5147 1665 5228; x_wconf 75' lang='lat' dir='ltr'><strong>repressitauimum,</strong></span> <span class='ocrx_word' id='word_1_697' title='bbox 1688 5145 1962 5228; x_wconf 71' lang='lat' dir='ltr'><strong>densoru-</strong></span> 
     </span>
    </p>
   </div>
   <div class='ocr_carea' id='block_1_102' title="bbox 309 5225 1960 5304">
    <p class='ocr_par' dir='ltr' id='par_1_102' title="bbox 309 5225 1960 5304">
     <span class='ocr_line' id='line_1_102' title="bbox 309 5225 1960 5304; baseline -0.006 -13"><span class='ocrx_word' id='word_1_698' title='bbox 309 5225 479 5291; x_wconf 85' lang='lat' dir='ltr'><strong>nibus</strong></span> <span class='ocrx_word' id='word_1_699' title='bbox 499 5234 811 5289; x_wconf 89' lang='lat' dir='ltr'><strong>maximum</strong></span> <span class='ocrx_word' id='word_1_700' title='bbox 838 5230 1133 5304; x_wconf 63' lang='lat' dir='ltr'><strong>patientiae</strong></span> <span class='ocrx_word' id='word_1_701' title='bbox 1159 5233 1215 5283; x_wconf 90' lang='lat' dir='ltr'><strong>ct</strong></span> <span class='ocrx_word' id='word_1_702' title='bbox 1238 5225 1591 5283; x_wconf 88' lang='lat' dir='ltr'><strong>humilitatis</strong></span> <span class='ocrx_word' id='word_1_703' title='bbox 1609 5230 1669 5281; x_wconf 91' lang='lat' dir='ltr'><strong>ct</strong></span> <span class='ocrx_word' id='word_1_704' title='bbox 1713 5225 1960 5282; x_wconf 88' lang='lat' dir='ltr'><strong>vilitatis</strong></span> 
     </span>
    </p>
   </div>
   <div class='ocr_carea' id='block_1_103' title="bbox 308 5305 1961 5385">
    <p class='ocr_par' dir='ltr' id='par_1_103' title="bbox 308 5305 1961 5385">
     <span class='ocr_line' id='line_1_103' title="bbox 308 5305 1961 5385; baseline -0.005 -18"><span class='ocrx_word' id='word_1_705' title='bbox 308 5310 656 5385; x_wconf 70' lang='lat' dir='ltr'><strong>appetenda:</strong></span> <span class='ocrx_word' id='word_1_706' title='bbox 684 5309 1120 5366; x_wconf 88' lang='lat' dir='ltr'><strong>documentum.</strong></span> <span class='ocrx_word' id='word_1_707' title='bbox 1158 5308 1274 5363; x_wconf 82' lang='lat' dir='ltr'><strong>licc</strong></span> <span class='ocrx_word' id='word_1_708' title='bbox 1325 5305 1382 5361; x_wconf 92' lang='lat' dir='ltr'><strong>in</strong></span> <span class='ocrx_word' id='word_1_709' title='bbox 1432 5310 1803 5385; x_wconf 83' lang='lat' dir='ltr'><strong>transcursu,</strong></span> <span class='ocrx_word' id='word_1_710' title='bbox 1855 5319 1961 5385; x_wconf 84' lang='lat' dir='ltr'><strong>pro</strong></span> 
     </span>
    </p>
   </div>
   <div class='ocr_carea' id='block_1_104' title="bbox 307 5382 1963 5454">
    <p class='ocr_par' dir='ltr' id='par_1_104' title="bbox 307 5382 1963 5454">
     <span class='ocr_line' id='line_1_104' title="bbox 307 5382 1963 5454; baseline -0.005 -7"><span class='ocrx_word' id='word_1_711' title='bbox 307 5382 727 5447; x_wconf 80' lang='lat' dir='ltr'><strong>innotesceuda</strong></span> <span class='ocrx_word' id='word_1_712' title='bbox 752 5389 1022 5444; x_wconf 83' lang='lat' dir='ltr'><strong>omnibus</strong></span> <span class='ocrx_word' id='word_1_713' title='bbox 1050 5385 1465 5444; x_wconf 70' lang='lat' dir='ltr'><strong>beatzemcntis</strong></span> <span class='ocrx_word' id='word_1_714' title='bbox 1506 5382 1856 5454; x_wconf 88' lang='lat' dir='ltr'><strong>abjectioue,</strong></span> <span class='ocrx_word' id='word_1_715' title='bbox 1879 5383 1963 5439; x_wconf 88' lang='lat' dir='ltr'><strong>di-</strong></span> 
     </span>
    </p>
   </div>
   <div class='ocr_carea' id='block_1_105' title="bbox 306 5464 1954 5537">
    <p class='ocr_par' dir='ltr' id='par_1_105' title="bbox 306 5464 1954 5537">
     <span class='ocr_line' id='line_1_105' title="bbox 306 5464 1954 5537; baseline -0.006 -9"><span class='ocrx_word' id='word_1_716' title='bbox 306 5477 463 5528; x_wconf 82' lang='lat' dir='ltr'><strong>ctum</strong></span> <span class='ocrx_word' id='word_1_717' title='bbox 488 5471 566 5527; x_wconf 83' lang='lat' dir='ltr'><strong>sit</strong></span> <span class='ocrx_word' id='word_1_718' title='bbox 601 5488 614 5537; x_wconf 89' lang='lat'>;</span> <span class='ocrx_word' id='word_1_719' title='bbox 642 5484 790 5525; x_wconf 77' lang='lat' dir='ltr'><strong>nunc</strong></span> <span class='ocrx_word' id='word_1_720' title='bbox 818 5469 886 5524; x_wconf 81' lang='lat' dir='ltr'><strong>ad</strong></span> <span class='ocrx_word' id='word_1_721' title='bbox 914 5468 1174 5524; x_wconf 80' lang='lat' dir='ltr'><strong>ordinem</strong></span> <span class='ocrx_word' id='word_1_722' title='bbox 1190 5465 1594 5523; x_wconf 66' lang='lat' dir='ltr'><strong>reiﬂectamus</strong></span> <span class='ocrx_word' id='word_1_723' title='bbox 1625 5464 1954 5523; x_wconf 83' lang='lat' dir='ltr'><strong>articulum.</strong></span> 
     </span>
    </p>
   </div>
   <div class='ocr_carea' id='block_1_106' title="bbox 2070 4661 3703 4735">
    <p class='ocr_par' dir='ltr' id='par_1_106' title="bbox 2070 4661 3703 4735">
     <span class='ocr_line' id='line_1_106' title="bbox 2070 4661 3703 4735; baseline -0.005 -14"><span class='ocrx_word' id='word_1_724' title='bbox 2070 4665 2370 4722; x_wconf 87' lang='lat' dir='ltr'><strong>exhibent.</strong></span> <span class='ocrx_word' id='word_1_725' title='bbox 2387 4662 3148 4722; x_wconf 89' lang='lat' dir='ltr'><strong>lustrumeutumveroillud</strong></span> <span class='ocrx_word' id='word_1_726' title='bbox 3168 4661 3323 4734; x_wconf 89' lang='lat' dir='ltr'><strong>quod</strong></span> <span class='ocrx_word' id='word_1_727' title='bbox 3340 4664 3603 4735; x_wconf 90' lang='lat' dir='ltr'><strong>paratum</strong></span> <span class='ocrx_word' id='word_1_728' title='bbox 3617 4663 3703 4718; x_wconf 91' lang='lat' dir='ltr'><strong>est</strong></span> 
     </span>
    </p>
   </div>
   <div class='ocr_carea' id='block_1_107' title="bbox 2072 4747 3705 4827">
    <p class='ocr_par' dir='ltr' id='par_1_107' title="bbox 2072 4747 3705 4827">
     <span class='ocr_line' id='line_1_107' title="bbox 2072 4747 3705 4827; baseline -0.004 -16"><span class='ocrx_word' id='word_1_729' title='bbox 2072 4754 2333 4827; x_wconf 91' lang='lat' dir='ltr'><strong>receptui</strong></span> <span class='ocrx_word' id='word_1_730' title='bbox 2357 4759 2557 4812; x_wconf 88' lang='lat' dir='ltr'><strong>textus</strong></span> <span class='ocrx_word' id='word_1_731' title='bbox 2584 4753 2910 4825; x_wconf 84' lang='lat' dir='ltr'><strong>aevaugelii,</strong></span> <span class='ocrx_word' id='word_1_732' title='bbox 2934 4752 3224 4810; x_wconf 77' lang='lat' dir='ltr'><strong>Iohannes</strong></span> <span class='ocrx_word' id='word_1_733' title='bbox 3247 4749 3619 4821; x_wconf 73' lang='lat' dir='ltr'><strong>zevangelista</strong></span> <span class='ocrx_word' id='word_1_734' title='bbox 3649 4747 3705 4805; x_wconf 91' lang='lat' dir='ltr'><strong>in</strong></span> 
     </span>
    </p>
   </div>
   <div class='ocr_carea' id='block_1_108' title="bbox 2071 4837 3702 4912">
    <p class='ocr_par' dir='ltr' id='par_1_108' title="bbox 2071 4837 3702 4912">
     <span class='ocr_line' id='line_1_108' title="bbox 2071 4837 3702 4912; baseline -0.005 -15"><span class='ocrx_word' id='word_1_735' title='bbox 2071 4841 2453 4898; x_wconf 87' lang='lat' dir='ltr'><strong>similitudine</strong></span> <span class='ocrx_word' id='word_1_736' title='bbox 2466 4840 2676 4912; x_wconf 62' lang='lat' dir='ltr'><strong>aquila:</strong></span> <span class='ocrx_word' id='word_1_737' title='bbox 2699 4839 2952 4897; x_wconf 89' lang='lat' dir='ltr'><strong>volantis</strong></span> <span class='ocrx_word' id='word_1_738' title='bbox 2964 4838 3228 4895; x_wconf 87' lang='lat' dir='ltr'><strong>adornat.</strong></span> <span class='ocrx_word' id='word_1_739' title='bbox 3254 4838 3314 4893; x_wconf 91' lang='lat' dir='ltr'><strong>lu</strong></span> <span class='ocrx_word' id='word_1_740' title='bbox 3328 4851 3428 4893; x_wconf 89' lang='lat' dir='ltr'><strong>ora</strong></span> <span class='ocrx_word' id='word_1_741' title='bbox 3444 4840 3633 4893; x_wconf 87' lang='lat' dir='ltr'><strong>autem</strong></span> <span class='ocrx_word' id='word_1_742' title='bbox 3646 4837 3702 4890; x_wconf 92' lang='lat' dir='ltr'><strong>et</strong></span> 
     </span>
    </p>
   </div>
   <div class='ocr_carea' id='block_1_109' title="bbox 2071 4921 3706 5001">
    <p class='ocr_par' dir='ltr' id='par_1_109' title="bbox 2071 4921 3706 5001">
     <span class='ocr_line' id='line_1_109' title="bbox 2071 4921 3706 5001; baseline -0.006 -14"><span class='ocrx_word' id='word_1_743' title='bbox 2071 4930 2406 4987; x_wconf 86' lang='lat' dir='ltr'><strong>summitate</strong></span> <span class='ocrx_word' id='word_1_744' title='bbox 2435 4928 2914 5001; x_wconf 88' lang='lat' dir='ltr'><strong>operisversibus</strong></span> <span class='ocrx_word' id='word_1_745' title='bbox 2934 4926 3251 4983; x_wconf 89' lang='lat' dir='ltr'><strong>exametris</strong></span> <span class='ocrx_word' id='word_1_746' title='bbox 3288 4941 3430 4983; x_wconf 89' lang='lat' dir='ltr'><strong>auro</strong></span> <span class='ocrx_word' id='word_1_747' title='bbox 3461 4921 3706 4994; x_wconf 87' lang='lat' dir='ltr'><strong>digestis</strong></span> 
     </span>
    </p>
   </div>
   <div class='ocr_carea' id='block_1_110' title="bbox 2070 5012 3706 5092">
    <p class='ocr_par' dir='ltr' id='par_1_110' title="bbox 2070 5012 3706 5092">
     <span class='ocr_line' id='line_1_110' title="bbox 2070 5012 3706 5092; baseline -0.006 -17"><span class='ocrx_word' id='word_1_748' title='bbox 2070 5019 2258 5092; x_wconf 85' lang='lat' dir='ltr'><strong>patris</strong></span> <span class='ocrx_word' id='word_1_749' title='bbox 2279 5017 2550 5075; x_wconf 88' lang='lat' dir='ltr'><strong>Richardi</strong></span> <span class='ocrx_word' id='word_1_750' title='bbox 2566 5018 2800 5075; x_wconf 91' lang='lat' dir='ltr'><strong>devotio</strong></span> <span class='ocrx_word' id='word_1_751' title='bbox 2820 5031 3042 5074; x_wconf 89' lang='lat' dir='ltr'><strong>summa</strong></span> <span class='ocrx_word' id='word_1_752' title='bbox 3057 5021 3315 5074; x_wconf 87' lang='lat' dir='ltr'><strong>notatur.</strong></span> <span class='ocrx_word' id='word_1_753' title='bbox 3352 5012 3706 5086; x_wconf 89' lang='lat' dir='ltr'><strong>Pr0piciato-</strong></span> 
     </span>
    </p>
   </div>
   <div class='ocr_carea' id='block_1_111' title="bbox 2073 5108 3702 5183">
    <p class='ocr_par' dir='ltr' id='par_1_111' title="bbox 2073 5108 3702 5183">
     <span class='ocr_line' id='line_1_111' title="bbox 2073 5108 3702 5183; baseline -0.005 -19"><span class='ocrx_word' id='word_1_754' title='bbox 2073 5108 2373 5166; x_wconf 89' lang='lat' dir='ltr'><strong>riumsane</strong></span> <span class='ocrx_word' id='word_1_755' title='bbox 2411 5112 2748 5165; x_wconf 89' lang='lat' dir='ltr'><strong>sanctorum</strong></span> <span class='ocrx_word' id='word_1_756' title='bbox 2796 5111 3081 5164; x_wconf 87' lang='lat' dir='ltr'><strong>exornant</strong></span> <span class='ocrx_word' id='word_1_757' title='bbox 3130 5118 3400 5183; x_wconf 82' lang='lat' dir='ltr'><strong>corpora,</strong></span> <span class='ocrx_word' id='word_1_758' title='bbox 3462 5116 3702 5174; x_wconf 89' lang='lat' dir='ltr'><strong>quorum</strong></span> 
     </span>
    </p>
   </div>
   <div class='ocr_carea' id='block_1_112' title="bbox 2070 5188 3705 5264">
    <p class='ocr_par' dir='ltr' id='par_1_112' title="bbox 2070 5188 3705 5264">
     <span class='ocr_line' id='line_1_112' title="bbox 2070 5188 3705 5264; baseline -0.006 -10"><span class='ocrx_word' id='word_1_759' title='bbox 2070 5197 2297 5254; x_wconf 90' lang='lat' dir='ltr'><strong>meritis</strong></span> <span class='ocrx_word' id='word_1_760' title='bbox 2316 5197 2487 5253; x_wconf 83' lang='lat' dir='ltr'><strong>floret</strong></span> <span class='ocrx_word' id='word_1_761' title='bbox 2506 5195 2793 5254; x_wconf 68' lang='lat' dir='ltr'><strong>aecclesia.</strong></span> <span class='ocrx_word' id='word_1_762' title='bbox 2820 5195 2889 5251; x_wconf 87' lang='lat' dir='ltr'><strong>Et</strong></span> <span class='ocrx_word' id='word_1_763' title='bbox 2904 5193 2960 5252; x_wconf 90' lang='lat' dir='ltr'><strong>in</strong></span> <span class='ocrx_word' id='word_1_764' title='bbox 2976 5191 3165 5250; x_wconf 92' lang='lat' dir='ltr'><strong>medio</strong></span> <span class='ocrx_word' id='word_1_765' title='bbox 3184 5192 3416 5264; x_wconf 88' lang='lat' dir='ltr'><strong>quidem</strong></span> <span class='ocrx_word' id='word_1_766' title='bbox 3432 5188 3550 5247; x_wconf 89' lang='lat' dir='ltr'><strong>alto</strong></span> <span class='ocrx_word' id='word_1_767' title='bbox 3564 5189 3705 5246; x_wconf 87' lang='lat' dir='ltr'><strong>satis</strong></span> 
     </span>
    </p>
   </div>
   <div class='ocr_carea' id='block_1_113' title="bbox 2070 5279 3706 5357">
    <p class='ocr_par' dir='ltr' id='par_1_113' title="bbox 2070 5279 3706 5357">
     <span class='ocr_line' id='line_1_113' title="bbox 2070 5279 3706 5357; baseline -0.006 -14"><span class='ocrx_word' id='word_1_768' title='bbox 2070 5291 2127 5344; x_wconf 90' lang='lat' dir='ltr'><strong>et</strong></span> <span class='ocrx_word' id='word_1_769' title='bbox 2156 5285 2506 5357; x_wconf 90' lang='lat' dir='ltr'><strong>prominenti</strong></span> <span class='ocrx_word' id='word_1_770' title='bbox 2537 5284 2776 5357; x_wconf 84' lang='lat' dir='ltr'><strong>eyborio</strong></span> <span class='ocrx_word' id='word_1_771' title='bbox 2801 5287 3040 5341; x_wconf 89' lang='lat' dir='ltr'><strong>sanctus</strong></span> <span class='ocrx_word' id='word_1_772' title='bbox 3061 5280 3310 5353; x_wconf 89' lang='lat' dir='ltr'><strong>quiescit</strong></span> <span class='ocrx_word' id='word_1_773' title='bbox 3332 5279 3578 5335; x_wconf 87' lang='lat' dir='ltr'><strong>Vitouus</strong></span> <span class='ocrx_word' id='word_1_774' title='bbox 3620 5289 3706 5333; x_wconf 87' lang='lat' dir='ltr'><strong>ro-</strong></span> 
     </span>
    </p>
   </div>
   <div class='ocr_carea' id='block_1_114' title="bbox 2071 5363 3702 5444">
    <p class='ocr_par' dir='ltr' id='par_1_114' title="bbox 2071 5363 3702 5444">
     <span class='ocr_line' id='line_1_114' title="bbox 2071 5363 3702 5444; baseline -0.005 -15"><span class='ocrx_word' id='word_1_775' title='bbox 2071 5374 2311 5431; x_wconf 90' lang='lat' dir='ltr'><strong>dimitus</strong></span> <span class='ocrx_word' id='word_1_776' title='bbox 2335 5373 2580 5430; x_wconf 84' lang='lat' dir='ltr'><strong>frontem</strong></span> <span class='ocrx_word' id='word_1_777' title='bbox 2595 5387 2738 5429; x_wconf 87' lang='lat' dir='ltr'><strong>auro</strong></span> <span class='ocrx_word' id='word_1_778' title='bbox 2768 5370 3081 5444; x_wconf 88' lang='lat' dir='ltr'><strong>purissimo</strong></span> <span class='ocrx_word' id='word_1_779' title='bbox 3111 5375 3169 5425; x_wconf 90' lang='lat' dir='ltr'><strong>et</strong></span> <span class='ocrx_word' id='word_1_780' title='bbox 3200 5366 3444 5438; x_wconf 81' lang='lat' dir='ltr'><strong>gemmis</strong></span> <span class='ocrx_word' id='word_1_781' title='bbox 3490 5363 3702 5437; x_wconf 83' lang='lat' dir='ltr'><strong>pretio-</strong></span> 
     </span>
    </p>
   </div>
   <div class='ocr_carea' id='block_1_115' title="bbox 2072 5454 3703 5536">
    <p class='ocr_par' dir='ltr' id='par_1_115' title="bbox 2072 5454 3703 5536">
     <span class='ocr_line' id='line_1_115' title="bbox 2072 5454 3703 5536; baseline -0.006 -16"><span class='ocrx_word' id='word_1_782' title='bbox 2072 5463 2339 5535; x_wconf 90' lang='lat' dir='ltr'><strong>sissimis,</strong></span> <span class='ocrx_word' id='word_1_783' title='bbox 2374 5458 3259 5536; x_wconf 88' lang='lat' dir='ltr'><strong>quibusconcluditurmajestas</strong></span> <span class='ocrx_word' id='word_1_784' title='bbox 3287 5454 3703 5516; x_wconf 87' lang='lat' dir='ltr'><strong>Deiiucircum-</strong></span> 
     </span>
    </p>
   </div>
   <div class='ocr_carea' id='block_1_116' title="bbox 1899 5578 2118 5639">
    <p class='ocr_par' dir='ltr' id='par_1_116' title="bbox 1899 5578 2118 5639">
     <span class='ocr_line' id='line_1_116' title="bbox 1899 5578 2118 5639; baseline -0.014 -2"><span class='ocrx_word' id='word_1_785' title='bbox 1899 5578 2118 5639; x_wconf 73' lang='grc' dir='ltr'><strong>ΝΟΤιΕ.</strong></span> 
     </span>
    </p>
   </div>
   <div class='ocr_carea' id='block_1_117' title="bbox 381 5678 1284 5757">
    <p class='ocr_par' dir='ltr' id='par_1_117' title="bbox 381 5678 1284 5757">
     <span class='ocr_line' id='line_1_117' title="bbox 381 5678 1284 5757; baseline -0.017 -8"><span class='ocrx_word' id='word_1_786' title='bbox 381 5686 493 5757; x_wconf 65' lang='lat'><strong>(85)</strong></span> <span class='ocrx_word' id='word_1_787' title='bbox 529 5684 832 5756; x_wconf 87' lang='lat' dir='ltr'><strong>llodiequc</strong></span> <span class='ocrx_word' id='word_1_788' title='bbox 860 5678 1045 5739; x_wconf 83' lang='lat' dir='ltr'><strong>Gallis</strong></span> <span class='ocrx_word' id='word_1_789' title='bbox 1065 5680 1284 5741; x_wconf 79' lang='lat' dir='ltr'><strong>oiscau.</strong></span> 
     </span>
    </p>
   </div>
   <div class='ocr_carea' id='block_1_118' title="bbox 2135 5673 2641 5751">
    <p class='ocr_par' dir='ltr' id='par_1_118' title="bbox 2135 5673 2641 5751">
     <span class='ocr_line' id='line_1_118' title="bbox 2135 5673 2641 5751; baseline -0.012 -16"><span class='ocrx_word' id='word_1_790' title='bbox 2135 5673 2641 5751; x_wconf 82' lang='lat' dir='ltr'><strong>(86)multicolore.</strong></span> 
     </span>
    </p>
   </div>
  </div>
