3922 6428
237 444 356 505 209

1483 426 1986 498 CHRONICON.
2023 464 2095 476 —
2129 428 2284 492 LIB.
2320 428 2394 490 Il.

3530 408 3648 488 aio

237 577 452 648 scripta
488 580 546 629 et
581 575 1203 645 incomprehensibilis,
1239 575 1458 629 habens
1480 571 1550 627 ad
1574 570 1874 625 dexteram
1907 560 1961 622 A
1993 562 2473 635 archiepiscopus
2499 562 2692 634 potiit,
2719 566 2779 616 et
2802 562 3076 633 optinuit,
3105 565 3160 615 et
3191 574 3461 616 reversus
3483 559 3647 616 Colc-

239 664 392 721 beati
425 663 604 732 Petri,
630 667 687 719 et
723 662 794 719 ad
825 662 1010 719 levam
1041 662 1302 732 ejusdem
1338 662 1491 719 beati
1517 657 1708 716 Vitoni
1734 670 1877 712 auro

236 753 635 825 prominentes
666 752 949 822 imagines
981 766 1158 823 opere
1185 752 1368 808 factas
1390 746 1709 817 cailatorio,
1736 759 1880 816 quas

236 841 497 898 ambiunt
520 840 787 898 colunnze
809 839 877 874 ⁵⁸³
899 855 970 897 ex
992 839 1217 896 electro
1243 838 1557 911 purissimo
1578 850 1707 893 cum
1731 832 1883 889 basi-

238 931 348 986 bus
371 929 667 1000 argenteis
681 932 807 985 arte
824 928 980 985 fusili
995 932 1053 984 et
1069 927 1322 999 anaglifo
1343 927 1484 998 prod
1497 930 1666 982 uctae.
1684 926 1880 995 Ipsum

240 1024 472 1089 quoque
499 1017 801 1090 cyborium
826 1016 1130 1074 dominicae
1151 1014 1628 1083 resurrectionis,
1656 1010 1885 1083 appari-

234 1106 415 1168 tionis
446 1109 505 1162 et
540 1105 905 1161 admirabilis
948 1104 1312 1161 ascensionis
1360 1116 1537 1174 opere
1583 1098 1883 1157 caelator-io

240 1194 532 1266 protonsis
562 1194 886 1250 adornatur
908 1194 1194 1264 insigniis,
1223 1193 1440 1248 habens
1462 1195 1595 1246 ante
1619 1204 1679 1245 se
1697 1187 1883 1244 altare

235 1289 526 1339 sacratum
552 1283 607 1338 in
634 1283 855 1339 honore
880 1282 1070 1338 sancti
1094 1281 1286 1336 Vitoni
1311 1284 1367 1337 et
1384 1279 1640 1337 omnium
1664 1277 1884 1334 confes-

237 1386 435 1428 sorum
458 1390 471 1426 :
493 1371 565 1427 ad
590 1371 777 1427 levam
803 1375 996 1427 autem
1031 1370 1217 1426 altare
1248 1373 1541 1426 sacratum
1573 1368 1629 1423 in
1663 1367 1882 1422 honore

242 1460 429 1516 sancti
462 1458 797 1516 Pulchronii
828 1463 885 1515 et
913 1459 1167 1515 omnium
1198 1462 1537 1528 martyrum,
1574 1456 1793 1511 habens
1824 1459 1882 1509 et

241 1549 427 1619 ipsum
457 1562 622 1604 suum
644 1547 968 1617 cyborium,
993 1562 1107 1618 quo
1138 1546 1476 1603 continetur
1497 1558 1714 1616 corpus
1735 1542 1885 1613 ejus-

237 1636 367 1692 dem
402 1636 556 1691 beati
591 1634 948 1706 Pulchronii,
973 1650 1116 1692 auro
1147 1639 1209 1691 et
1233 1638 1476 1705 argento
1500 1633 1841 1689 decoratum
1869 1651 1882 1686 :

238 1739 413 1795 porro
444 1723 513 1779 ad
545 1723 848 1780 dexteram
881 1721 1067 1779 altare
1097 1723 1154 1779 in
1187 1722 1407 1779 honore
1439 1720 1624 1778 sancti
1648 1722 1885 1776 POSSeS-

236 1812 390 1869 soris
421 1812 693 1881 habetur,
725 1816 784 1867 et
832 1811 1085 1868 omnium
1123 1811 1429 1881 virginum,
1464 1823 1594 1867 cum
1625 1808 1881 1880 cyborio,

1991 652 2141 710 niam
2171 652 2402 711 detulit.
2439 651 2649 708 Fuerat
2684 654 2879 707 autem
2913 663 3043 706 cum
3077 662 3147 705 eo
3181 648 3236 705 in
3267 648 3644 721 expeditione

1993 741 2117 813 ipsa
2141 740 2373 811 quidam
2396 738 2525 809 ejus
2548 737 3046 808 consanguineus,
3072 736 3340 794 dominus
3359 736 3541 793 castri
3574 738 3645 793 de

1994 827 2389 885 Commarceio
2411 826 2543 897 ‘88),
2571 828 2629 882 et
2654 825 2834 881 multa
2857 840 3030 896 prece
3051 824 3307 881 obtinuit
3334 825 3406 880 ab
3429 838 3498 880 eo
3522 825 3649 881 bra-

1993 916 2184 973 chium
2209 914 2476 987 corporis
2498 915 2686 970 sancti
2708 912 3105 982 Pantaleonis,
3124 912 3421 984 quodetin
3445 914 3645 968 aeccle-

1994 1004 2080 1059 sia
2106 1003 2333 1075 praefati
2360 1002 2540 1059 castri
2566 1001 2850 1073 reposuit.
2870 1000 3132 1057 Evolutis
3155 999 3525 1072 postmodum
3545 1000 3647 1057 ali-

1995 1092 2132 1164 quOt
2167 1092 2353 1161 annis,
2386 1092 2693 1147 obsessum
2724 1096 2818 1146 est
2848 1094 3109 1145 castrum
3145 1090 3355 1161 ipsum,
3378 1094 3434 1145 et
3485 1103 3647 1145 ever-

1995 1196 2120 1238 sum
2178 1184 2354 1251 atque
2408 1193 2773 1236 succensum.
2837 1179 3095 1248 Cumque
3175 1178 3398 1233 ﬂamma
3475 1179 3648 1234 tectis

1996 1269 2280 1326 aecclesize
2310 1268 2677 1338 illaberetur,
2703 1272 2764 1323 et
2785 1266 3140 1324 victricibus
3161 1264 3354 1336 globis
3369 1265 3646 1322 interiora

1976 1356 2279 1416 'zecclesize
2328 1357 2638 1427 lamberet,
2682 1355 2891 1414 dolens
2945 1355 3222 1413 sacerdos
3282 1355 3354 1411 de
3412 1356 3649 1412 combu-

1998 1448 2190 1504 stione
2224 1450 2565 1503 sanctarum
2598 1445 3004 1516 reliquiarum,
3029 1444 3257 1501 cuidam
3290 1448 3646 1500 armatorum

1997 1541 2062 1592 ut
2094 1534 2422 1593 aecclesiam
2465 1535 2879 1604 ingrederetur
2909 1537 2967 1590 et
3000 1534 3072 1589 de
3106 1523 3485 1605 supcr'altari
3516 1532 3651 1589 reli-

1999 1625 2168 1695 quias
2200 1623 2454 1695 tolleret,
2480 1622 2853 1694 significavit.
2890 1622 2997 1690 Qui
3034 1638 3166 1679 mox
3200 1622 3525 1693 ingressus,
3560 1618 3649 1678 rc-

1998 1713 2212 1784 liquias
2245 1711 2376 1769 tulit
2409 1717 2467 1769 et
2501 1712 2808 1784 reposuit;
2841 1716 2899 1767 et
2929 1726 3063 1768 cum
3098 1711 3177 1766 ibi
3210 1710 3441 1768 adesset
3464 1711 3647 1767 abbas

1999 1803 2089 1873 8.,
2137 1801 2435 1859 brachium
2486 1802 2677 1857 sancti
2732 1806 3024 1873 praesente
3075 1799 3405 1872 presbitero
3453 1813 3651 1856 marca

237 1915 353 1971 quo
372 1914 589 1972 corpus
612 1899 740 1970 ejus
763 1899 1122 1970 continetur,
1139 1896 1881 1971 similiopereadornatum.
1915 1915 1969 1976 Β
2001 1891 2230 1962 argenti
2257 1891 2310 1947 ei
2341 1891 2605 1949 vendidit
2631 1908 2646 1958 ;
2679 1889 2835 1961 quod
2867 1889 3115 1946 domnus
3142 1888 3266 1961 ipse
3298 1903 3429 1945 cum
3463 1888 3645 1945 sciret

238 1987 440 2044 Altare
470 2002 612 2044 vero
645 1987 830 2057 majus
862 1987 919 2044 in
952 1987 1169 2045 honore
1200 1987 1385 2044 sancti
1416 1985 1572 2042 Petri
1597 1983 1887 2057 apostolo-

238 2061 366 2133 rum
391 2075 674 2149 principis
692 2080 985 2133 sacratum
1009 2080 1096 2132 est
1124 2076 1200 2132 ob
1217 2073 1585 2147 privilegium
1600 2071 1885 2129 :ecclesiaa

235 2166 441 2237 ipsius,
478 2179 607 2236 quae
658 2164 872 2237 priscis
921 2164 1287 2236 temporibus
1333 2162 1389 2219 in
1432 2161 1650 2218 honore
1698 2159 1886 2231 ipsius

234 2252 487 2325 apostoli
519 2259 579 2309 et
613 2254 765 2309 facta
797 2256 855 2309 et
880 2256 1225 2309 consecrata
1249 2256 1357 2307 est.
1380 2252 1528 2307 Ante
1554 2250 1662 2305 hoc
1686 2247 1886 2304 tabula

234 2340 489 2397 habetur
512 2356 711 2410 aurea,
731 2354 875 2397 auro
899 2339 1114 2397 mundo
1137 2347 1197 2396 et
1223 2339 1543 2412 purissimo
1564 2344 1624 2394 et
1647 2336 1889 2407 gemmis

234 2428 694 2500 preciosissimis
725 2428 1074 2485 densissime
1105 2431 1396 2498 conserta,
1431 2440 1610 2499 Opere
1640 2424 1886 2481 mirifico

232 2522 297 2573 et
329 2522 456 2573 arte
487 2518 768 2574 celatoria
795 2518 966 2586 facta,
989 2517 1306 2588 praeferens
1335 2514 1640 2585 imaginem
1662 2513 1886 2570 Domini

233 2605 467 2675 signum
491 2605 687 2662 crucis
700 2605 956 2661 tenentis
971 2607 1026 2658 et
1043 2619 1220 2675 super
1235 2603 1495 2674 aspidem
1509 2608 1568 2659 et
1585 2601 1887 2659 basilicum

230 2692 612 2761 ambulantis,
630 2698 687 2748 et
705 2692 911 2749 dextra
928 2692 1171 2762 levaquc
1188 2691 1466 2762 imagines
1489 2690 1886 2763 apostolorum

235 2780 401 2836 Petri
425 2780 661 2837 etPauli
679 2780 941 2850 ejusdem
964 2780 1160 2852 operis
1181 2785 1238 2836 et
1265 2779 1505 2835 metalli.
1533 2780 1619 2836 Ad
1641 2794 1886 2851 quorum

235 2868 486 2939 vestigia
506 2869 977 2940 procumbentes,
998 2882 1274 2924 cerneres
1290 2867 1781 2938 imaginesdomni
1799 2884 1889 2941 pa-

234 2956 349 3013 tris
379 2955 651 3013 Richardi
681 2962 741 3013 et
772 2956 1065 3013 Mathildis
1092 2957 1266 3027 digne
1299 2957 1715 3028 memorabilis,
1751 2973 1887 3029 sup-

239 3044 425 3116 plices
440 3058 645 3101 manus
663 3043 994 3116 tendentes,
1010 3048 1067 3101 et
1088 3044 1253 3116 quasi
1278 3049 1343 3102 ut
1364 3049 1528 3116 grata
1555 3045 1662 3101 hec
1683 3060 1884 3103 eorum

240 3133 529 3190 habeatur
585 3131 828 3204 oblatio,
867 3133 1113 3189 alterius
1156 3148 1357 3204 censu,
1393 3132 1638 3191 alterius
1686 3134 1884 3191 studio

239 3222 411 3291 facta,
448 3219 870 3293 supplicantes.
907 3222 1011 3294 (Cf.
1048 3223 1106 3279 C.
1156 3221 1316 3278 Virri.
1343 3221 1422 3293 9.)
1446 3223 1681 3278 Factum
1713 3228 1801 3278 est
1825 3227 1883 3278 et

235 3309 424 3365 altare
457 3310 842 3379 gestatorium
875 3324 945 3366 ex
969 3324 1112 3367 auro
1139 3309 1448 3383 purissimo
1472 3310 1718 3367 interius
1743 3311 1884 3367 mire

240 3397 624 3454 fabrefactum
674 3411 852 3469 opere
893 3398 1206 3468 consimili,
1241 3398 1438 3455 studio
1483 3404 1543 3454 et
1576 3399 1884 3468 largitione

237 3483 433 3539 domui
458 3483 1056 3554 Herimannicomitis,
1076 3485 1133 3540 iu
1155 3485 1387 3541 modum
1406 3485 1737 3542 tabularum
1752 3500 1886 3543 con-

238 3576 461 3628 sertum
482 3575 540 3628 et
576 3576 949 3644 conpactum,
970 3573 1126 3644 quod
1149 3588 1279 3629 cum
1305 3574 1590 3645 aperitur,
1616 3579 1675 3630 et
1698 3574 1884 3630 altare

237 3663 351 3730 est,
385 3665 445 3715 et
477 3660 691 3717 tabulae
725 3661 1089 3732 aperiuntur,
1126 3662 1339 3732 quibus
1370 3662 1419 3717 si
1475 3677 1694 3719 moram
1729 3663 1886 3718 adhi-

239 3747 397 3818 beas,
427 3747 581 3819 quod
610 3752 697 3805 est
729 3748 1182 3805 instrumentum
1223 3750 1402 3821 Moysi
1434 3752 1491 3806 et
1527 3752 1715 3807 Aaron
1751 3750 1887 3806 ima-

237 3836 471 3907 ginibus
499 3834 840 3908 gloriosum,
869 3837 1111 3907 ﬁguram
1144 3837 1450 3895 dominicae
1480 3838 1678 3896 crucis
1696 3839 1887 3910 expri-

239 3925 363 3981 mit.
383 3925 565 3981 Habet
580 3926 690 3981 hoc
705 3940 732 3981 a
751 3929 1031 3997 quattuor
1044 3924 1384 3982 cardinibus
1398 3932 1679 3997 quattuor
1701 3942 1888 3984 Levan-

236 4011 603 4085 gelistarum,
627 4014 896 4074 hominis.
913 4011 1121 4082 leonis,
1139 4015 1313 4084 tauri,
1331 4019 1388 4070 et
1414 4014 1623 4085 aquila:
1660 4016 1887 4088 species

238 4117 313 4159 ex
342 4106 587 4172 argento
627 4117 803 4174 opere
855 4102 1028 4174 fusnli,
1064 4103 1369 4175 praefatum
1418 4102 1603 4159 altare
1652 4109 1888 4175 portan-

240 4190 405 4261 tium,
440 4195 499 4247 et
529 4205 592 4247 se
624 4190 869 4247 invicem
902 4191 1089 4248 versis
1116 4190 1379 4249 vultibus
1411 4192 1876 4262 respicientium.

241 4280 429 4350 Super
458 4278 643 4351 ipsum
675 4294 814 4336 vero
836 4278 1022 4335 altare
1046 4279 1344 4336 brachium
1367 4280 1553 4336 sancti
1578 4281 1888 4337 Pantaleo-

239 4367 334 4424 nis
366 4367 602 4440 ponitur
634 4367 812 4439 pallio
845 4367 1036 4425 serico
1067 4367 1411 4437 involutum,
1437 4374 1496 4424 et
1519 4368 1675 4440 ligno
1708 4369 1888 4426 inclu-

241 4470 393 4525 sum,
427 4461 672 4526 argento
704 4461 763 4512 et
793 4471 936 4513 auro
968 4456 1327 4523 decoratum,
1355 4459 1507 4528 quod
1532 4457 1729 4513 attulit
1756 4472 1886 4515 cum

242 4558 494 4615 corpore
524 4543 787 4614 ejusdem
819 4560 849 4602 a
883 4545 1254 4602 Nichomedia
1281 4545 1644 4603 Coloniensis
1664 4547 1887 4618 episco-

2002 1996 2110 2053 pro
2140 1984 2306 2038 certo
2339 1980 2613 2052 martyris
2640 1993 2771 2035 esse
2796 1977 3101 2050 reliquias,
3126 1977 3368 2035 Virduni
3390 1976 3648 2047 gaudens

2002 2067 2224 2139 attulit,
2258 2074 2317 2124 et
2351 2070 2617 2139 paratum
2650 2071 2897 2136 argento
2927 2070 2989 2122 et
3030 2080 3175 2122 auro
3227 2064 3436 2121 diebus
3484 2063 3649 2121 festis

2002 2170 2179 2228 super
2200 2156 2386 2213 altare
2410 2157 2666 2229 ponitur.
2694 2155 2853 2212 Fecit
2875 2158 2935 2210 et
2958 2148 3069 2210 alia
3094 2152 3261 2226 plura
3284 2157 3643 2220 ornamenta,

2001 2245 2187 2303 libros
2204 2246 2638 2316 evangeliorum
2662 2259 2805 2303 auro
2826 2250 2887 2301 et
2908 2248 3153 2315 argento
3170 2249 3422 2318 paratos,
3440 2257 3649 2301 cruces

2000 2348 2073 2390 ex
2103 2350 2247 2391 auro
2276 2335 2592 2406 purissimo
2625 2340 2677 2406 3,
2704 2333 3032 2391 ventilabra
3055 2337 3332 2404 argentea
3355 2337 3407 2404 9,
3434 2333 3645 2389 librum

1999 2423 2381 2495 epistolarum
2414 2429 2437 2478 1
2475 2427 2719 2494 argento
2767 2426 3056 2495 paratum,
3089 2422 3327 2479 missale
3376 2427 3425 2493 1,
3471 2420 3648 2479 colle-

1999 2513 2286 2571 ctarium1
2308 2512 2579 2568 similiter
2593 2516 2836 2582 argento
2850 2515 3108 2584 paratos.
3129 2512 3330 2585 (07.0.
3353 2511 3513 2568 Vird.
3534 2512 3647 2581 11.)

1999 2601 2169 2657 Dedit
2214 2606 2273 2658 et
2314 2600 2620 2658 Heinricus
2666 2601 2984 2672 imperator
3031 2601 3275 2658 calicem
3328 2606 3350 2656 1
3406 2614 3644 2657 aureum

2000 2689 2419 2763 premaximum
2452 2704 2580 2747 cum
2611 2690 2855 2759 gemmis
2877 2689 3332 2762 preciosissimis
3352 2693 3410 2745 et
3433 2693 3645 2761 patena

1997 2779 2260 2850 ejusdem
2291 2777 2531 2848 metalli,
2556 2783 2614 2834 et
2648 2777 2997 2835 scutellam1
3029 2779 3101 2834 de
3125 2777 3355 2849 berillo,
3395 2782 3454 2833 et
3497 2777 3646 2850 pixi-

2000 2868 2129 2924 dem
2162 2875 2185 2925 1
2225 2868 2298 2924 de
2330 2866 2619 2939 onicbino,
2656 2868 2713 2923 in
2755 2880 2870 2938 qua
2914 2870 3254 2924 servaretur
3296 2878 3517 2939 corpus
3547 2866 3644 2922 do-

1999 2957 2271 3013 minicum
2324 2955 2662 3029 dependens
2712 2970 2891 3029 super
2930 2955 3116 3013 altare
3160 2976 3174 3012 :
3225 2960 3515 3029 praeterea
3561 2956 3646 3010 in-

1999 3060 2238 3102 numera
2271 3044 2418 3102 dona
2449 3045 2575 3102 auri
2609 3048 2670 3101 et
2696 3044 2923 3115 argenti
2954 3050 3013 3100 et
3044 3044 3397 3117 praediorum
3454 3058 3645 3101 sacra-

1999 3146 2244 3204 rumque
2267 3134 2537 3205 vestium,
2555 3139 2615 3190 et
2636 3134 2984 3205 philacteria
3004 3147 3178 3190 aurea
3202 3138 3263 3189 et
3285 3137 3563 3203 argentea
3588 3140 3645 3187 et

1996 3221 2322 3278 cristallina
2352 3237 2482 3278 cum
2515 3226 2847 3279 sanctorum
2900 3222 3182 3293 reliquiis,
3214 3236 3450 3294 capsam
3486 3228 3508 3278 1
3549 3235 3645 3278 au-

1997 3323 2153 3364 ream
2203 3309 2538 3380 insignitam
2580 3310 2847 3381 reliquiis
2896 3315 2963 3367 12
2986 3310 3406 3380 apostolorum,
3433 3314 3490 3365 et
3516 3324 3644 3365 cor-

1997 3412 2108 3454 nua
2139 3400 2173 3451 2
2202 3398 2458 3454 eburnea
2491 3398 2827 3454 idemtidem
2860 3397 3126 3469 reliquiis
3166 3399 3448 3453 conferta.
3484 3399 3645 3454 Fecit

1997 3486 2173 3542 etiam
2205 3486 2605 3543 memorabilis
2637 3491 2805 3558 pater
2845 3486 3173 3543 Ricbardus
3225 3500 3478 3543 coronas
3510 3492 3544 3544 2
3572 3502 3644 3563 ex

1996 3579 2245 3645 aagento
2273 3580 2333 3630 et
2364 3588 2528 3645 auro,
2561 3578 2624 3631 et
2654 3575 2892 3631 tertiam
2944 3575 3266 3647 parvulam,
3304 3574 3399 3631 ubi
3433 3575 3647 3646 depen-

1997 3663 2203 3719 derent
2217 3662 2516 3731 signorum
2530 3668 2742 3719 restes.
2764 3662 3065 3721 Advcrada
3090 3678 3325 3734 quoque
3347 3664 3642 3720 comitism

1999 3751 2161 3806 dedit
2191 3755 2399 3808 sancto
2430 3753 2607 3808 Petro
2627 3751 2883 3809 casulam
2904 3751 3149 3808 viridem
3167 3766 3299 3808 cum
3323 3752 3642 3822 aurifrisio,

1997 3842 2054 3895 et
2087 3837 2253 3895 multi
2286 3837 2468 3896 multa
2498 3840 2809 3911 dederunt,
2841 3856 2970 3911 quae
3003 3855 3346 3898 enumerare
3382 3839 3647 3910 longissi-

1999 3942 2153 3983 mum
2183 3932 2294 3984 est.
2332 3927 2491 3984 Unde
2520 3935 2577 3984 et
2610 3929 2667 3984 in
2699 3929 2859 3986 brevi
2891 3930 3083 3987 factus
3110 3933 3202 3985 est
3234 3928 3408 3995 locus
3436 3929 3533 3985 ille
3566 3930 3647 3984 in-

1999 4014 2206 4086 signis.
2244 4014 2336 4086 (G’.
2368 4016 2534 4073 γένει.
2569 4020 2621 4088 8,
2654 4017 2733 4088 9.)
2765 4019 2903 4088 Ejus
2932 4033 3183 4089 namque
3217 4018 3487 4090 exemplo
3520 4033 3648 4090 por-

1996 4110 2207 4160 vocata
2243 4104 2552 4174 progenies
2601 4105 2795 4161 domni
2840 4106 3137 4162 Frederici
3188 4106 3388 4163 seculo
3438 4121 3647 4163 renun-

1998 4192 2265 4262 ciavit,et
2284 4191 2571 4248 adherens
2588 4192 2964 4264 discipulatui
2984 4195 3209 4267 praefati
3229 4195 3415 4267 patris
3430 4196 3645 4266 praedia

1998 4294 2102 4337 sua
2123 4284 2183 4337 et
2206 4279 2552 4352 patrimonia
2575 4280 2860 4337 azeelesiaz
2883 4282 3066 4338 dedit.
3085 4283 3433 4340 Godefridus
3453 4299 3647 4340 comes

2001 4374 2168 4441 pater
2200 4371 2513 4426 Borracum
2539 4369 2722 4441 dedit,
2745 4370 2878 4427 inde
2903 4370 3089 4428 relato
3116 4372 3235 4428 lilio
3257 4388 3362 4429 suo
3387 4374 3459 4430 ab
3480 4372 3646 4429 Italia

2006 4457 2373 4515 Adalberone
2406 4458 2712 4531 episcopo,
2746 4474 2878 4516 cum
2925 4474 3055 4516 eum
3108 4464 3384 4531 parentes
3432 4461 3560 4530 ejus
3592 4462 3644 4516 in

2003 4548 2270 4604 {ecclesia
2304 4547 2357 4602 S.
2392 4547 2586 4604 Vitoni
2635 4547 2874 4621 sepeliri
2924 4549 3316 4620 mandassent,
3350 4554 3410 4605 et
3442 4555 3645 4606 contra

239 4644 358 4704 pus
384 4633 515 4703 (87),
541 4636 847 4704 aptentum
880 4633 1032 4689 dono
1061 4633 1692 4705 Constantinopolitani
1717 4635 1892 4706 impe-
1919 4618 1972 4679 D
2003 4652 2206 4692 eorum
2239 4636 2601 4693 voluntatem
2650 4618 2720 4693 in
2757 4637 3021 4695 aecelesia
3053 4639 3108 4694 S.
3142 4618 3333 4696 Mariae
3382 4639 3648 4712 sepultus

244 4720 487 4789 ratoris,
524 4720 646 4791 (fol.
671 4722 805 4793 77’.)
837 4720 1068 4793 quando
1106 4737 1212 4792 pro
1241 4721 1369 4791 ejus
1399 4721 1518 4777 tilia
1541 4723 1739 4779 Ottoni
1763 4725 1810 4779 ll
1835 4724 1891 4779 in

241 4807 617 4864 matrimonio
634 4808 929 4879 jungenda
947 4809 1117 4880 jussu
1133 4809 1391 4878 ejusdem
1408 4810 1639 4866 Ottonis
1652 4811 1718 4866 ad
1736 4826 1895 4867 eum-

237 4896 373 4953 dem
399 4896 810 4968 imperatorem
835 4896 1065 4967 legatus
1088 4899 1304 4955 missus
1316 4903 1427 4969 est,
1447 4915 1577 4955 cum
1597 4900 1893 4972 episcopis

240 4985 500 5057 duobus,
528 4985 779 5042 ducibus
802 4991 859 5041 et
885 4986 1217 5043 comitibus.
1244 4988 1313 5043 Et
1335 5002 1486 5057 cum,
1511 4989 1770 5060 optentis
1791 5002 1894 5060 pro

239 5071 461 5143 quibus
485 5072 656 5144 ierat,
674 5072 966 5130 licentiam
986 5074 1265 5131 redeundi
1282 5075 1628 5148 accepisset,
1647 5082 1707 5132 et
1722 5077 1792 5132 im
1802 5092 1897 5148 pe-

241 5164 411 5216 rator
442 5160 495 5216 ei
530 5160 829 5233 sociisque
856 5161 985 5234 ejus
1016 5176 1251 5219 munera
1285 5162 1451 5234 plura
1483 5164 1816 5237 cptulisset,
1837 5170 1899 5222 ct

241 5247 517 5321 accipere
540 5250 893 5320 renuissent,
918 5264 1134 5322 corpus
1155 5251 1344 5308 sancti
1358 5253 1730 5311 Pantaleonis
1743 5256 1814 5311 ab
1827 5270 1898 5312 eo

2006 4725 2231 4795 fuisset,
2260 4740 2367 4796 pro
2402 4725 2603 4796 requie
2632 4726 2838 4784 anima:
2861 4726 3020 4783 illius
3042 4727 3331 4783 dederunt
3355 4728 3409 4784 S.
3438 4728 3646 4785 Vitono

2005 4814 2326 4869 Forbacum
2353 4815 2517 4886 (88‘).
2548 4817 2619 4870 At
2644 4829 2783 4871 vero
2807 4815 3207 4886 Herimannus,
3226 4817 3643 4887 quietHezelo.

2007 4901 2186 4959 filium
2238 4918 2404 4958 suum
2458 4898 2797 4973 Gregorium
2847 4904 2902 4960 in
2949 4905 3115 4961 annis
3160 4906 3488 4976 puerilibus
3531 4908 3646 4961 Deo

2007 4989 2243 5060 obtulit,
2279 4995 2338 5046 et
2369 5006 2593 5047 omnem
2651 4992 3019 5049 devotionem
3064 5008 3229 5050 suam
3279 4995 3350 5052 ad
3400 4994 3644 5051 eundem

2007 5079 2198 5136 locum
2256 5079 2455 5135 vertit.
2501 5080 2671 5136 Dedit
2725 5081 2876 5136 enim
2924 5084 2979 5138 S.
3028 5083 3203 5138 Petro
3246 5088 3306 5139 et
3349 5084 3403 5139 S.
3437 5082 3646 5139 Vitono

2007 5166 2223 5224 Haslud
2253 5181 2384 5223 cum
2416 5166 2707 5240 recciesia,
2739 5168 2795 5225 in
2841 5171 3078 5227 Fesseca
3112 5185 3281 5227 unam
3312 5170 3645 5243 ecclesiam,

2008 5257 2064 5313 in
2122 5255 2528 5327 Rotgericorte
2588 5260 2653 5312 12
2707 5270 2942 5315 mansos
3000 5258 3056 5315 in
3122 5258 3647 5331 Ermefredegehen

1610 5386 1847 5446 VARIE
1887 5388 2287 5447 LECTIONES.

1836 5528 2060 5591 NOTAE.

313 5448 505 5511 mita
532 5464 584 5510 ο.

332 5628 426 5687 87)
459 5628 630 5685 Gero.

332 5631 402 5687 87
459 5628 630 5685 Gero.

307 5628 426 5773 £88;
455 5698 815 5770 Commercy.

2069 5635 2211 5706 (88*)
2245 5634 2523 5695 Forbach.
