3922 6396
291 398 406 461 211

1253 395 1620 458 HUGONIS
1662 396 2014 458 ABBATIS
2060 397 2745 460 FLAVINIACENSIS

3573 403 3692 463 212

296 546 464 589 unam
499 530 845 587 :eeclesiam.
882 530 960 584 De
1008 529 1098 585 his
1148 528 1363 585 factum
1400 535 1493 584 est
1527 532 1654 600 post
1688 531 1935 584 mortem
1965 527 2022 590 A
2049 531 2256 600 seculi,
2293 531 2392 587 hic
2417 531 2729 602 expectabo
2782 531 2938 589 diem
2966 534 3228 591 Domini.
3267 533 3349 590 Ad
3383 536 3692 594 missarum

296 622 423 691 ejus
451 619 875 688 concambium,
895 622 951 674 et
977 617 1141 675 dedit
1167 633 1268 690 pro
1290 615 1381 675 his
1403 633 1599 675 comes
1625 618 1941 676 Balduinus

297 708 675 766 Flandrensis
707 706 1033 764 Bonvillare
1072 722 1203 764 cum
1244 707 1480 764 dimidia
1528 707 1800 778 ecclesia,
1834 709 1941 763 He-

298 812 513 867 venges
544 795 815 853 similiter
861 810 990 852 cum
1039 795 1295 867 dimidia,
1328 796 1383 852 in
1431 796 1688 853 Vitereio
1738 796 1941 854 vineas

298 901 429 943 eum
464 884 710 956 quadam
745 889 911 956 parte
942 883 1247 954 aecclesiae,
1282 886 1338 941 in
1370 885 1578 942 Harvia
1612 889 1680 942 30
1711 900 1944 944 mansos

299 988 427 1030 eum
478 972 694 1030 familia
736 987 959 1043 magna.
997 974 1088 1041 (Θ.
1137 973 1299 1029 Vird.
1335 976 1412 1046 9.)
1446 974 1578 1030 Sine
1610 974 1723 1030 isto
1749 979 1941 1032 tamen

297 1062 638 1118 concambio
654 1060 1099 1119 tradiditadhuc
1117 1063 1372 1133 praefatae
1387 1062 1673 1120 aecclesiie
1697 1065 1942 1121 Monnau

299 1155 358 1207 et
389 1151 716 1208 mcclesiam
746 1166 877 1207 cum
911 1150 1053 1208 silva
1106 1151 1404 1222 spaciosa;
1438 1153 1773 1223 Fontagiam
1808 1168 1946 1224 quo-

300 1255 413 1311 que
441 1256 575 1297 cum
613 1238 826 1296 familia
861 1244 919 1296 et
951 1240 1117 1297 vinea
1159 1240 1395 1310 Optima.
1432 1240 1599 1297 Dedit
1632 1241 1806 1298 etiam
1840 1257 1945 1313 pro

304 1330 492 1385 anima
526 1328 629 1383 filii
662 1327 958 1386 Codefridi
989 1343 1061 1384 ex
1091 1329 1415 1385 concubina
1440 1330 1581 1400 nati,
1606 1330 1662 1385 in
1686 1330 1946 1388 claustro

299 1416 601 1487 tumulati,
638 1433 752 1474 non
786 1422 977 1495 tamen
1002 1419 1168 1489 juxta
1198 1419 1414 1475 fratres
1442 1423 1499 1474 et
1530 1425 1776 1490 patrem,
1804 1418 1950 1476 duas

300 1506 619 1579 (ecclesias,
664 1521 907 1579 quarum
968 1521 1080 1563 una
1138 1506 1356 1563 dicitur
1416 1509 1574 1578 Ham,
1634 1506 1745 1564 alia
1807 1508 1949 1564 Gen-

299 1586 524 1664 geavia.

383 1689 435 1741 9.
461 1675 620 1744 Fecit
652 1691 713 1743 et
737 1690 932 1743 vestes
967 1689 1229 1743 sacratas
1258 1687 1315 1742 in
1347 1685 1612 1742 aecclesia
1636 1685 1950 1757 preciosis-

304 1782 502 1839 simas.
536 1780 607 1839 Et
634 1791 765 1833 cum
797 1774 1121 1831 mcclesiam
1172 1775 1356 1846 ipsam
1390 1789 1509 1845 prae
1540 1774 1773 1831 eunetis
1802 1790 1951 1831 mor-

306 1870 530 1927 talibus
560 1866 684 1923 suis
723 1865 975 1921 ditasset
1023 1863 1193 1919 bonis
1237 1868 1298 1920 et
1347 1863 1843 1935 possessionibus,
1881 1863 1950 1919 ad
1981 1891 2034 1951 B

307 1958 576 2017 ultimum
610 1953 989 2024 semetipsum
1016 1954 1134 2008 Deo
1160 1952 1397 2024 optulit,
1433 1958 1493 2008 et
1526 1953 1845 2009 monachus
1875 1952 1954 2008 fa-

306 2051 441 2103 ctus
473 2050 583 2116 est,
620 2047 681 2101 ut
715 2042 771 2097 in
804 2046 1085 2099 aeternum
1117 2055 1247 2098 cum
1271 2041 1503 2098 Christo
1528 2044 1820 2111 regnaret.
1846 2042 1954 2097 Ma-

309 2133 515 2191 thildis
544 2136 761 2199 autem,
796 2146 944 2188 uxor
973 2130 1100 2200 ejus
1130 2130 1303 2199 digne
1334 2128 1749 2200 memorabilis,
1786 2130 1954 2186 bonis

309 2223 539 2297 pollens
554 2220 877 2278 virtutibus
889 2224 948 2274 et
962 2218 1383 2275 misericordias
1396 2218 1639 2275 studens
1651 2218 1951 2289 operibus,

308 2314 365 2371 in
388 2311 654 2368 claustro
676 2308 861 2380 ipsius
884 2307 1223 2364 monasterii
1247 2308 1519 2363 defuncta
1542 2306 1956 2363 venerabiliter

311 2401 564 2474 quiescit
593 2400 848 2456 humata.
879 2398 1056 2469 Cujus
1085 2396 1155 2454 ad
1185 2400 1362 2467 caput
1397 2395 1513 2452 filia
1542 2410 1743 2452 eorum
1769 2394 1957 2452 Odilia

311 2491 476 2561 virgo
499 2488 895 2547 sacratissima
921 2486 1109 2543 locum
1136 2486 1313 2542 habet
1339 2484 1656 2556 sepulchri.
1681 2484 1823 2555 (F01.
1841 2486 1955 2556 78.)

311 2583 390 2639 De
407 2579 516 2636 hac
540 2593 732 2635 sermo
756 2576 976 2647 extitit,
991 2581 1046 2633 et
1073 2591 1181 2632 nos
1197 2590 1225 2632 a
1245 2575 1581 2633 senioribus
1605 2574 1954 2645 audivimus,

314 2669 470 2743 quod
491 2683 728 2739 egressa
756 2681 788 2722 a
811 2666 1026 2723 finibus
1050 2665 1310 2723 Bavariae
1331 2664 1560 2721 venerit
1583 2662 1903 2721 Virdunum
1927 2667 1960 2721 4

315 2759 459 2817 feria
490 2763 624 2815 ante
656 2759 920 2814 sanctum
953 2755 1105 2812 diem
1138 2754 1369 2825 paschae
1399 2753 1604 2809 volens
1630 2767 1760 2810 cum
1791 2756 1959 2825 patre

311 2854 374 2905 et
406 2852 590 2904 matre
622 2850 682 2902 et
707 2844 989 2901 fratribus
1009 2842 1161 2899 diem
1181 2842 1410 2913 paschae
1432 2841 1754 2899 celebrare.
1779 2841 1959 2907 Quam

315 2952 446 2995 cum
478 2937 569 3005 vir
601 2934 827 2991 Domini
859 2932 1189 2989 Ricbardus
1236 2932 1486 2988 intuitus
1537 2930 1767 3001 fuisset,
1809 2930 1983 2987 inter‘

320 3025 529 3083 blanda
554 3021 975 3080 consolationis
988 3019 1264 3090 alloquia,
1282 3034 1351 3076 an
1367 3019 1584 3089 aliquid
1606 3018 1963 3079 infirmitatis

319 3115 626 3186 pateretur
658 3108 1062 3179 interrogavit.
1093 3108 1214 3174 Qua
1257 3107 1649 3178 respondente
1679 3122 1874 3163 sanam
1900 3121 1963 3163 se

318 3216 469 3273 esse,
501 3206 558 3260 et
592 3198 813 3257 nullius
845 3197 1196 3268 egritudinis
1227 3196 1556 3253 molestiam
1599 3211 1662 3252 se
1710 3196 1962 3265 sentire;

321 3292 419 3349 ille
448 3289 772 3364 prophetize
808 3288 1020 3360 spiritu
1055 3289 1287 3359 plenus,
1312 3286 1640 3358 praevidens
1666 3286 1966 3343 imminere

318 3388 554 3454 tempus
575 3378 902 3437 vocationis
919 3378 1049 3448 ejus
1075 3396 1087 3431 :
1126 3376 1264 3434 Vale
1287 3377 1389 3446 ait,
1394 3376 1560 3448 ﬁlia,
1582 3389 1719 3432 cere
1745 3375 1969 3433 salutis

322 3470 727 3542 atemaﬂlia.
758 3470 916 3528 Nam
942 3481 1078 3525 cras
1107 3466 1222 3524 liae
1262 3466 1327 3523 in
1354 3465 1506 3523 liora
1549 3464 1876 3523 assa/meris
1904 3466 1971 3521 in

315 3560 565 3632 gloria;
593 3559 653 3615 et
674 3558 927 3628 recipies
956 3570 996 3613 a
1024 3555 1145 3613 Deo
1184 3568 1293 3627 pro
1343 3553 1481 3612 bene
1503 3554 1693 3624 gestis
1712 3554 1973 3625 pramia

321 3648 703 3719 sempiterna.
736 3645 946 3718 Elegit
971 3647 1130 3702 enim
1159 3645 1215 3702 te
1244 3644 1404 3700 Deus
1431 3643 1656 3699 sociam
1685 3654 1808 3699 esse
1834 3655 1973 3699 san-

325 3739 559 3796 ctmm
569 3736 897 3807 virginum,
915 3733 1395 3805 guiajoeundam
1405 3732 1462 3788 ei
1474 3733 1541 3789 in
1552 3730 1725 3788 corde
1747 3730 1974 3788 taoviw

320 3827 613 3899 ginitatis
650 3824 1023 3898 praeparasti
1072 3821 1505 3879 habitaculum.
1542 3820 1856 3891 Obstupuit
1901 3820 1972 3876 ad

328 3919 476 3973 hanc
502 3930 703 3972 vocem
727 3913 806 3985 pii
829 3911 1016 3984 patris
1037 3909 1248 3968 ancilla
1272 3909 1391 3980 Dei,
1413 3913 1468 3966 et
1497 3908 1630 3979 quia
1654 3909 1841 3965 virum
1872 3909 1972 3965 Dei

326 4006 581 4064 credidit
603 4020 715 4062 non
741 4018 918 4076 posse
940 4001 1194 4071 mentiri,
1211 3999 1406 4056 verbis
1420 3996 1794 4069 ejuscredula
1816 3999 1974 4070 cepit

329 4098 401 4154 de
435 4098 547 4153 fine
580 4110 685 4152 suo
717 4096 997 4163 tractare,
1022 4105 1303 4147 excessus
1334 4103 1472 4145 suos
1506 4091 1888 4160 pertractare,
1914 4092 1971 4144 et

331 4185 671 4256 suffragium
689 4181 1111 4240 consolationis
1132 4183 1189 4236 et
1204 4178 1487 4236 orationis
1500 4179 1572 4235 ab
1586 4192 1654 4232 eo
1672 4182 1968 4249 expetere.

330 4278 403 4332 At
424 4275 523 4331 ille
547 4278 724 4346 caput
743 4275 1010 4329 sanctum
1032 4284 1209 4341 super
1234 4273 1442 4340 pectus
1466 4281 1633 4323 suum
1658 4266 1969 4337 reclinans,

329 4369 411 4433 et,
443 4363 606 4434 quasi
633 4361 751 4432 jam
785 4374 887 4433 per
916 4358 1415 4430 incorruptionem
1466 4354 1732 4427 corporis
1771 4359 1831 4410 et
1861 4354 1976 4425 spi-

332 4454 482 4511 ritus
531 4451 782 4509 alterata
828 4453 1010 4519 esset,
1043 4463 1170 4504 eam
1217 4445 1575 4514 demulcens,
1604 4444 1976 4500 confortabat

331 4543 605 4616 spiritum
635 4540 761 4611 ejus
810 4539 869 4596 in
914 4538 1171 4608 Domino,
1208 4548 1540 4607 proponens
1593 4534 1816 4588 beatam
1849 4546 1973 4587 eam

1998 3249 2047 3312 C

2052 619 2251 689 itaque
2275 618 2615 690 sollempnia
2649 619 2773 690 ivit,
2800 624 2855 677 et
2882 635 3011 678 cum
3042 623 3530 680 communicasset
3550 626 3693 682 vivi-

2052 706 2180 762 ficis
2239 708 2557 779 mysteriis,
2622 707 2822 765 dolore
2868 708 3290 779 aliquantulum
3341 711 3569 783 pulsata
3619 714 3690 769 ad

2052 793 2256 850 cellam
2291 794 2485 864 rediit,
2510 798 2571 850 et
2592 794 2938 851 adveniente
2963 795 3087 852 viro
3110 796 3209 852 Dei
3231 811 3361 853 cum
3387 797 3685 869 fratribus,

2052 882 2271 940 exitum
2305 898 2471 940 suum
2505 883 2875 940 orationibus
2908 884 3118 941 muniri
3144 884 3333 955 petiit,
3360 892 3419 942 et
3437 887 3693 943 sicinter

2054 987 2256 1028 manus
2286 973 2413 1044 ejus
2446 972 2502 1029 in
2533 972 2729 1029 cinere
2762 976 2816 1029 et
2848 972 3043 1030 cilicio
3087 988 3149 1029 se
3198 973 3505 1046 reclinans,
3539 977 3693 1033 inter

2053 1062 2230 1118 verba
2263 1062 2548 1117 orationis
2574 1061 2705 1119 laeta
2731 1062 3002 1132 spiritum
3027 1061 3260 1119 efflavit.
3288 1065 3353 1119 Et
3378 1065 3690 1121 recedente

2057 1151 2224 1207 beata
2258 1151 2467 1220 anima,
2494 1155 2654 1206 tanta
2680 1150 2797 1209 illic
2820 1151 3112 1208 emanavit
3142 1151 3446 1222 flagrantia
3467 1152 3535 1187 ²⁸⁴
3556 1155 3692 1210 odo-

2057 1241 2253 1311 ris,.ut
2287 1240 2429 1298 nulli
2488 1241 2726 1299 dubium
2780 1241 2928 1297 foret
2980 1242 3214 1298 venisse
3264 1241 3383 1299 illic
3431 1248 3687 1300 antorem

2057 1330 2386 1387 suavitatis.
2426 1332 2702 1387 Curatum
2736 1344 2874 1386 sane
2915 1335 3006 1387 est
3040 1345 3253 1402 corpus
3286 1332 3411 1403 ejus
3441 1332 3531 1403 pia
3564 1332 3697 1388 reli-

2055 1419 2357 1487 giosorum
2386 1420 2683 1490 instantia,
2718 1424 2778 1475 et
2818 1435 3003 1491 usque
3049 1420 3103 1475 in
3156 1420 3306 1476 diem
3357 1421 3591 1477 tertium
3641 1423 3694 1477 in

2060 1505 2325 1564 mcclesia
2360 1507 2451 1579 pia
2485 1515 2780 1564 servatum
2803 1506 3197 1565 sollicitudine
3220 1513 3274 1563 et
3303 1509 3614 1575 industria;
3638 1516 3693 1567 et

2062 1596 2149 1652 sic
2178 1597 2424 1653 sabbato
2456 1601 2660 1652 saneto
2693 1603 2868 1652 terrae
2929 1596 3261 1654 mandatum
3311 1613 3441 1655 cum
3489 1599 3695 1669 gloria.

2065 1684 2169 1754 (Cf.
2199 1683 2264 1743 θ.
2303 1684 2558 1756 νὶγιί.9.)
2584 1670 2776 1741 ιηίιοο
2800 1686 3158 1741 monasterio
3181 1687 3427 1744 domnus
3448 1689 3703 1745 Leithar-

2065 1773 2175 1831 dus
2204 1787 2402 1829 comes
2443 1772 2515 1830 de
2563 1773 2813 1830 Marceio
2860 1774 2932 1831 ad
2976 1776 3417 1831 conversionem
3461 1778 3702 1833 veniens

2067 1862 2385 1921 Bailodium
2417 1861 2687 1928 contulit,
2723 1866 2784 1918 et
2814 1862 3014 1919 multis
3065 1864 3230 1920 annis
3278 1865 3334 1921 in
3384 1871 3583 1923 sancto
3621 1867 3703 1922 vi-

2064 1965 2207 2007 vens
2259 1951 2584 2022 proposito,
2633 1952 2868 2007 tandem
2949 1952 3340 2023 Cathalaunis,
3390 1969 3501 2025 quo
3572 1970 3700 2011 eum

2066 2040 2418 2097 oboedientia
2481 2041 2741 2111 miserat,
2776 2041 3089 2098 defunctus
3118 2048 3177 2098 et
3210 2043 3476 2115 sepultus
3504 2050 3615 2116 est,
3643 2052 3699 2102 et

2067 2129 2297 2187 demum
2329 2129 2572 2186 Virduni
2604 2130 2825 2186 relatus
2856 2131 2912 2186 in
2936 2130 3198 2188 claustro
3241 2133 3561 2190 tumulatus
3590 2140 3698 2192 est.

2067 2219 2239 2290 (Vita
2260 2218 2578 2289 Richardi,
2596 2221 2674 2290 9.)
2699 2219 3046 2276 Godefridus
3063 2220 3181 2276 dux
3203 2222 3502 2278 Cozelonis
3526 2224 3706 2278 frater

2068 2306 2281 2363 ibidem
2315 2306 2607 2377 sepultus,
2640 2312 2710 2363 29
2741 2322 2972 2364 mansos
3004 2308 3057 2362 in
3092 2310 3390 2365 Beurunes
3435 2310 3612 2380 dedit,
3646 2315 3703 2367 et

2069 2409 2170 2453 sua
2205 2395 2617 2467 suppellectile
2650 2395 2843 2451 locum
2876 2395 3183 2453 admodum
3203 2398 3519 2469 ampliavit.
3548 2401 3706 2456 Dedo

2068 2485 2242 2541 etiam
2275 2485 2346 2542 de
2379 2484 2620 2541 Comitis
2636 2491 2830 2541 castro
2848 2486 3012 2556 juxta
3037 2486 3413 2543 Teodoricum
3439 2488 3707 2544 comitem

2072 2574 2287 2630 ibidem
2324 2573 2376 2629 in
2410 2573 2677 2643 ingressu
2712 2575 3055 2629 monasterii
3081 2576 3353 2645 quiescit.
3383 2576 3709 2634 Ludovicus

2072 2676 2303 2733 quoque
2334 2676 2530 2718 comes
2561 2666 2617 2717 et
2653 2662 2987 2718 monachus.
3022 2662 3113 2733 (G.
3164 2664 3323 2721 Vini.
3358 2669 3409 2736 9,
3446 2668 3554 2737 11.)
3593 2665 3711 2720 ltil-

2075 2751 2296 2809 dradus
2316 2766 2514 2807 comes
2538 2752 2889 2807 Richardum
2925 2752 3104 2807 illium
3133 2767 3294 2809 suum
3329 2759 3457 2824 post
3489 2754 3710 2825 episco—

2074 2856 2209 2912 pum
2270 2842 2443 2895 beato
2489 2841 2640 2911 patri
2694 2840 3104 2911 baptizandum
3155 2841 3422 2911 offerens,
3474 2843 3713 2898 Baronis

2073 2933 2299 2986 curtem
2331 2933 2535 2985 sancto
2566 2928 2776 2985 Vitono
2809 2929 2988 2999 dedit,
3024 2933 3081 2984 et
3115 2929 3424 2986 defunctus
3470 2931 3523 2985 in
3572 2930 3716 2999 gali-

2074 3016 2164 3074 lea
2190 3017 2304 3087 (89)
2339 3017 2613 3073 tumulari
2645 3018 2876 3072 meruit.
2912 3018 3032 3073 Non
3065 3021 3155 3072 est
3209 3023 3398 3073 autem
3435 3018 3601 3074 facile
3628 3034 3717 3073 re-

2077 3107 2250 3175 ferre,
2272 3110 2410 3176 quot
2443 3106 2514 3161 de
2547 3106 2799 3162 diversis
2832 3106 3098 3177 partibus
3128 3106 3403 3177 Francize,
3429 3107 3714 3162 Neustri.e

2075 3200 2135 3251 et
2158 3195 2502 3264 Austrasiae,
2532 3194 2745 3266 spretis
2769 3194 3070 3252 mundanae
3093 3195 3370 3250 vanitatis
3394 3194 3707 3261 illecebris,

2080 3287 2189 3342 sub
2220 3284 2534 3355 disciplina
2566 3288 2627 3340 et
2660 3284 2996 3354 magisterio
3022 3284 3205 3356 patris
3226 3285 3497 3340 Richardi
3524 3299 3715 3340 mona-

2080 3375 2242 3432 stium
2275 3388 2336 3430 se
2372 3374 2698 3430 subdebant
2735 3373 3021 3443 religioni.
3060 3374 3140 3429 Ita
3195 3388 3440 3443 namque
3485 3374 3539 3429 in
3589 3373 3718 3440 ejus

2081 3477 2275 3520 amore
2290 3477 2353 3518 se
2371 3464 2563 3519 transf
2566 3463 2806 3518 uderant
2824 3476 3012 3532 reges,
3031 3461 3336 3533 pontifices
3350 3466 3407 3516 et
3424 3466 3715 3533 potentes,

2083 3558 2144 3611 ut
2177 3569 2401 3610 summo
2452 3568 2580 3608 eum
2630 3557 3055 3608 venerarentur
3102 3552 3331 3621 affectu,
3384 3557 3441 3608 et
3496 3558 3717 3624 patrem

2082 3656 2211 3698 eum
2246 3641 2509 3699 dicerent
2542 3641 2747 3712 patrim
2778 3642 2851 3697 ob
2884 3645 3187 3712 paternum
3219 3641 3346 3711 ejus
3365 3655 3498 3710 erga
3520 3655 3719 3696 omnes

2084 3730 2375 3799 aﬂ‘eetum,
2410 3744 2523 3800 quo
2551 3734 2798 3785 cunctos
2843 3731 3077 3785 fovebat
3124 3733 3181 3785 et
3232 3728 3546 3785 relevabat.
3583 3730 3719 3783 Erat

2083 3819 2233 3874 enim
2271 3819 2401 3889 pius
2450 3818 2503 3873 in
2555 3818 2743 3888 vultu,
2792 3817 3151 3874 reverendus
3197 3818 3449 3888 incessu,
3485 3832 3726 3873 severus

2084 3908 2241 3964 circa
2272 3908 2572 3978 reprobos,
2625 3906 2814 3962 dulcis
2864 3921 2999 3977 erga
3051 3906 3367 3977 benivolos,
3402 3907 3579 3962 forma
3626 3906 3727 3960 ho-

2083 3999 2305 4067 nestus,
2339 3996 2566 4052 actione
2597 3995 2977 4067 compositus,
3016 3996 3331 4067 praeferens
3364 4009 3590 4065 semper
3624 3994 3729 4049 ho-

2083 4090 2309 4143 nestum
2344 4085 2491 4155 utili,
2525 4085 2621 4156 qui
2658 4084 2817 4141 nullo
2847 4089 3096 4153 terrore,
3132 4084 3287 4140 nulla
3321 4083 3655 4140 adulatione
3689 4098 3726 4138 a

2085 4189 2224 4231 vero
2256 4175 2615 4244 flecteretur,
2644 4174 2698 4228 in
2724 4174 3137 4229 observatione
3171 4172 3386 4242 regula)
3420 4170 3729 4227 ferventis-

2084 4264 2284 4333 simus,
2347 4264 2403 4319 in
2458 4262 2825 4332 corrigendis
2882 4263 3050 4319 νιοὶἱε
3105 4261 3615 4334 prudentissimus,
3666 4260 3726 4316 in

2086 4354 2363 4410 castitate
2420 4352 2880 4423 cluentissimus,
2943 4352 2998 4406 in
3052 4350 3370 4407 exibitionc
3441 4351 3727 4406 bonorum

2085 4454 2323 4513 operum
2356 4439 2837 4511 perfectissimus.

2158 4533 2243 4583 10.
2278 4527 2462 4597 (10:20)
2520 4525 2824 4582 Baldricus
2880 4525 3060 4596 igitur
3117 4524 3449 4581 Leodiensis
3506 4523 3734 4594 episco-

333 4606 478 4703 fore,
512 4606 684 4703 quam
716 4634 943 4687 certum
974 4630 1099 4683 erat
1134 4606 1476 4696 adinuptias
1508 4623 1637 4693 agni
1674 4622 1970 4677 festinare.
2004 4606 2058 4666 D
2090 4633 2198 4690 pus
2230 4617 2367 4687 (89‘)
2391 4631 2520 4703 cum
2547 4616 2776 4671 beatum
2800 4615 2986 4671 virum
3011 4614 3181 4670 unice
3213 4613 3504 4703 diligeret,
3537 4627 3735 4703 coeno-

332 4725 473 4779 Post
506 4722 613 4777 hec
644 4734 771 4776 eam
804 4718 1045 4774 reficere
1077 4715 1275 4787 jussit,
1311 4713 1578 4776 omnibus
1629 4710 1976 4767 mirantibus

336 4810 624 4883 quomodo
657 4823 783 4865 eam
818 4820 1012 4862 sanam
1043 4810 1100 4861 et
1133 4807 1397 4873 vegetam
1431 4802 1489 4857 in
1519 4800 1777 4858 crastino
1808 4798 1978 4855 mori-

337 4908 525 4958 turam
552 4895 896 4970 predixerit.
914 4896 975 4949 In
988 4893 1305 4950 crastinum
1329 4895 1522 4948 autem
1541 4889 1767 4961 liquore
1792 4888 1977 4945 sancti

336 4990 450 5046 olei
482 4990 554 5045 ab
583 5002 650 5043 eo
685 4986 944 5053 inuncta,
978 4997 1108 5039 cum
1141 4980 1356 5038 nullam
1399 4979 1771 5051 gravedinem
1823 4982 1981 5049 pate-

337 5083 521 5149 retur,
557 5074 830 5133 mandato
864 5086 1184 5144 pauperum
1215 5084 1345 5126 cum
1397 5084 1467 5125 eo
1512 5068 1800 5137 interfuit,
1834 5071 1894 5121 et
1924 5065 1979 5120 in

339 5168 540 5223 eodem
583 5182 697 5237 quo
745 5163 971 5219 laverat
1019 5161 1198 5232 pedes
1248 5172 1566 5231 pauperum
1615 5156 1744 5213 loco
1792 5156 1981 5211 virum

341 5257 573 5313 beatum
606 5253 818 5310 intuita
858 5272 869 5306 :
901 5252 1043 5321 Hec,
1081 5250 1181 5322 ait,
1205 5248 1445 5321 requies
1471 5260 1603 5303 mea
1624 5245 1691 5302 in
1708 5243 1983 5304 monium

2056 4706 2245 4763 .bium
2279 4700 2560 4761 Lob'iense
2595 4704 2815 4760 divitiis
2860 4703 3366 4774 opulentissimum
3400 4702 3451 4756 ei
3483 4699 3736 4756 tradidit

2088 4795 2427 4866 regendum,
2452 4799 2515 4850 ut
2550 4793 2835 4849 industria
2870 4793 2996 4862 ejus
3030 4792 3334 4862 religionis
3364 4790 3417 4845 in
3444 4805 3512 4845 eo
3547 4789 3735 4844 refor-

2091 4887 2273 4939 maret
2300 4883 2686 4955 propositum,
2707 4881 2859 4953 quod
2875 4881 3185 4937 videbatur
3209 4895 3237 4936 a
3265 4879 3515 4951 pristino
3538 4877 3737 4947 rigore

2094 4974 2458 5028 inmutatum.
2498 4970 2673 5040 Cujus
2704 4971 2970 5042 exemplo
2995 4968 3329 5025 delectabili
3352 4970 3733 5039 provocatus,

2091 5076 2221 5117 cum
2244 5060 2472 5116 videret
2488 5059 2821 5128 religiosam
2836 5060 2963 5129 ejus
2978 5055 3477 5113 conversationem
3496 5054 3549 5108 in
3567 5054 3739 5108 bonis

2092 5155 2150 5206 et
2186 5150 2407 5207 sanctis
2439 5148 2716 5217 moribus,
2752 5154 2811 5202 et
2861 5148 3281 5202 incrementum
3333 5142 3635 5211 religionis
3674 5147 3736 5196 et

2094 5239 2433 5295 monasticae
2466 5237 2844 5309 perfectionis
2876 5236 2932 5291 in
2975 5233 3240 5289 coenobio
3285 5231 3487 5288 eodem
3534 5244 3739 5285 exere-

1702 5373 1938 5433 νΑΒΙᾸΞ
1980 5368 2378 5429 LECTIONES.

410 5473 477 5506 ’⁸⁸
516 5474 607 5531 ita
635 5487 682 5531 ο.

1927 5532 2148 5590 NOTIE.

435 5651 524 5721 89)
556 5652 728 5721 Area,
764 5646 998 5721 nostris
1024 5646 1301 5721 gallerie.
1350 5714 1363 5721 _
1393 5710 1403 5721 ι
1454 5694 1457 5699 ,

435 5652 524 5721 89)
556 5652 728 5718 Area,
764 5652 984 5702 nostris
1024 5652 1301 5719 gallerie.
1454 5694 1457 5699 ,

411 5652 551 5793 ἓθθσ)
581 5715 907 5784 Wolbodo;
939 5718 1011 5774 cf.
1048 5720 1190 5773 Ann.
1226 5710 1597 5772 Laubienses.
1641 5713 1735 5770 SS.
1768 5710 1862 5784 IV,
1894 5715 1981 5781 18,

2169 5638 2339 5694 Gesta
2374 5651 2505 5708 epp.
2541 5638 2761 5692 Camer.
2799 5633 2834 5689 l.
2872 5636 2921 5703 3,
2954 5647 3005 5687 c.
3040 5637 3125 5687 15.
3164 5631 3256 5687 SS.
3294 5628 3410 5701 VII,
3444 5632 3568 5689 470.
