3922 6416
201 394 322 455 218

1439 391 1948 459 CHRONICON.
1993 429 2071 439 —
2119 373 2272 456 LIB.
2322 398 2396 458 n.

3502 402 3616 462 214

206 545 373 585 scere
401 528 663 599 gaudens
697 527 1029 597 miraretur,
1073 527 1231 598 repit
1274 529 1388 599 jam
1429 528 1645 599 majora
1679 528 1853 583 medi-
1884 529 1938 589 A
1971 529 2052 584 sis
2084 531 2351 588 abhatias
2374 533 2426 587 ei
2452 532 2829 604 quamplures
2856 533 3119 603 tradidit,
3147 534 3436 591 abbatiam
3459 536 3623 592 scili-

206 620 343 688 tari,
376 624 435 673 et
468 618 521 672 in
558 615 841 672 suburbio
889 616 1190 671 Leodiensi
1225 616 1278 670 in
1312 616 1527 673 honore
1564 616 1852 673 Laurentii

205 706 481 777 martyris
513 704 931 761 monasterium
955 705 1218 761 edificari
1243 706 1574 763 constituit.
1600 708 1854 764 Evocate

206 811 347 866 ergo
375 796 448 852 ad
482 811 544 852 se
577 795 781 851 eodem
816 795 1047 865 abbate,
1074 794 1429 851 desiderium
1454 812 1617 853 suum
1650 798 1700 852 ei
1726 811 1857 869 ape-

211 885 415 954 ruit,et
431 888 491 940 ut
509 884 781 940 desiderii
801 884 927 953 ejus
942 888 1295 955 cooperator
1309 886 1611 941 accederet
1633 887 1856 942 monuit

206 976 267 1027 et
295 974 630 1029 obtestatus
661 977 750 1027 est
782 971 1041 1028 adiciens
1082 972 1322 1029 multum
1356 974 1701 1046 perfectioni
1733 974 1859 1044 ejus

210 1076 377 1132 posse
411 1062 715 1132 proficere,
750 1061 797 1116 si
831 1062 957 1131 ejus
1002 1061 1199 1118 studio
1246 1065 1302 1117 et
1336 1062 1618 1119 industria
1652 1063 1859 1121 domus

206 1151 308 1206 Dei
339 1154 739 1219 extrueretur,
775 1150 827 1204 in
866 1165 980 1222 quo
1032 1150 1159 1208 laus
1189 1155 1247 1207 et
1276 1152 1464 1221 gloria
1518 1152 1618 1208 Dei
1651 1152 1861 1209 devote

206 1239 302 1294 die
335 1243 630 1308 noctuque
681 1238 1108 1295 celebraretur.
1172 1239 1311 1309 (Fel.
1359 1240 1491 1311 78’.)
1550 1241 1860 1313 Adquicvit

209 1328 297 1384 vir
323 1327 544 1383 Domini
571 1372 585 1397 ,
636 1331 691 1381 ct
725 1328 1101 1397 congregatis
1133 1329 1462 1386 artificibus
1486 1373 1501 1401 ,
1555 1330 1863 1401 delegatis-

209 1431 321 1488 que
372 1416 725 1472 necessariis
780 1417 1131 1489 sumptibus,
1186 1419 1418 1475 Christo
1479 1419 1711 1476 domino
1767 1421 1863 1477 ad-

204 1506 469 1576 juvante,
504 1510 563 1560 et
596 1506 768 1560 beato
829 1506 1143 1562 La'urentio
1185 1511 1562 1579 cooperante,
1607 1524 1755 1581 opus
1782 1509 1865 1565 in-

203 1595 481 1649 choatum
514 1593 748 1663 agiliter
772 1595 1076 1668 perficitur
1100 1600 1156 1651 et
1183 1596 1508 1668 dedicatur,
1541 1601 1597 1653 et
1628 1598 1857 1671 fratres,

206 1683 308 1754 qui
342 1683 457 1738 Deo
488 1682 801 1739 cotidianis
831 1682 1215 1743 deservirent.
1250 1700 1317 1741 ex
1352 1686 1704 1743 monasterio
1736 1702 1863 1743 san-

206 1771 289 1828 cti
322 1771 514 1827 Vitoni
540 1771 937 1839 adducuntur;
963 1772 1176 1843 quibus
1201 1773 1327 1831 loco
1353 1775 1651 1846 praepositi
1677 1776 1862 1848 prmfi-

1971 618 2107 675 licet
2142 621 2328 677 sancti
2362 622 2518 677 Petri
2540 620 2875 692 Gandensis,
2899 621 3190 678 abbatiam
3215 623 3620 682 sanctiAman-

1971 707 2048 779 di,
2073 709 2365 765 abbatiam
2399 709 2585 766 sancti
2620 709 2859 781 Bertini,
2885 710 3177 767 abbatiam
3202 713 3387 768 sancti
3417 713 3594 770 Richa

1972 796 2039 851 rii
2065 798 2433 854 etabbatiam
2476 799 2660 856 sancti
2707 799 2934 856 Judoci.
2984 799 3158 856 Rexit
3188 805 3246 857 et
3277 799 3390 857 alia
3424 816 3621 872 quam-

1971 885 2220 959 plurima
2272 888 2535 959 cenobia,
2588 888 3032 958 Bretuliensem,
3097 888 3621 965 Humulariensem,

1974 975 2159 1032 sancti
2185 975 2441 1042 Quintini
2467 975 2537 1033 de
2560 978 2773 1048 Mente,
2791 978 2977 1034 sancti
3002 975 3623 1049 Wandregisili,sancti

1972 1064 2236 1135 Huberti,
2274 1065 2462 1122 sancti
2511 1064 2787 1137 Remacli,
2841 1065 3441 1137 Malmundariensem,
3475 1068 3626 1124 Wal-

1972 1152 2390 1223 tiodorensem,
2445 1154 2730 1225 Belliloci,
2768 1154 2955 1212 sancti
3003 1154 3239 1225 Urbani,
3271 1156 3456 1213 sancti
3490 1157 3625 1213 Vin-

1975 1242 2151 1297 centii
2186 1243 2489 1301 Mettensis
2541 1243 2766 1315 insulae,
2802 1247 2859 1299 et
2894 1242 3004 1299 alia
3040 1242 3312 1316 perplura
3349 1259 3476 1316 qum
3508 1259 3621 1302 non

1974 1333 2288 1388 occurrunt
2323 1331 2637 1401 memoriae,
2667 1345 2811 1403 quas
2833 1346 3035 1389 omnes
3058 1331 3113 1387 in
3139 1331 3435 1388 meliorem
3461 1349 3624 1405 repa-

1976 1420 2125 1475 ravit
2150 1424 2386 1491 statum,
2413 1424 2472 1476 et
2495 1418 2823 1476 melioratis
2846 1420 3088 1477 abbates
3107 1420 3179 1476 de
3202 1420 3324 1477 suis
3340 1436 3488 1493 quos
3511 1422 3626 1479 ele-

1975 1508 2060 1579 git
2093 1508 2371 1565 instituit.
2411 1508 2725 1566 Cenobium
2759 1524 2898 1564 vero
2930 1509 3215 1580 Belliloci,
3242 1510 3432 1567 sancti
3463 1510 3623 1566 Petri

1977 1596 2438 1667 Catalaunensis,
2493 1596 2679 1655 sancti
2738 1597 2953 1653 Urbani
2983 1595 3052 1630 ³⁸⁸
3097 1598 3305 1669 ipsein
3364 1597 3487 1653 vita
3518 1610 3624 1656 sua

1978 1684 2146 1741 rexit.
2170 1687 2412 1742 Preerat
2446 1689 2581 1742 tunc
2606 1687 3007 1743 Cameracensi
3055 1686 3338 1743 tecclesiae
3356 1691 3417 1743 et
3459 1688 3626 1744 Atre-

1979 1773 2204 1831 batcnsi
2238 1774 2530 1832 Gerardus
2552 1773 2908 1832 venerabilis
2932 1775 3263 1846 episc0pus.
3300 1775 3402 1830 llic
3422 1775 3625 1832 aeccle-

206 1860 367 1914 citur
411 1860 656 1915 domnus
708 1859 1058 1931 Stephanus,
1091 1862 1188 1932 qui
1221 1863 1276 1918 in
1311 1864 1553 1934 praefato
1613 1865 1858 1921 cenohio
1890 1882 1945 1943 Β
1979 1862 2122 1919 siam
2154 1863 2341 1920 sancti
2373 1862 2611 1919 Vedasti
2638 1862 2691 1919 in
2712 1862 2995 1920 suburbio
3019 1863 3392 1920 Atrebatensi
3427 1863 3621 1935 sitam,

208 1946 506 2002 cellerarii
533 1947 720 2003 officio
744 1950 1112 2018 fungebatur.
1138 1951 1349 2007 Tactus
1374 1951 1545 2007 simili
1572 1952 1738 2008 bonae
1764 1952 1860 2009 de-

208 2023 461 2091 votionis
485 2035 780 2091 desiderio
793 2036 963 2093 domn
976 2053 1040 2094 us
1053 2040 1367 2109 Retgerius
1382 2040 1768 2097 Catalaunicm
1782 2040 1859 2096 ci-

209 2125 414 2181 vitatis
428 2126 1059 2195 episcopus,industria
1075 2133 1130 2183 et
1148 2128 1349 2184 labere
1386 2130 1649 2199 ejusdem
1670 2130 1856 2204 patris

210 2210 485 2266 Richardi
521 2210 576 2266 in
610 2213 893 2268 suburbio
920 2214 1327 2271 Catalaunensi
1352 2216 1407 2271 in
1428 2217 1648 2273 honore
1673 2217 1856 2274 sancti

208 2300 368 2355 Petri
416 2301 831 2356 monasterium
867 2316 897 2356 a
931 2303 1319 2361 fundamentis
1347 2305 1699 2376 construxit,
1735 2310 1795 2361 et
1826 2321 1856 2361 a

208 2390 565 2445 monasterio
582 2392 845 2462 sepefato
863 2391 1215 2449 fratrcscum
1240 2393 1411 2449 libris
1426 2398 1482 2450 et
1503 2396 1858 2451 ornamentis

208 2478 582 2548 necessariis,
603 2478 698 2549 qui
723 2479 862 2535 inibi
897 2479 1281 2552 deservirent,
1307 2482 1569 2553 deduxit,
1588 2483 1713 2538 etin
1738 2483 1856 2539 vita

205 2582 309 2622 sua
348 2567 471 2637 ipse
499 2582 601 2638 per
618 2582 679 2622 se
711 2570 959 2638 utraque
990 2570 1139 2624 rexit
1171 2570 1541 2627 monasteria.
1571 2571 1739 2640 (Vita
1759 2574 1862 2630 Ri-

203 2655 444 2725 chardi,
469 2670 517 2710 c.
551 2656 756 2725 12.)De
789 2673 904 2729 quo
928 2658 1035 2713 hoc
1062 2659 1247 2713 fertur
1268 2658 1553 2729 mirabile,
1573 2660 1705 2730 quia
1729 2674 1859 2716 cum

206 2749 409 2799 turres
443 2743 711 2800 ecclesiae
737 2746 922 2801 sancti
957 2746 1250 2801 Laurentii
1284 2747 1339 2801 in
1374 2747 1554 2803 altum
1581 2748 1698 2819 jam
1732 2765 1862 2819 por-

208 2835 408 2900 rectre,
446 2836 504 2886 et
538 2847 721 2902 usque
782 2835 851 2889 ad
884 2849 1159 2890 cacumen
1219 2834 1462 2892 elevatae
1497 2837 1860 2906 postmodum

209 2919 461 2975 reclines
486 2919 846 2992 viderentur,
865 2926 921 2978 et
950 2923 1005 2977 in
1026 2923 1191 2978 ruina
1213 2938 1411 2979 eorum
1433 2922 1502 2955 ’3‘
1521 2930 1684 2979 certa
1707 2931 1859 2981 esset

207 3007 462 3076 dejectio
494 3008 793 3079 :reclesim,
828 3010 913 3064 vir
947 3011 1044 3065 Dei
1093 3011 1426 3066 adveniens.
1461 3010 1721 3069 dolorem
1755 3013 1862 3067 fra-

207 3098 565 3165 trum,quem
588 3111 658 3151 ex
676 3097 833 3152 tedie
854 3096 1193 3166 dejiciendze
1214 3104 1268 3153 et
1287 3099 1498 3154 iterum
1522 3101 1861 3173 reparanda:

210 3183 395 3239 turris
420 3184 730 3255 habebant,
765 3186 976 3242 blande
1005 3187 1348 3243 consolatus
1371 3193 1556 3254 est;et
1577 3191 1861 3247 nocturno

212 3277 473 3345 tempore
523 3275 843 3330 zecclesiam
878 3275 1194 3345 ingressus,
1231 3291 1361 3333 cum
1394 3275 1616 3333 diutius
1648 3277 1701 3335 in
1735 3293 1862 3334 era-

212 3361 370 3415 tione
386 3363 1011 3434 pernoctasset,januis
1034 3365 1347 3436 patefactis
1369 3380 1643 3434 egressus
1664 3370 1777 3436 est,
1802 3371 1859 3422 et

205 3449 420 3505 iterum
441 3451 691 3506 orationi
716 3452 1055 3509 incumbens
1078 3468 1207 3508 cum
1231 3454 1607 3524 surrexisset,
1633 3455 1859 3524 signum

204 3539 618 3609 eruciscdidit,
640 3545 696 3595 et
721 3540 1027 3596 confestim
1047 3544 1268 3612 turres,
1286 3557 1412 3613 qua:
1430 3541 1682 3600 reclines
1705 3542 1864 3599 vide-

211 3628 448 3699 bantur,
484 3628 620 3684 dato
672 3630 919 3684 maxime
969 3630 1223 3702 strepitu
1259 3631 1313 3684 in
1347 3645 1478 3687 sese
1529 3631 1863 3687 resilientes

209 3716 641 3773 subsederunt:
668 3721 748 3787 et,
772 3721 829 3773 ut
852 3718 1232 3775 cernentibus
1254 3722 1434 3790 patet,
1460 3720 1537 3774 ita
1560 3719 1613 3774 in
1638 3734 1699 3775 se
1724 3720 1864 3777 resi-

211 3804 452 3873 lierunt,
480 3810 543 3859 ut
565 3806 796 3860 eunetis
820 3804 1003 3877 palam
1039 3806 1280 3863 daretur
1304 3806 1572 3879 intelligi,
1597 3808 1863 3878 angelice

212 3894 270 3948 ἰ]
308 3894 520 3948 factum
552 3907 682 3949 esse
708 3894 1052 3951 ministerio.
1081 3897 1296 3951 Tantus
1327 3900 1519 3952 autem
1542 3896 1865 3952 resilientis

211 3982 267 4037 in
297 3997 360 4037 se
380 3985 694 4038 structurae
714 3982 977 4053 crepitus
1003 3983 1193 4039 factus
1210 3989 1321 4053 est,
1350 3989 1412 4041 ut
1438 3984 1649 4041 fratres
1673 4000 1866 4042 mona-

210 4070 379 4126 sterii
414 4074 710 4126 tantorum
744 4073 1245 4128 sacramentorum
1272 4072 1455 4141 ignari
1484 4087 1513 4129 a
1540 4072 1710 4129 lectis
1735 4089 1864 4130 cum

211 4159 463 4214 maxime
493 4158 703 4213 timore
734 4164 1111 4229 exurgerent,
1149 4164 1423 4231 putantes
1458 4160 1513 4216 in
1546 4161 1713 4217 ruina
1746 4166 1866 4218 tur-

212 4247 362 4302 rium
381 4262 547 4317 (lixam
575 4248 926 4301 verebantur
942 4246 1225 4316 dejectam
1257 4262 1386 4303 esse
1409 4252 1632 4320 partem
1665 4248 1865 4305 {eccle-

216 4336 341 4390 si:e.
360 4334 515 4399 Quos
531 4334 616 4390 vir
631 4334 851 4389 Domini
867 4334 935 4389 ad
956 4335 1536 4392 consuetudinarium
1555 4337 1867 4393 matutine-

219 4438 345 4478 rum
364 4422 611 4477 officium
628 4422 898 4491 invitans,
927 4421 1051 4493 ipse
1067 4438 1195 4479 cum
1211 4423 1599 4495 eisinterfuit,
1625 4428 1683 4480 et
1700 4440 1864 4482 mane

213 4514 368 4567 facte
393 4510 906 4567 beneﬁciaDemini
925 4512 1113 4567 oculis
1129 4512 1375 4569 videnda
1395 4514 1765 4584 monstravit,
1789 4519 1867 4570 at-

212 4615 326 4671 q'ze
342 4600 411 4655 ad
432 4615 686 4655 amorem
707 4615 804 4656 eos
828 4600 972 4655 tanti
999 4600 1264 4657 beneficii
1290 4600 1592 4671 largitoris
1618 4602 1861 4658 mirifice
1896 4583 1946 4642 D

214 4689 703 4758 animavit.llnjus
725 4689 988 4745 miraculi
1018 4689 1286 4746 testisest
1309 4692 1436 4746 tota
1458 4690 1862 4748 Leediensium

209 4779 509 4845 eivntas,et
538 4783 735 4848 patres
752 4777 846 4847 qui
863 4779 1133 4835 viderunt
1156 4782 1542 4835 narraverunt
1560 4793 1626 4835 ea
1644 4779 1865 4849 ﬁliis,ct

212 4866 317 4922 ﬁlii
360 4865 611 4922 filiorum
647 4866 801 4935 filiis,
830 4870 1289 4934 utcognesccret
1321 4867 1623 4935 generatio
1657 4867 1861 4923 altera.

210 4954 521 5026 Temporib
534 4970 597 5010 us
612 4953 727 5009 illis
743 4954 1003 5025 principe
1014 4956 1183 5011 batur
1200 4956 1434 5011 Francis
1446 4956 1800 5026 Rebcrtus,q
1811 4956 1863 5013 ui

211 5044 614 5099 Constantiam
650 5042 1092 5099 duxituxerem.
1139 5044 1241 5100 llic
1267 5050 1356 5099 ter
1379 5045 1548 5100 beate
1584 5046 1734 5115 patri
1769 5060 1868 5100 no-

211 5138 341 5189 stro
375 5132 668 5188 abbatiam
694 5132 880 5187 sancti
906 5132 1063 5186 Petri
1087 5132 1529 5188 Corbciacensis
1554 5132 1865 5202 regendam

205 5220 592 5290 centradidit,
616 5218 819 5289 utcjus
837 5220 1206 5276 institutione
1229 5226 1289 5276 et
1311 5220 1510 5288 vigere
1526 5224 1865 5279 servaretur

205 5312 261 5365 in
297 5325 368 5365 eo
403 5306 604 5377 regula
629 5307 814 5378 patris
836 5307 1157 5377 Benedicti,
1184 5312 1244 5362 et
1275 5308 1866 5377 rigorrefermaretur

203 5395 550 5454 monasticae
582 5394 991 5452 institutionis.
1031 5393 1349 5453 Balduinus
1380 5409 1519 5452 vero
1552 5395 1867 5454 Flandren-

1976 1951 2047 2007 de
2064 1951 2326 2008 maximis
2340 1950 2565 2007 divitiis
2579 1952 2650 2007 ad
2668 1952 2971 2008 maximam
2989 1952 3283 2008 redactam
3300 1952 3621 2024 penuriam,

1975 2055 2124 2096 anne
2155 2040 2225 2097 ab
2275 2040 2677 2096 incarnatione
2707 2039 2929 2096 Domini
2988 2042 3128 2099 1008
3160 2040 3290 2097 huic
3326 2040 3476 2113 patri
3524 2055 3627 2098 no-

1973 2132 2118 2198 stre,
2157 2143 2325 2199 quem
2359 2128 2526 2185 unice
2560 2128 2862 2198 diligebat,
2897 2128 3251 2199 assignavit;
3301 2129 3356 2184 in
3392 2143 3503 2200 qua
3535 2128 3626 2184 vir

1971 2216 2195 2286 Domini
2220 2220 2377 2272 tanta
2402 2216 2524 2286 egit
2564 2221 2622 2273 et
2649 2230 2859 2289 passus
2882 2220 2994 2288 est,
3042 2220 3125 2286 ut,
3159 2217 3206 2273 si
3229 2216 3457 2287 singula
3491 2218 3628 2275 scri-

1971 2305 2272 2375 berentur,
2304 2309 2361 2361 et
2397 2304 2605 2362 lectori
2662 2311 2727 2362 ut
2759 2320 2968 2363 vereor
3000 2305 3217 2362 tedium
3248 2311 3307 2361 et
3338 2305 3625 2363 audienti-

1972 2393 2082 2449 bus
2112 2398 2461 2464 generarent
2496 2393 2830 2460 fastidium;
2866 2394 2967 2451 sed
2999 2393 3068 2450 de
3090 2393 3291 2450 multis
3319 2408 3503 2467 pauca
3539 2394 3626 2451 di-

1971 2482 2154 2539 cenda
2187 2486 2343 2552 sunt,
2378 2487 2435 2538 et
2471 2482 2719 2539 fortasse
2744 2481 2949 2539 utilius
2972 2483 3317 2555 proderunt.
3353 2483 3624 2540 Dicamus

1976 2570 2172 2639 itaque
2206 2570 2344 2640 quid
2377 2585 2572 2627 rerum
2605 2570 3030 2639 intercesserit,
3065 2577 3129 2627 ut
3160 2570 3232 2627 ad
3262 2571 3512 2643 inopiam
3538 2586 3626 2629 re-

1975 2659 2276 2729 digeretur
2306 2657 2470 2715 locus
2526 2661 2823 2714 tantarum
2857 2658 3212 2717 divitiarum.
3248 2660 3372 2717 Non
3430 2665 3624 2717 autem

1972 2746 2119 2817 visa,
2154 2745 2254 2803 sed
2284 2760 2313 2801 a
2347 2746 2681 2802 senioribus
2697 2745 2895 2803 audita
2930 2744 3254 2806 referimus.

2049 2840 2104 2889 11
2146 2833 2389 2901 Quidam
2413 2828 2799 2890 servientium
2824 2834 3012 2891 sancti
3060 2834 3299 2891 Vedasti
3323 2834 3378 2890 in
3403 2838 3623 2892 tantam

1975 2925 2250 2994 eruperat
2284 2921 2637 2993 proterviam
2659 2920 2747 2993 ³⁸⁷,
2770 2922 2827 2978 in
2847 2927 3067 2979 tantam
3099 2926 3442 2980 excreverat
3468 2925 3625 2979 inso-

1976 3009 2235 3081 lentiam,
2259 3010 2390 3082 quia
2416 3009 2715 3081 aliquanto
2748 3010 3117 3068 necessarius
3157 3014 3283 3068 erat
3314 3010 3619 3081 aecclesiae,

1977 3103 2040 3154 ut
2071 3098 2217 3154 infra
2265 3098 2475 3155 atrium
2505 3099 2841 3155 monasterii
2877 3098 3109 3156 domum
3140 3099 3252 3156 sibi
3303 3099 3627 3156 constitue-

1976 3191 2066 3243 ret
2098 3202 2315 3257 magnae
2335 3186 2667 3244 altitudinis
2692 3191 2753 3244 et
2776 3187 3135 3244 fortitudinis
3185 3188 3352 3259 quasi
3376 3204 3484 3260 pre
3508 3188 3620 3246 tui-

1975 3275 2131 3331 tione
2153 3274 2283 3332 loci.
2311 3274 2421 3331 Sed
2444 3279 2613 3333 nacta
2636 3275 3039 3347 oportunitate
3063 3275 3436 3334 contumatiaz
3451 3290 3616 3332 exer-

1975 3363 2192 3433 cendze,
2219 3362 2616 3421 secularitatis
2641 3363 2697 3419 in
2732 3364 3084 3421 monasterio
3113 3363 3613 3435 superabundanti

1976 3451 2200 3508 desidia
2227 3456 2597 3525 provocatus,
2616 3451 3052 3523 propugnacula
3076 3452 3285 3522 erexit,
3303 3451 3619 3511 infirmiora

1978 3539 2241 3611 munivit,
2267 3544 2324 3596 et
2349 3540 2595 3611 nonjam
2620 3556 2725 3611 pro
2757 3539 2907 3611 loco,
2943 3540 3042 3597 sed
3092 3544 3295 3596 contra
3342 3539 3532 3597 locum
3565 3546 3623 3597 et

1977 3631 2152 3684 Deum
2169 3628 2455 3685 rebellare
2470 3629 2635 3685 nisus
2657 3634 2770 3699 est,
2793 3629 2938 3684 bona
2960 3628 3244 3685 aacclesiae
3268 3627 3620 3701 diripiendo,

1977 3716 2321 3774 vernaculos
2344 3722 2402 3772 et
2426 3716 2733 3775 ancillulas
2750 3717 2982 3773 sibimet
3004 3715 3393 3788 aggregande,
3412 3730 3621 3775 canum

1980 3805 2231 3875 turbam,
2274 3804 2624 3862 histrionum
2664 3809 3080 3863 etscurrarum
3110 3805 3364 3877 ineptam
3417 3819 3626 3876 conge-

1979 3894 2121 3949 riem
2154 3892 2514 3963 deducendo,
2548 3908 2653 3953 nec
2702 3908 2804 3950 eos
2832 3893 2903 3950 ab
2936 3894 3201 3963 ingressu
3234 3893 3482 3950 claustri
3535 3908 3624 3949 ar-

1976 3982 2199 4040 cendo:
2236 3981 2356 4054 (fol.
2399 3985 2490 4055 79)
2523 3998 2652 4039 cum
2698 3983 2896 4054 potius
2930 3982 3054 4053 ipse
3087 3982 3143 4038 in
3173 3996 3242 4038 eo
3301 3982 3627 4052 obsequen-

1976 4069 2121 4126 tium
2152 4070 2406 4141 stipatus
2441 4072 2645 4128 cuneis
2673 4071 2905 4128 assidue
2929 4069 3185 4140 sederet,
3212 4075 3271 4126 et
3294 4069 3625 4127 habitacula

1982 4172 2285 4214 servorum
2318 4157 2414 4212 Dei
2447 4157 2679 4214 actibus
2706 4157 2928 4214 illicitis
2950 4157 3362 4229 prophanaret.
3388 4157 3494 4215 Ubi
3531 4172 3628 4213 ve-

1982 4260 2046 4301 ro
2076 4245 2162 4300 vir
2195 4245 2292 4301 Dei
2325 4244 2655 4301 coenobium
2690 4244 2878 4315 ipsum
2904 4243 3220 4314 regendum
3249 4245 3533 4316 suscepit,
3567 4250 3627 4300 et

1981 4347 2008 4387 a
2046 4332 2349 4401 fratribus,
2403 4331 2617 4402 quibus
2662 4336 2789 4388 erat
2837 4346 3000 4388 mens
3041 4332 3258 4402 sanior,
3321 4337 3629 4404 susceptus

1980 4424 2089 4492 est,
2125 4435 2236 4476 non
2269 4425 2355 4477 est
2390 4422 2601 4491 passus
2626 4422 2843 4476 tantam
2869 4417 3075 4475 demus
3104 4420 3204 4477 Dei
3232 4418 3432 4476 videre
3464 4418 3631 4477 dese-

1980 4509 2253 4567 lationem
2268 4508 2447 4579 ;quin
2480 4507 2651 4564 immo
2682 4506 2754 4565 ad
2792 4507 2919 4578 ejus
2948 4507 3298 4565 omnimodis
3329 4522 3392 4563 se
3428 4521 3632 4579 super-

1978 4598 2241 4655 extendit
2270 4597 2650 4670 ereptionem.
2704 4597 2991 4668 Cogitavit
3024 4600 3217 4653 tamen
3251 4596 3299 4651 si
3336 4600 3532 4667 posset
3566 4594 3632 4650 li-

1982 4688 2130 4743 berti
2165 4687 2323 4743 illius
2355 4685 2617 4744 emollire
2650 4685 2860 4742 mentis
2883 4683 3187 4755 duriciam,
3220 4688 3281 4740 et
3319 4684 3629 4741 verborum

1978 4775 2287 4832 dulcedine
2312 4774 2380 4808 ²⁸⁸
2410 4774 2594 4832 lenire
2630 4773 3008 4846 proterviam,
3043 4777 3106 4829 ut
3146 4775 3402 4830 cessaret
3435 4772 3505 4828 ab
3535 4786 3635 4842 ep-
3730 4754 3739 4767 ³

1977 4864 2284 4936 pressione
2307 4868 2363 4919 et
2387 4863 2833 4920 conculcatione
2857 4861 3163 4932 :ecclesiae,
3191 4861 3286 4918 cui
3308 4875 3414 4930 pro
3434 4859 3632 4916 debito

1977 4952 2179 5022 etjure
2200 4956 2425 5008 naturae
2446 4950 2697 5007 debebat
2726 4951 2921 5023 potius
2937 4950 3184 5008 subesse
3216 4962 3386 5019 quam
3425 4960 3637 5018 praacs-
3688 4966 3699 4973 ‘

1980 5056 2061 5099 se.
2097 5040 2206 5097 Sed
2230 5055 2463 5097 servum
2481 5039 2690 5097 malum
2707 5055 2820 5096 non
2837 5040 3110 5109 frangunt
3124 5038 3300 5095 verba
3317 5035 3419 5093 sed
3434 5035 3636 5092 verbe-

1980 5145 2063 5200 ra,
2081 5129 2231 5185 sicut
2247 5128 2388 5187 dicit
2409 5127 3006 5200 Sapientia,quoniam
3023 5126 3130 5197 qui
3143 5125 3361 5183 mentis
3375 5122 3639 5181 estdum

1976 5217 2267 5289 suscipiet
2283 5217 2536 5274 vulnera
2566 5217 2769 5288 (Prov.
2805 5230 3003 5285 xxvm,
3038 5216 3154 5282 14).
3181 5214 3250 5270 Et
3301 5212 3439 5269 licet
3462 5210 3639 5268 verba

1978 5305 2261 5378 sapientis
2294 5306 2409 5363 sint
2441 5308 2717 5376 tanquam
2750 5304 2898 5361 clavi
2920 5304 2976 5359 in
3002 5300 3188 5359 altum
3222 5300 3425 5383 defixi,
3447 5303 3640 5356 tamen

1979 5410 2093 5452 non
2127 5393 2311 5453 audiit
2364 5392 2585 5451 stultus
2611 5393 2789 5450 verba
2814 5389 3165 5464 prudentiae,
3188 5388 3321 5461 quia
3346 5384 3459 5447 non
3484 5386 3619 5447 dice

1578 5547 1815 5604 VARle
1854 5545 2254 5604 LECTIONES.

272 5679 346 5711 1”
374 5678 463 5733 ita
495 5689 542 5732 c.
577 5673 646 5707 ’³⁸
676 5676 890 5746 aliqua
923 5689 1114 5732 erasa.
1149 5673 1217 5708 ’⁸⁷
1253 5676 1647 5746 propterviam
1679 5690 1725 5732 c.
1760 5675 1830 5710 ³⁸⁸
1856 5676 2164 5732 dulcenidc
2194 5690 2240 5731 c.
