3922 6470
285 351 406 420 115

1239 352 1607 420 HUGONIS
1653 351 2004 414 ABBATIS
2052 353 2732 424 FLAVINIACENSIS

3571 361 3710 422 216

292 487 389 544 bat
420 499 488 543 ea
518 499 648 556 quas
698 485 1083 541 versabantur
1115 486 1168 542 in
1218 485 1397 542 corde
1425 487 1568 555 ejus.
1615 483 1923 556 lmpletum
1959 487 2016 546 Α
2049 489 2399 550 mitteretur.
2425 495 2624 550 Totum
2645 508 2784 564 ergo
2806 507 2868 550 se
2891 458 3264 549 committens
3303 491 3566 560 Domino,
3590 491 3705 546 ivit

289 575 442 632 enim
497 579 625 630 erat
667 572 808 629 illud
827 572 1147 630 veridicum
1172 573 1496 631 Salomonis
1521 575 1928 646 proverbium:

297 665 410 730 Qui
421 663 620 722 nutrit
633 676 869 722 servum
890 662 1162 732 delicate,
1185 663 1404 720 sentiet
1441 664 1618 720 illum
1635 663 1934 721 contuma-

291 767 412 812 cem
434 754 632 820 (Prov.
659 766 810 808 xxxx.
836 752 948 822 21).
980 749 1127 817 Quid
1161 752 1399 821 faceret,
1445 767 1560 822 quo
1583 767 1643 810 se
1673 756 1934 809 verteret

293 842 460 898 anxia
485 855 648 897 mens
669 839 779 896 viri
798 840 926 896 Dei?
944 839 1144 898 Cilicio
1162 840 1358 911 itaque
1373 840 1628 896 obvolvit
1642 841 1933 912 ur,cinerc

293 928 646 1002 aspergitur,
673 933 752 998 et,
775 928 830 984 in
853 929 1134 986 excubias
1153 929 1444 986 commissi
1467 929 1663 998 gregis
1689 929 1936 1002 pervigi-

295 1019 381 1074 les
411 1020 616 1074 noctes
639 1016 1069 1087 ducens,Deum
1096 1018 1446 1088 precabatur
1465 1017 1842 1087 attentius,ut
1865 1020 1936 1074 ab

294 1104 683 1178 oppressione
734 1104 952 1160 inimici
982 1108 1039 1160 et
1091 1105 1479 1161 membrorum
1512 1105 1638 1174 ejus
1670 1109 1938 1168 tueretur

295 1193 622 1251 aacelesiam
652 1207 836 1264 suam,
861 1193 1244 1250 misereretur
1276 1193 1556 1266 parvulis,
1591 1197 1648 1249 et
1671 1198 1940 1264 protege-

299 1287 386 1339 ret
417 1297 446 1339 a
480 1281 788 1349 seandalo;
823 1297 886 1338 se
908 1282 1094 1354 ipsum
1129 1297 1378 1354 quoque,
1409 1296 1576 1352 quem
1598 1281 1684 1338 eis
1719 1297 1942 1354 praepo—

297 1376 518 1442 suerat,
553 1371 726 1428 talem
761 1371 980 1428 faceret
1014 1375 1078 1427 ut
1135 1371 1386 1428 subditis
1443 1385 1574 1427 eum
1604 1376 1664 1426 et
1696 1375 1939 1426 matrem

299 1461 492 1534 pietas
521 1465 580 1517 et
609 1464 836 1532 patrem
869 1459 1134 1516 exiberet
1167 1459 1496 1532 disciplina,
1526 1465 1586 1516 ut
1609 1465 1768 1516 esset
1795 1459 1850 1515 in
1874 1473 1944 1516 eo

298 1555 358 1606 et
379 1549 540 1620 juste
557 1547 872 1605 consulens
903 1547 1326 1618 misericordia,
1360 1553 1416 1604 et
1453 1548 1543 1620 pie
1574 1547 1804 1605 seviens
1827 1548 1946 1604 dis-

298 1637 534 1710 ciplina.
559 1636 934 1706 Nactaigitur
951 1637 1234 1708 temporis
1255 1637 1654 1708 oportunitate
1670 1635 1944 1708 populum

301 1727 672 1796 conveniens,
707 1741 838 1783 eum
886 1741 1067 1799 pauca
1093 1742 1206 1798 pro
1241 1740 1302 1782 re
1331 1730 1389 1782 et
1425 1731 1690 1797 tempore
1737 1728 1946 1782 contra

2045 581 2327 651 cubitum,
2353 587 2532 654 caput
2565 581 2786 638 habens
2820 586 3126 651 retectum,
3163 583 3421 652 paratus,
3458 578 3505 634 si
3539 580 3707 636 Deus

2045 667 2320 738 vcllet,ad
2351 669 2757 741 excipiendum
2775 666 3061 741 jugulum.
3089 669 3228 723 Cum
3250 679 3388 723 ecce
3420 669 3553 722 ante
3578 681 3709 722 ma-

2044 757 2298 814 tutinum
2325 762 2576 828 tempus,
2598 757 2868 814 omnibus
2897 759 3030 828 post
3060 755 3318 811 laborem
3343 753 3706 825 quiescenti-

2048 847 2174 916 bus,
2209 847 2320 902 duo
2353 845 2459 916 illi,
2493 860 2738 917 quorum
2770 849 2896 902 erat
2929 843 3127 916 cperis
3155 847 3215 901 et
3244 843 3563 899 voluntatis
3601 857 3708 914 pa-

2047 939 2194 990 trem
2244 933 2538 1006 jugulare,
2590 938 2904 1005 surgentes
2959 931 3227 990 clanculo
3287 930 3704 987 dormitorium

2043 1024 2461 1094 egrediuntur;
2477 1021 2904 1093 etaecinctigla
2919 1021 3047 1092 diis,
3065 1036 3196 1078 cum
3211 1020 3281 1076 de
3301 1020 3707 1092 perpetrando

2050 1111 2272 1168 scelere
2285 1127 2346 1167 se
2371 1116 2572 1168 mutuo
2594 1111 2944 1168 devotantes
2965 1111 3464 1176 contestarentur,
3489 1106 3561 1162 ad
3587 1109 3706 1163 hoe

2052 1199 2316 1257 ultimum
2349 1201 2708 1257 devenerunt
2736 1202 2797 1255 ut
2831 1211 2982 1255 unus
3015 1197 3247 1254 illorum
3281 1195 3706 1268 pedetemptim

2054 1288 2281 1358 singula
2307 1286 2635 1344 dormitorii
2669 1286 2818 1343 lecta
2851 1286 3152 1356 circuiret,
3175 1299 3245 1340 ne
3262 1284 3474 1356 aliquis
3498 1299 3711 1356 supcr-

2053 1382 2209 1433 csset
2241 1377 2338 1448 qui
2387 1374 2678 1446 vigilaret,
2713 1390 2744 1431 a
2787 1391 2900 1446 quo
2929 1372 3290 1446 deprehendi
3318 1374 3705 1430 verebantur.

2056 1465 2222 1532 Quod
2255 1465 2354 1521 ubi
2377 1465 2590 1520 factum
2614 1468 2728 1534 est,
2753 1469 2814 1520 et
2839 1461 2935 1518 ille
2953 1467 3046 1519 est
3065 1476 3336 1518 reversus
3359 1461 3430 1518 ad
3454 1462 3708 1529 socium,

2057 1569 2121 1612 ca
2133 1557 2291 1626 ptata
2307 1553 2581 1625 oportuni
2593 1558 2645 1608 ta
2656 1557 2712 1608 te
2727 1551 2972 1608 maliciae
2988 1548 3592 1623 perpetrandagsimul
3611 1565 3680 1620 pa
3694 1582 3715 1589 -

2055 1644 2170 1700 tris
2203 1641 2476 1698 Ricbardi
2507 1640 2700 1698 cubile
2731 1641 2946 1697 adeunt
2973 1637 3288 1709 videntque
3310 1637 3496 1694 virum
3513 1639 3712 1709 capite

2061 1735 2289 1788 retecto
2304 1736 2666 1804 soporatum.
2687 1729 2828 1799 (Fol.
2845 1728 2976 1800 79'.)
2995 1730 3248 1799 Cumque
3263 1741 3412 1783 unus
3428 1725 3716 1782 audacior

303 1815 638 1890 superbiam
694 1813 1092 1885 disseruisset,
1127 1817 1184 1870 et
1227 1813 1298 1870 de
1329 1813 1606 1870 sectanda
1639 1811 1946 1882 religionis
1977 1835 2032 1896 B
2063 1821 2118 1876 in
2151 1835 2200 1877 sc

2113 1844 2118 1876 ι
2151 1819 2376 1877 scelere
2421 1823 2699 1876 armatam
2731 1818 2788 1874 in
2847 1816 3009 1874 illum
3036 1816 3326 1872 vibrasset
3383 1815 3712 1878 dexteram,

306 1905 608 1978 proposito
622 1902 1033 1960 nichilominus
1057 1902 1303 1974 quedam
1321 1901 1786 1974 perorasset,ubi
1802 1901 1948 1957 vidit

305 1993 561 2052 deﬂexos
582 1993 654 2048 ad
677 2007 740 2048 se
765 1991 988 2048 animos
1021 1990 1242 2062 populi,
1261 1990 1642 2048 munitionem
1667 2003 1835 2060 quam
1858 2003 1952 2061 pa-

306 2083 567 2139 tiebatur
598 2081 864 2136 infestam
887 2079 1090 2149 adivit,
1111 2082 1189 2149 et,
1225 2093 1292 2134 ea
1323 2078 1588 2134 funditus
1621 2077 1950 2148 destructa,

307 2169 470 2228 illum
493 2169 590 2240 qui
615 2173 817 2224 contra
837 2167 1128 2240 justitiam
1154 2166 1414 2224 tumidus
1435 2166 1837 2238 superbiebat,
1863 2180 1956 2222 ea-

309 2263 471 2332 ptum
493 2259 548 2314 in
579 2256 892 2314 elemosina
923 2255 1110 2313 sancti
1140 2254 1382 2312 Vedasti
1414 2255 1620 2310 sedere
1651 2257 1708 2310 et
1739 2253 1811 2310 de
1839 2254 1957 2310 ele-

310 2348 534 2404 mosina
555 2346 754 2404 vivere
786 2344 1062 2415 instituit,
1089 2343 1292 2414 sicque
1314 2342 1504 2400 locum
1538 2343 1610 2399 ab
1631 2343 1758 2414 ejus
1778 2348 1838 2399 et
1859 2345 1960 2398 ob-

313 2436 682 2508 sequentium
714 2433 841 2505 ejus
873 2431 1318 2504 importunitate
1348 2431 1588 2503 eripuit.
1621 2432 1782 2503 Cepit
1817 2447 1958 2502 ergo

315 2528 478 2583 tanto
503 2522 822 2580 ferventior
843 2521 1058 2578 studiis
1082 2519 1378 2592 religiosis
1397 2520 1764 2590 insistere,et
1783 2520 1962 2576 dedu-

313 2613 428 2672 ctis
455 2627 486 2670 a
515 2611 776 2669 Virduno
806 2609 1090 2666 fratribus
1123 2609 1180 2664 in
1223 2607 1549 2681 spiritualis
1579 2608 1844 2665 exercitii
1880 2611 1968 2678 ινα

315 2701 542 2760 rocimo
574 2699 839 2773 probatis
883 2711 1083 2756 curam
1119 2697 1227 2754 loci
1259 2697 1571 2768 commisit,
1635 2696 1788 2752 inter
1818 2711 1965 2768 quos

316 2795 441 2848 erat
473 2789 809 2847 Rothardus
840 2801 870 2843 a
906 2785 1116 2843 Leodio
1149 2785 1434 2857 sapientia
1465 2789 1521 2842 et
1554 2784 1837 2856 religione
1869 2799 1965 2841 no-

318 2878 760 2947 minatissimus,
787 2877 1008 2948 quanto
1026 2879 1269 2931 noverat
1291 2877 1348 2930 et
1373 2874 1484 2930 sibi
1510 2874 1606 2945 qui
1634 2878 1883 2946 praeerat
1906 2877 1967 2928 et

320 2969 408 3026 eis
465 2967 563 3039 qui
609 2967 888 3023 suberant
919 2963 1214 3036 expedire.
1249 2965 1460 3020 Verum
1523 2964 1656 3034 quia
1691 2963 1810 3020 vita
1839 2963 1968 3033 ejus

321 3063 486 3116 casta
504 3060 565 3112 et
587 3059 789 3112 sancta
810 3053 1070 3110 moribus
1089 3051 1542 3109 inhabitantium
1559 3051 1966 3122 aversabatur,

325 3145 651 3214 durumque
681 3140 768 3197 eis
791 3139 1102 3197 videbatur
1123 3139 1280 3212 quod
1303 3139 1361 3194 in
1385 3145 1579 3195 mente
1597 3139 1783 3196 veteri
1809 3152 1954 3208 coge

325 3232 541 3289 bantur
563 3245 710 3287 nova
725 3227 1094 3299 meditari,ex
1115 3227 1438 3284 rebellione
1458 3227 1700 3284 audacia
1719 3229 1970 3298 sumpta,

327 3321 520 3378 conati
541 3323 680 3376 sunt
702 3318 936 3391 quidam
957 3331 1160 3374 eorum
1175 3315 1247 3372 de
1269 3316 1398 3387 ejus
1417 3319 1604 3372 morte
1621 3318 1898 3371 tractare.

399 3412 486 3467 12.
539 3407 879 3464 lmminente
909 3407 1106 3476 itaque
1168 3402 1659 3476 quadragesimali
1692 3407 1972 3474 tempore,

331 3497 463 3570 quia
512 3497 620 3552 hee
650 3498 776 3552 erat
809 3493 1147 3552 monasterii
1196 3491 1398 3564 regula
1433 3497 1498 3548 ut
1529 3491 1584 3547 in
1619 3489 1737 3546 illis
1769 3491 1978 3546 diebus

331 3585 534 3643 artiori
560 3600 624 3642 se
655 3584 905 3656 quisque
924 3587 1208 3638 maetaret
1225 3579 1606 3649 continentia,
1627 3593 1757 3635 cum
1777 3578 1848 3634 ad
1871 3579 1980 3636 hoc

334 3671 703 3747 propensiori
737 3686 876 3728 cura
909 3675 969 3727 et
992 3668 1331 3728 ferventiori
1353 3667 1870 3739 compellerentur,
1898 3670 1980 3722 te-

333 3768 468 3820 ctus
501 3762 558 3818 in
579 3759 760 3818 corde
783 3758 935 3817 livor
956 3758 1112 3830 cepit
1146 3757 1325 3813 altius
1349 3769 1610 3828 serpere,
1629 3759 1686 3810 et
1719 3755 1790 3810 ad
1813 3753 1984 3827 perli-

335 3849 606 3908 ciendum
637 3846 792 3920 quod
823 3845 1238 3903 anhelaverant
1264 3844 1320 3900 in
1353 3843 1482 3900 dies
1504 3847 1752 3900 mentem
1776 3857 1986 3900 exeru-

337 3940 549 3996 ciatam
583 3949 944 4010 permovere.
981 3933 1128 4002 Quid
1161 3932 1360 3990 multis
1387 3931 1786 3988 inmoramur?
1814 3933 1986 3990 Venit

339 4025 770 4086 sacratissimus
827 4023 955 4080 dies
989 4035 1171 4080 cmnze
1227 4020 1554 4091 dominicis,
1587 4024 1646 4077 et
1679 4035 1807 4092 quze
1859 4025 1988 4078 erat

341 4115 506 4189 pacis
519 4119 578 4170 et
596 4109 1456 4180 concordiae,reconciliationis
1471 4113 1527 4166 et
1545 4109 1984 4180 misericordiae,

341 4203 465 4260 htec
499 4201 764 4259 factiosis
792 4199 1064 4258 convenit
1095 4199 1222 4255 dies
1263 4197 1614 4270 proditionis
1643 4202 1704 4254 et
1752 4197 1989 4253 malitias

344 4290 772 4366 perpetrandae.
823 4287 1218 4345 Deliberatum
1249 4291 1338 4343 est
1369 4287 1521 4342 enim
1566 4287 1718 4359 apud
1761 4285 1896 4342 illos
1928 4287 1992 4342 ut

343 4395 413 4438 eo
445 4379 540 4436 die
572 4377 932 4452 perexpleto,
957 4391 1086 4433 cum
1111 4382 1242 4448 post
1263 4375 1572 4432 ministerii
1594 4375 1874 4432 salutaris
1895 4389 1993 4430 ex-

345 4468 660 4542 pletionem
693 4467 783 4524 vir
815 4467 1024 4523 beatus
1049 4466 1201 4522 fessa
1225 4464 1494 4536 corporis
1525 4464 1782 4520 membra
1807 4463 1991 4533 quieti

2065 1909 2300 1966 brachio
2315 1909 2724 1978 obrigescente
2746 1907 3000 1963 divinam
3021 1919 3158 1976 erga
3185 1919 3248 1960 se
3262 1903 3448 1959 sensit
3463 1901 3718 1958 clemen-

2063 1999 2224 2069 tiam,
2251 2013 2320 2055 ne
2353 1997 2629 2069 perderet
2661 1999 2909 2068 patrem,
2943 1994 3038 2066 qui
3083 1992 3300 2050 multos
3331 1989 3402 2048 ad
3431 1994 3713 2048 aeternam

2065 2087 2516 2144 transmissurus
2559 2091 2686 2142 erat
2741 2083 3144 2142 hereditatem.
3182 2082 3382 2138 Stabat
3413 2083 3616 2136 exerta
3646 2076 3719 2110 ²δ⁹

2066 2177 2292 2246 dextra,
2329 2176 2495 2246 inpos
2526 2173 2598 2231 ad
2644 2172 2988 2242 feriendum,
3022 2185 3130 2228 nec
3158 2171 3325 2242 inpos
3355 2167 3428 2224 ad
3458 2165 3717 2237 gladium

2067 2264 2486 2336 reponendum.
2543 2262 2588 2318 Ο
2619 2259 2964 2317 admirabile
2991 2259 3090 2314 Dei
3153 2255 3538 2330 praeconium!
3573 2253 3720 2309 mira

2070 2351 2349 2426 patientia
2377 2353 2390 2408 !
2427 2351 2614 2422 pietas
2639 2347 3028 2422 praedicanda!
3057 2349 3294 2404 Poterat
3313 2347 3486 2402 Jesus
3519 2347 3724 2400 noster

2071 2457 2208 2499 suos
2241 2439 2374 2498 illos
2405 2438 2745 2512 palestrites
2774 2452 2804 2493 a
2840 2435 3064 2508 peccati
3096 2434 3399 2492 voluntate
3427 2436 3724 2500 avertere,

2072 2532 2323 2602 poterat,
2387 2542 2518 2584 mox
2553 2531 2612 2583 ut
2661 2525 2916 2596 cogitata
2948 2523 3020 2580 ad
3069 2523 3338 2578 effectum
3399 2519 3726 2592 perducere

2074 2619 2528 2688 temptaverunt,
2553 2619 2739 2672 morte
2763 2609 3030 2690 multare.
3059 2609 3168 2666 Sed
3210 2607 3488 2667 sustinuit
3508 2607 3564 2662 in
3590 2605 3729 2662 mul-

2075 2711 2132 2762 ta
2161 2704 2446 2778 patientia
2502 2701 2654 2758 filios
2686 2701 2806 2772 ira,
2838 2703 2904 2757 ut
2937 2699 3155 2754 faceret
3212 2695 3363 2752 ﬁlios
3393 2693 3733 2750 misericor~

2075 2795 2204 2851 dia).
2240 2792 2456 2848 Invasit
2487 2805 2628 2859 ergo
2675 2789 2948 2844 miserum
2981 2785 3142 2842 illum
3173 2784 3348 2840 timor
3378 2797 3509 2840 cum
3543 2780 3726 2849 febre,

2075 2885 2133 2939 et
2166 2880 2410 2937 recessit
2441 2894 2471 2935 a
2503 2878 2656 2936 lecto
2691 2875 2898 2949 patris,
2951 2887 3122 2944 quem
3157 2870 3504 2944 protegebat
3536 2867 3729 2938 gratia

2081 2967 2530 3040 Omnipotentis.
2569 2967 2681 3022 Nec
2715 2963 2899 3020 multo
2933 2965 3068 3033 post
3101 2960 3268 3030 signo
3299 2959 3438 3015 dato
3491 2959 3726 3013 ventum

2081 3061 2174 3114 est
2205 3057 2276 3113 ad
2299 3053 2647 3123 :ecclesiam,
2663 3051 2836 3110 etille
2859 3065 3028 3122 quem
3043 3043 3732 3105 remordebatconseien-

2083 3145 2187 3214 tia,
2211 3145 2365 3199 inter
2379 3142 2527 3198 alios
2543 3138 2871 3197 nocturnali
2888 3137 3073 3194 sinaxi
3091 3133 3375 3200 interfuit,
3401 3144 3728 3203 quanquam

2086 3239 2364 3302 tremens,
2399 3243 2728 3302 quanquam
2755 3227 3038 3297 infirmus,
3081 3235 3410 3296 quanquam
3446 3219 3734 3275 mordacis

2086 3319 2466 3380 conscientiae
2498 3317 2753 3374 stimulis
2803 3321 3154 3386 aggravatus
3183 3311 3289 3369 Ubi
3332 3325 3470 3367 vero
3497 3313 3732 3364 ventum

2088 3415 2182 3466 est
2209 3409 2279 3466 ad
2311 3407 2608 3476 tenebras,
2645 3406 2820 3462 miser
2845 3403 2961 3474 ille,
2985 3402 3118 3459 dum
3141 3401 3338 3472 Kyrie
3372 3399 3588 3454 eleison
3603 3409 3732 3451 cum

2089 3497 2364 3556 versibus
2386 3499 2750 3565 cantaretur,
2775 3493 2952 3551 corde
2977 3493 3360 3562 compunctus
3383 3485 3626 3557 genibus
3641 3497 3736 3554 pa-

2095 3585 2202 3642 tris
2236 3583 2550 3641 advolutus
2579 3587 2692 3654 est,
2722 3581 2982 3638 clamans
3011 3584 3070 3635 et
3103 3577 3229 3650 ipse
3252 3574 3402 3648 patri
3431 3593 3443 3628 :
3468 3572 3734 3641 Domine,

2091 3675 2391 3742 miserere,
2427 3672 2659 3730 scilicet
2709 3675 2773 3728 ut
2821 3669 2909 3726 sui
2942 3667 3342 3734 misereretur,
3375 3661 3527 3718 sicut
3561 3661 3732 3714 Deum

2095 3763 2206 3823 sibi
2235 3761 2498 3819 misereri
2535 3759 2905 3832 precabatur.
2932 3754 3251 3826 Obstupuit
3279 3752 3367 3810 vir
3398 3753 3637 3806 sanctus
3663 3747 3731 3804 ad

2095 3857 2315 3910 tactum
2359 3849 2558 3906 fratris
2597 3847 2866 3918 vestigiis
2889 3847 3018 3918 ejus
3045 3839 3500 3916 procumbentis,
3520 3841 3576 3894 et
3599 3834 3733 3907 quid

2096 3945 2252 3998 esset
2287 3953 2527 4012 prorsus
2574 3936 2898 4012 ignorabat.
2935 3934 3240 4012 Suscepto_
3272 3935 3460 4012 tamen
3493 3923 3732 4012 c‘o‘et‘in

2097 3994 2664 4086 partemdeelinat‘o,
2699 4005 3019 4063 orationem
3051 3994 3387 4075 complevit,
3411 4001 3469 4054 et
3502 3997 3636 4052 dato
3653 3994 3735 4086 lu-

2100 4081 2251 4156 mine
2302 4097 2518 4156 ceteris
2548 4095 2620 4152 ad
2653 4098 2838 4151 strata
2888 4090 3378 4162 regredientibus,
3411 4086 3636 4157 aliquos
3665 4081 3733 4137 de

2102 4189 2383 4246 fratribus
2439 4201 2638 4244 secum
2690 4182 2964 4248 retinuit;
3019 4179 3416 4248 secedensque
3467 4175 3521 4230 in
3549 4173 3733 4228 locum

2100 4291 2442 4348 congruum,
2475 4275 2610 4332 data
2647 4269 3046 4345 oportunitate
3070 4265 3367 4338 loquendi,
3399 4265 3732 4320 trementem

2103 4368 2339 4423 fratrem
2369 4369 2429 4421 et
2463 4362 2808 4437 plorantem,
2831 4363 3076 4428 totoque
3105 4368 3354 4428 corpore
3376 4357 3548 4409 terra:
3580 4363 3736 4422 pros-

2101 4460 2259 4512 trato
2289 4454 2481 4527 capite
2514 4457 2729 4508 terram
2781 4448 3105 4516 ferientem,
3139 4443 3277 4516 quid
3328 4445 3624 4515 pateretur
3654 4451 3737 4527 re-

343 4525 593 4629 laxaret,
626 4571 757 4615 eum
789 4569 991 4612 omnes
1021 4525 1363 4624 dormirent,
1387 4553 1460 4609 ab
1492 4552 1577 4608 eis
1603 4525 1987 4622 gladiis-peri-
2019 4532 2072 4591 D
2103 4525 2487 4616 quisivit._llle
2508 4539 2728 4612 gemitu
2747 4538 3229 4629 interrumpente:
3255 4525 3734 4629 Deceo-eignquit,

344 4650 625 4704 meretur.
653 4645 698 4702 Ο
729 4641 1111 4718 ρνωειιιηριὶο
1143 4640 1484 4698 temeraria!
1509 4655 1544 4696 o
1568 4639 1874 4713 impudens
1895 4654 1992 4696 au-

346 4735 532 4792 datia!
569 4733 723 4802 Quis
745 4734 926 4801 furor,
979 4735 1112 4804 post
1145 4729 1496 4786 immolatam
1529 4727 1686 4784 illam
1735 4727 1867 4799 agni
1900 4743 1996 4801 pa-

348 4823 564 4882 schalis
585 4821 902 4892 victimam,
923 4834 990 4877 ea
1014 4819 1108 4876 die
1128 4817 1220 4874 vel
1242 4821 1414 4874 nocte
1435 4831 1780 4888 quemquam
1801 4831 1998 4888 quam-

347 4913 439 4972 vis
492 4909 974 4970 nocentissimum
1019 4907 1193 4964 morti
1252 4904 1648 4975 adjudicavit?
1676 4906 1792 4960 Nec
1825 4905 1998 4961 latuit

349 5001 540 5059 virum
563 4999 798 5056 beatum
824 4995 1020 5052 feralis
1043 4994 1140 5050 illa
1171 4993 1463 5063 malorum,
1483 4991 1852 5051 deliberatio.
1891 5003 2001 5050 Au-

2100 4635 2168 4692 in
2187 4633 2599 4703 celwm,pater,
2623 4629 2682 4686 et
2697 4640 2896 4685 coram
2917 4625 3105 4696 te,qui
3125 4621 3393 4679 nolebam
3409 4617 3531 4676 dici
3551 4617 3740 4673 etesse

2090 4723 2269 4796 ﬁlius
2283 4719 2648 4802 tumefactus
2657 4713 3184 4802 sumperseqzmtor
3195 4709 3425 4802 tuasnEt
3445 4705 3736 4802 proferens

2104 4810 2360 4882 gladium
2379 4793 2458 4865 de.
2473 4809 2582 4864 sub
2611 4804 2837 4864 euculla
2866 4823 2878 4858 :
2901 4805 3070 4873 Ecce,
3097 4799 3306 4872 inquit,
3325 4809 3496 4868 quem
3513 4793 3739 4851 extendi

2105 4899 2270 4956 nocte
2289 4899 2404 4955 hac
2443 4893 2883 4970 adferiendmn
2916 4892 2990 4962 te,
3009 4890 3114 4947 sed
3141 4892 3316 4946 Jesus
3335 4899 3470 4944 mus
3481 4882 3744 4955 protexit

2109 4989 2182 5046 te.
2222 4988 2388 5044 Volui
2410 4985 2650 5057 quidem
2666 4983 2918 5056 perdere
2949 4982 3020 5051 te,
3045 4978 3151 5036 sed
3165 4975 3464 5049 protector
3484 4974 3617 5030 tuus
3637 4971 3740 5026 Do-

350 5088 460 5146 diit
490 5099 740 5159 namque
791 5085 947 5157 quod
977 5097 1043 5140 ea
1076 5086 1250 5140 nocte
1297 5083 1371 5138 ab
1401 5061 1595 5154 impiis
1628 5081 2004 5154 perimendus
2106 5079 2307 5134 minus
2330 5073 2602 5146 defendit
2617 5074 2687 5129 te.
2727 5067 3319 5159 lt'xemiqladizmiin
3339 5065 3414 5159 te,
3437 5062 3538 5159 sed
3579 5061 3740 5132 eat-jus

351 5183 528 5249 esset,
560 5190 668 5233 nec
699 5173 916 5231 timuit.
975 5171 1164 5228 Timor
1193 5170 1345 5228 enim
1374 5170 1600 5236 Domini
1647 5175 1866 5241 castus,
1903 5169 2002 5242 qui

354 5269 656 5339 permanet
690 5263 746 5319 in
781 5259 1043 5320 seculum
1075 5259 1282 5332 seculi,
1317 5275 1347 5316 a
1370 5262 1562 5316 mente
1585 5259 2002 5330 ejustimorem

2111 5164 2402 5224 estoirtus
2412 5161 2854 5233 etimperiumy
2864 5159 3095 5216 lodium
3109 5153 3486 5222 eontinuit,et
3496 5151 3548 5208 te
3562 5163 3742 5206 amor-

2115 5255 2284 5326 te,me
2303 5253 2378 5310 ab
2413 5251 2665 5308 inm-itit
2685 5250 2901 5306 animee
2921 5245 3069 5303 etab
3115 5243 3434 5301 homicidio
3471 5237 3736 5326 saltavit.

356 5325 567 5410 mortis
614 5349 887 5421 exclusit,
924 5348 1056 5422 quia
1089 5325 1333 5406 noverat
1388 5347 1543 5419 quod
1573 5325 1787 5404 nemini
1827 5359 2008 5417 super
2112 5342 2304 5400 Parce
2323 5354 2460 5412 ergo
2477 5338 2652 5408 mihi,
2677 5338 2825 5408 quia
2847 5334 3106 5392 converti
3131 5331 3388 5404 paratu-.9
3405 5343 3537 5422 sitim
3559 5327 3612 5422 et
3630 5325 3742 5422 iiii:

358 5454 491 5500 eum
523 5443 790 5512 potestas
817 5437 1078 5510 daretur,
1105 5437 1214 5495 nisi
1246 5441 1526 5510 quantum
1559 5451 1588 5494 a
1619 5434 1857 5493 Domino
1878 5448 2008 5507 per-

2112 5431 2358 5490 monitis
2403 5427 2805 5500 adquiescere,
2833 5420 3334 5494 regularibusque
3359 5416 3536 5475 subdi
3576 5413 3736 5472 insti-

1717 5565 1954 5622 VARIE
1994 5562 2392 5623 LECTIONES.

453 5657 524 5694 "'
552 5659 755 5716 exerta
781 5655 1038 5728 corrigit
1061 5655 1122 5713 ι.
1152 5659 1353 5713 extera
1383 5667 1432 5712 ο.
