3922 6416
159 371 275 435 217

1338 368 1833 437 CHRONIGON.
1877 402 1957 419 —-
1998 370 2150 432 LIB.
2200 369 2272 433 II.

3442 371 3563 435 218

160 503 343 570 tatis;
372 504 606 562 tantum
633 504 787 563 dona
815 505 971 564 mihi
997 505 1159 577 quod
1176 505 1409 576 deliqui
1426 506 1496 563 in
1516 505 1589 577 te,
1613 505 1674 564 et
1690 518 1797 562 ora
1828 505 1881 566 Α
1910 501 2168 573 videtur,
2203 503 2357 573 quod
2389 508 2557 559 tanto
2586 487 2717 561 ﬁrm
2769 502 2981 561 affectu
3028 501 3254 575 dilexit,
3287 519 3459 576 quem
3490 505 3563 564 de

159 593 344 650 Deam
356 606 469 663 pro
487 601 597 649 me.
617 595 739 648 Non
763 597 887 650 erat
915 594 1021 650 hoe
1034 607 1211 664 grave
1226 593 1398 650 beato
1415 593 1562 664 viro,
1579 592 1794 649 donare

161 681 539 752 peccantibus
566 681 621 737 in
654 696 735 751 se,
763 682 860 752 qui
893 681 966 738 ad
999 682 1265 754 proprias
1289 682 1530 752 injurias
1552 686 1680 739 erat
1703 696 1800 754 pa-

160 767 571 825 tientissimus.
605 771 746 826 Toto
779 783 920 839 ergo
948 784 1196 841 corpore
1230 775 1545 842 prostrato,
1576 771 1799 841 gratias

159 856 280 924 egit
302 856 621 927 protectori
645 871 750 913 suo
772 859 910 929 Deo,
939 858 1070 914 inde
1097 858 1263 914 fratri
1291 858 1538 928 benigne
1558 856 1804 914 indulsit

163 942 444 1013 quidquid
475 943 529 999 in
566 959 628 999 se
659 943 1008 1015 deliquerat,
1039 943 1350 1017 plurimum
1382 960 1513 1003 eum
1543 943 1806 1002 consola-

165 1036 281 1103 tus,
319 1030 615 1088 inculcans
648 1036 713 1087 ut
742 1032 1127 1089 confiteretur
1146 1033 1383 1089 Domino
1408 1038 1645 1105 peccata
1670 1047 1803 1100 sua;

165 1118 368 1175 dicens
393 1122 691 1191 peccatum
715 1118 1028 1192 aliquando
1041 1136 1168 1177 esse
1183 1124 1509 1193 peceatum,
1527 1127 1583 1177 et
1600 1135 1805 1194 penam

165 1208 411 1279 peccati,
449 1223 577 1279 qua:
609 1209 794 1266 omnia
827 1209 1016 1268 vitare
1059 1210 1270 1282 quiret,
1303 1210 1401 1281 qui
1449 1208 1804 1267 confessioni

163 1309 400 1367 operam
433 1295 620 1353 daret.
656 1299 845 1354 Pauca
878 1312 1020 1368 ergo
1055 1314 1159 1370 pro
1189 1302 1454 1370 tempore
1504 1296 1803 1369 loquutus,

168 1385 406 1439 fratrem
442 1385 809 1442 consolatum
841 1386 1084 1456 dimisit,
1120 1386 1265 1442 dans
1316 1386 1373 1441 in
1422 1386 1712 1443 mandatis
1745 1390 1804 1442 ut

168 1486 334 1527 mane
368 1474 521 1529 facto
555 1473 625 1529 ad
658 1487 721 1530 se
746 1474 986 1545 rediret,
1012 1480 1071 1530 et
1095 1489 1222 1545 quas
1245 1474 1355 1530 sibi
1380 1474 1811 1545 imperarentur

169 1561 408 1632 faceret,
431 1565 492 1617 et
523 1561 603 1617 ita
637 1561 964 1631 discessum
992 1566 1103 1618 est.
1130 1564 1304 1618 Pater
1326 1562 1653 1620 Riehardus
1684 1576 1812 1618 ora-

169 1649 386 1705 torium
419 1648 610 1727 petiit,
637 1654 694 1705 et
730 1644 885 1722 qudd
918 1651 1202 1722 superfuit
1237 1651 1429 1708 noctis
1458 1651 1512 1706 in
1538 1650 1811 1707 laudibus

169 1738 470 1793 Creatoris
501 1737 716 1808 exegit.
742 1738 844 1794 Die
879 1736 1051 1794 facto.
1080 1738 1263 1810 prima
1297 1739 1473 1810 dicta,
1499 1744 1814 1796 consuetu-

1913 596 2098 648 morte
2115 605 2219 648 sua
2236 596 2527 648 tractasse
2544 593 2989 662 cognoveratJn
3008 608 3121 664 quo
3134 594 3563 651 consideranda

1912 685 1998 738 est
2026 680 2216 751 pietas
2246 681 2371 751 ejus
2393 683 2450 736 et
2476 680 2757 753 patientia
2792 680 3122 751 invicibilis,
3142 682 3468 751 quaevicem
3487 682 3566 740 le-

1915 768 2190 826 dentibus
2212 768 2537 840 rependere
2568 784 2680 827 non
2714 769 2894 839 novit,
2923 784 3034 842 qua
3058 770 3113 826 in
3136 773 3363 827 tantum
3387 772 3567 828 abun-

1916 858 2091 914 dabat
2113 858 2292 914 animi
2311 858 2440 929 ejus
2460 857 2686 915 directa
2703 858 3070 930 simplicitas,
3090 862 3152 915 ut
3171 873 3341 931 quem
3358 873 3567 932 passus

1918 946 2106 1003 fuerat
2132 945 2450 1015 inimicum,
2478 961 2611 1003 eum
2636 946 2748 1003 sibi
2781 946 3052 1003 crederet
3088 946 3264 1004 ﬁdum
3294 948 3564 1006 amicum.

1919 1034 1964 1091 Ο
1997 1048 2161 1090 mens
2182 1048 2321 1091 vere
2346 1034 2514 1106 plena
2539 1034 2658 1091 Deo
2685 1036 2697 1091 !
2721 1033 3070 1106 simplicitas
3095 1036 3223 1092 sine
3246 1035 3568 1093 simulatio-

1924 1137 1991 1180 ne
2017 1125 2030 1178 !
2057 1122 2275 1180 caritas
2304 1122 2429 1180 sine
2460 1121 2812 1180 emulatione
2840 1126 2852 1179 !
2879 1124 2990 1181 Sed
3013 1124 3301 1182 sullleiant
3334 1124 3565 1180 interim

1921 1212 2056 1282 ista,
2095 1211 2488 1270 festinandum
2521 1212 2693 1270 nobis
2726 1216 2812 1270 est
2855 1213 2925 1270 ad
2978 1212 3221 1285 reliqua.
3258 1214 3379 1271 Non
3413 1215 3565 1270 enim

1921 1315 2123 1357 omnes
2149 1302 2278 1372 ejus
2303 1300 2556 1358 virtutes
2577 1300 3102 1360 animideseribere
3118 1317 3447 1375 possumus.
3468 1302 3567 1359 Su-

1924 1389 2353 1462 persedendum
2388 1389 2682 1461 aliquibus
2711 1394 2821 1461 est,
2854 1393 2916 1447 ut
2948 1390 3016 1447 ad
3050 1390 3277 1462 potiora
3322 1390 3569 1448 sufficia-

1925 1492 2073 1534 mus.
2092 1479 2159 1534 Et
2187 1492 2335 1533 nunc
2361 1477 2592 1547 quidem
2618 1477 2688 1533 de
2710 1477 3104 1535 beniﬁcientia
3129 1478 3391 1535 dicamus
3412 1480 3566 1549 quod

1924 1581 2251 1638 possumus,
2287 1565 2420 1637 quia
2452 1580 2565 1623 non
2596 1566 2784 1622 omnia
2818 1580 3148 1638 possumus,
3185 1566 3317 1638 quia
3353 1567 3434 1624 ita
3457 1567 3565 1625 sibi

1926 1654 2175 1711 filiorum
2207 1654 2430 1711 animos
2462 1653 2847 1725 obligaverat,
2884 1658 2944 1711 ut
2998 1655 3283 1712 inmemor
3315 1654 3566 1725 injurim,

1926 1756 2144 1799 memor
2174 1743 2380 1812 gratiae
2413 1742 2730 1800 diceretur.
2758 1742 3175 1801 Considerabat
3199 1744 3351 1800 enim
3374 1744 3571 1814 singu-

169 1825 394 1882 dinarie
422 1826 608 1882 oﬂleio
638 1825 898 1898 expleto,
933 1827 1031 1884 ubi
1061 1830 1292 1899 tempus
1333 1830 1684 1899 oportunum
1717 1827 1817 1883 da-
1845 1850 1898 1910 Β
1926 1828 2113 1888 lorum
2165 1831 2426 1902 affectus,
2461 1831 2876 1902 necessitates,
2910 1832 3363 1904 oportunitates,
3397 1836 3457 1888 et
3489 1833 3566 1887 ita

173 1918 292 1970 tum
308 1918 420 1984 est,
438 1917 661 1985 patrem
681 1913 833 1970 illius
848 1915 1178 1986 requisivit,
1198 1919 1255 1972 et
1276 1916 1409 1971 data
1423 1915 1810 1986 confessione,

173 2002 613 2074 penitentiaque
663 2010 928 2075 accepta,
963 2002 1157 2060 alacer
1200 2007 1258 2060 et
1291 2019 1494 2076 sospes
1524 2004 1596 2060 ab
1629 2018 1697 2059 eo
1729 2018 1817 2059 re-

171 2091 372 2158 cessit,
395 2090 596 2147 dicens
629 2090 874 2147 multum
908 2091 1020 2147 sibi
1055 2092 1336 2163 prodesse
1370 2091 1524 2163 quod
1556 2092 1663 2147 hac
1686 2106 1816 2148 eum

171 2179 480 2237 occasione
503 2180 779 2237 Dominus
803 2179 912 2236 sibi
930 2180 1223 2238 asciverit.
1251 2181 1355 2237 Hic
1377 2196 1449 2236 ex
1472 2185 1610 2237 tunc
1630 2180 1818 2251 patris

174 2267 447 2324 Richardi
467 2268 574 2327 fuit
594 2266 747 2326 illius
768 2268 1144 2325 dulcissimus
1166 2272 1224 2324 et
1248 2268 1814 2338 comesindividuus,

174 2356 269 2412 hic
299 2357 676 2414 consiliorum
708 2357 1022 2430 particeps,
1058 2357 1190 2428 quia
1222 2361 1351 2414 erat
1393 2355 1690 2413 nobilibus
1731 2372 1822 2412 or-

173 2450 271 2501 tus
304 2445 600 2503 natalibus
632 2452 690 2502 et
722 2446 943 2502 litteris
975 2446 1235 2517 adprime
1263 2446 1554 2516 eruditus,
1581 2450 1640 2502 et
1662 2445 1821 2502 vide-

178 2534 351 2589 batin
376 2549 444 2589 eo
470 2534 847 2606 penitentiam
872 2548 1003 2591 cum
1027 2534 1397 2591 verecundia.
1415 2534 1476 2589 In
1499 2533 1820 2605 capitulum

172 2622 272 2678 ubi
305 2627 541 2679 ventum
573 2626 688 2691 est,
712 2622 1001 2694 publicam
1038 2621 1417 2695 penitentiam
1443 2623 1561 2692 egit
1587 2637 1717 2679 cum
1741 2636 1824 2678 so-

171 2710 268 2765 cio
303 2710 479 2766 corde
503 2710 760 2766 contrito
783 2714 840 2767 et
867 2711 1192 2780 humiliato,
1218 2715 1278 2766 et
1302 2711 1515 2767 fratres
1534 2710 1823 2780 glorifica-

172 2802 386 2853 verunt
422 2801 621 2860 Deum.
660 2798 755 2869 qui
790 2799 1005 2855 avertit
1052 2802 1355 2870 peccatum
1414 2799 1523 2856 hoc
1574 2798 1644 2854 ab
1694 2798 1819 2855 eis:

176 2891 233 2941 et
252 2886 368 2956 jam
396 2887 450 2941 in
478 2887 675 2955 majori
696 2887 1072 2943 veneratione
1097 2891 1359 2943 sanetum
1373 2887 1472 2942 Dei
1496 2887 1709 2943 habere
1734 2901 1826 2942 cc-

179 2979 416 3046 perunt,
454 2989 622 3044 quem
656 2977 770 3032 Deo
803 2975 1190 3044 karissimum,
1228 2975 1439 3030 mortis
1466 2975 1822 3046 inpavidum,

178 3063 272 3118 sui
321 3067 805 3135 contemptorem,
864 3063 1086 3134 injuria)
1134 3063 1498 3133 donatorem,
1534 3069 1591 3118 et
1643 3063 1718 3120 ob
1769 3063 1823 3120 id

176 3154 359 3208 Deum
393 3151 756 3208 defensorem
789 3155 848 3208 et
877 3154 1134 3207 tutorem
1161 3152 1377 3207 habere
1402 3151 1823 3208 scicbant.Jam

178 3245 375 3296 autem
409 3242 455 3295 si
491 3240 620 3312 quis
650 3244 806 3296 esset
837 3240 935 3310 qui
965 3240 1092 3296 viro
1114 3240 1214 3295 Dei
1240 3239 1552 3310 aliquando
1576 3240 1823 3296 infestus

180 3330 412 3399 fuisset,
431 3330 710 3399 surgebat
736 3330 791 3384 in
818 3329 1102 3400 medio,ct
1129 3328 1525 3385 conﬁtebatur
1541 3328 1823 3399 quidquid

179 3416 329 3474 illud
353 3424 530 3487 esset,
549 3419 916 3475 satisverens
942 3432 1009 3473 ne
1034 3417 1209 3473 etiam
1244 3417 1400 3473 circa
1435 3431 1497 3473 se
1531 3417 1824 3473 desevirct

179 3505 736 3575 indignatiodivina.
757 3507 1155 3563 Precabantur
1170 3506 1366 3576 itaque
1390 3519 1589 3562 omnes
1605 3505 1827 3578 pariter

180 3591 297 3649 sibi
331 3592 640 3664 indulgeri,
674 3593 807 3665 quia
838 3608 968 3649 eum
999 3608 1111 3648 non
1158 3597 1221 3649 ut
1268 3592 1569 3649 decuisset
1602 3594 1826 3664 patrem

179 3686 239 3737 et
264 3682 559 3738 dominum
588 3686 1005 3753 tractaverant,
1022 3686 1078 3738 et
1099 3682 1248 3737 facta
1272 3685 1363 3737 est
1390 3682 1553 3737 ruina
1578 3680 1826 3738 duorum

180 3770 274 3828 sui
308 3770 497 3842 ipsius
529 3775 586 3827 et
617 3770 928 3828 multorum
960 3770 1015 3826 in
1041 3771 1251 3842 spiritu
1271 3770 1649 3826 resurrectio.
1680 3769 1822 3840 (Fol.

178 3860 298 3931 80.)
334 3858 518 3927 Igitur
547 3859 637 3916 vir
688 3859 784 3914 Dei
832 3858 1090 3928 generali
1144 3858 1415 3913 omnibus
1466 3856 1827 3928 indulgentia

181 3947 342 4017 data,
374 3950 532 4002 tanta
554 3946 623 3980 ²⁹⁰
646 3946 701 4003 in
733 3951 1036 4019 posterum
1066 3947 1138 4002 ab
1169 3946 1437 4002 omnibus
1469 3945 1717 4002 caritate
1748 3944 1830 4000 di-

183 4035 378 4092 lectus
425 4039 535 4105 est,
572 4041 635 4092 ut
692 4035 901 4091 merito
961 4035 1261 4091 diceretur
1324 4053 1337 4087 :
1391 4034 1534 4091 Hac
1576 4033 1830 4090 rizlatatio

182 4125 449 4181 dextram
475 4125 724 4181 Επεσὶεεί
756 4124 947 4193 (Psal.
978 4138 1161 4193 Lxxvr,
1197 4125 1305 4193 11).

261 4217 344 4269 I3.
375 4212 654 4268 Ordinata
690 4212 887 4283 itaque
917 4211 1125 4268 dehinc
1167 4210 1433 4267 accelesia
1470 4209 1736 4283 personis
1772 4213 1829 4265 et

184 4300 546 4357 necessariis
561 4300 915 4370 sumptibus,
934 4298 1254 4354 Virdunum
1272 4298 1466 4368 rediit,
1488 4296 1830 4369 praedictum

185 4391 429 4446 fratrem
453 4403 647 4445 secum
673 4387 993 4458 deducens,
1021 4387 1155 4458 quia
1180 4386 1546 4457 intelligebat
1569 4402 1697 4443 eum
1721 4387 1833 4444 uti-

183 4478 235 4533 le
268 4492 377 4536 vas
407 4477 666 4534 futurum
698 4476 753 4532 in
784 4476 953 4532 domo
1002 4475 1243 4531 Domini.
1279 4475 1393 4531 Nec
1424 4489 1553 4531 eum
1587 4489 1723 4548 spes
1755 4475 1832 4531 fe-

1929 1917 2259 1989 quibusque
2311 1916 2564 1973 mirabili
2608 1917 2918 1976 verborum
2950 1922 3011 1974 et
3039 1917 3238 1975 vultus
3264 1918 3451 1989 gratia
3483 1932 3571 1975 oc~

1929 2006 2192 2075 curebat,
2216 2003 2500 2074 adjiciens
2530 2005 2709 2061 verba
2743 2004 2893 2061 bona
2922 2004 3097 2061 rebus
3130 2005 3315 2075 bonis,
3340 2008 3399 2060 et
3424 2019 3572 2077 prae-

1930 2092 2222 2149 dicatione
2254 2091 2500 2162 benigna
2529 2097 2585 2148 et
2620 2093 2866 2149 humana
2898 2106 2959 2149 se
2991 2093 3114 2164 ipse
3137 2092 3567 2162 commendans,

1930 2183 1996 2237 ut
2021 2179 2606 2252 plurisﬁestimaretur
2628 2180 2854 2239 animus
2874 2181 3018 2253 ejus,
3045 2195 3215 2252 quam
3240 2179 3385 2238 illud
3407 2181 3573 2252 quid-

1931 2267 2069 2340 quid
2094 2272 2254 2325 esset
2275 2268 2428 2340 quod
2447 2269 2822 2339 querebatur.
2843 2268 2948 2343 [CL
2964 2270 3190 2340 Senam,
3206 2269 3293 2327 De
3305 2268 3490 2343 benef.
3509 2283 3569 2339 ιι,

1930 2357 2009 2429 2.]
2045 2356 2539 2424 Quemadmodum
2570 2357 2723 2416 enim
2761 2358 2814 2414 in
2859 2358 3019 2430 egris
3050 2359 3422 2431 oportunitas
3455 2357 3571 2414 cibi

1932 2445 2331 2516 salutarisest,
2349 2450 2570 2516 etaqua
2594 2446 2942 2517 tempestive
2963 2446 3096 2504 data
3122 2446 3359 2503 remedii
3382 2445 3572 2503 locum

1932 2534 2119 2605 οριίη(
2139 2538 2180 2603 t,
2208 2533 2286 2589 ita
2317 2533 2596 2591 beneficia
2618 2534 2767 2605 ejus,
2793 2534 3058 2606 quamvis
3078 2533 3246 2605 levia,
3273 2534 3404 2606 quia
3430 2549 3573 2606 pra:-

1935 2625 2027 2677 sto
2056 2627 2242 2692 erant,
2270 2622 2403 2693 quia
2425 2622 2813 2679 occurrebant
2838 2622 3150 2693 voluntati,
3174 2622 3421 2693 gratiam
3447 2636 3574 2694 pre-

1934 2708 2103 2779 ciosi,
2139 2708 2244 2765 sed
2276 2709 2419 2765 lenti
2453 2713 2512 2765 et
2544 2709 2643 2767 diu
2670 2710 2916 2780 cogitati
2950 2710 3209 2767 muneris
3239 2710 3569 2767 vincebant.

1935 2796 2277 2854 Gratissima
2318 2797 2471 2854 enim
2518 2802 2683 2854 erant
2736 2798 2869 2869 quia
2920 2804 3142 2871 parata,
3177 2798 3311 2870 quia
3363 2796 3571 2866 facilia,

1937 2885 2069 2957 quia
2102 2887 2466 2956 occurentia,
2502 2887 2600 2943 ubi
2633 2886 2791 2944 nulla
2823 2894 2950 2943 erat
2983 2901 3140 2943 mora
3173 2887 3283 2944 nisi
3327 2887 3383 2943 in
3428 2886 3577 2943 acci-

1936 2974 2152 3046 pientis
2185 2975 2554 3032 verecundia.
2582 2976 2829 3032 Noverat
2855 2975 3006 3033 enim
3028 2976 3311 3048 optimum
3329 2990 3458 3031 esse
3483 2990 3577 3031 an-

1938 3061 2211 3119 tecedere
2242 3064 2524 3134 cujusque
2548 3063 2923 3136 desiderium,
2944 3070 3003 3122 et
3030 3065 3355 3137 proximum
3380 3064 3578 3134 sequi;

1940 3149 2083 3209 illud
2113 3165 2253 3207 vero
2283 3151 2510 3222 melius,
2547 3166 2836 3223 occupare
2884 3157 3194 3224 antequam
3246 3155 3573 3221 rogaretur.

1940 3200 2083 3209 ---η
2127 3200 2249 3207 .-η
2283 3200 2510 3222 --_---__,
2550 3200 2835 3223 ,πυρα
2886 3200 3037 3208 _.---.
3246 3200 3573 3221 nam---"

1861 3200 1909 3261 Ο
1938 3241 2075 3295 Nam
2105 3254 2235 3296 cum
2259 3240 2475 3295 homini
2500 3241 2706 3312 probo,
2734 3244 2797 3297 ut
2820 3239 2902 3296 ait
2924 3200 3139 3296 Seneca
3164 3240 3220 3295 in
3243 3239 3394 3296 libro
3415 3239 3498 3309 (ιι,
3525 3243 3578 3309 1)

1941 3327 2010 3382 de
2044 3327 2367 3398 Beneficiis,
2395 3328 2465 3384 ad
2489 3328 2811 3397 rogandum
2837 3343 2902 3384 os
2927 3330 3259 3398 concurrat,
3283 3331 3340 3383 et
3364 3326 3580 3383 suffun-

1941 3415 2115 3472 datur
2132 3417 2333 3485 rubor,
2352 3414 2448 3486 qui
2465 3415 2572 3471 hoc
2593 3419 2949 3472 tormentum
2966 3414 3214 3470 remittit
3231 3413 3577 3485 multiplicat

1944 3518 2171 3559 munus.
2208 3502 2373 3559 Nulla
2424 3502 2575 3558 enim
2609 3517 2703 3559 res
2735 3503 2933 3559 carius
2964 3507 3219 3571 constat,
3254 3516 3423 3571 quam
3456 3516 3582 3572 quae

1941 3593 2217 3666 precibus
2245 3596 2438 3665 empta
2489 3597 2581 3649 est
2655 3593 2793 3649 [line
2842 3596 3082 3648 sanctus
3129 3590 3481 3647 Benedictus
3513 3592 3582 3646 de

1941 3682 2147 3739 dandis
2168 3681 2522 3738 necessariis
2546 3694 2723 3750 agens
2747 3699 2759 3738 :
2789 3680 3152 3749 demitteret,
3180 3678 3385 3749 inquit,
3403 3677 3587 3736 abbas

1938 3766 3587 3844 inﬁrmitatesindigentiammonmalamvoluntatemin-

1937 3854 2880 3924 videntiquuiconsiderandas
2900 3855 3274 3912 infirmitates
3298 3854 3470 3927 praeei
3479 3854 3584 3926 pit,

1941 3946 2367 4003 occurrendum
2394 3943 2561 4001 docet
2587 3945 2878 4018 precibus,
2906 3943 3273 4001 divinandam
3297 3943 3584 4015 cujusque

1942 4035 2376 4103 necessitatem,
2415 4036 2478 4089 ut
2510 4032 2751 4102 rogandi
2785 4032 3108 4088 necessitas
3137 4031 3459 4087 auferatur.
3488 4030 3590 4085 Ce-

1942 4129 2133 4179 terum
2167 4126 2225 4178 et
2257 4121 2365 4176 hoc
2398 4121 2452 4175 in
2488 4124 2655 4191 patre
2688 4124 2888 4176 nostro
2931 4118 3355 4175 beneﬁcientiae
3387 4122 3588 4189 partes

1943 4210 2254 4282 adjuvabat
2288 4208 2442 4280 quia,
2470 4208 2519 4264 si
2544 4208 2675 4278 quis
2704 4207 2756 4262 ei
2791 4206 2860 4263 de
2884 4207 3136 4263 secretis
3160 4206 3383 4277 animas,
3413 4204 3483 4261 de
3507 4205 3589 4260 in-

1944 4297 2128 4355 ternis
2159 4296 2369 4352 mentis
2400 4294 2655 4351 motibus
2685 4294 3093 4364 confitebatur,
3115 4298 3277 4350 tanta
3309 4293 3360 4349 ei
3395 4293 3584 4348 inerat

1944 4385 2153 4444 mentis
2180 4383 2528 4454 benignitas,
2554 4386 2714 4439 tanta
2741 4381 3011 4453 dulcedo,
3040 4386 3200 4438 tanta
3225 4380 3579 4453 eompassio,

1945 4478 2008 4531 ut
2039 4473 2135 4545 qui
2168 4471 2329 4529 solus
2360 4471 2676 4528 advenerat
2708 4472 2772 4527 ut
2811 4483 2870 4527 se
2902 4468 3203 4541 proderet,
3240 4468 3488 4525 alterum
3523 4481 3585 4525 se

185 4566 357 4623 fcllit.
387 4567 550 4637 Cepit
576 4566 727 4622 enim
762 4568 923 4622 totus
952 4564 1237 4621 alteratus
1269 4564 1621 4635 perfectiora
1655 4564 1831 4620 medi-
1861 4554 1913 4613 D
1944 4561 2106 4619 illum
2137 4575 2267 4619 esse
2298 4559 2566 4617 crederet
2590 4558 2683 4616 cui
2705 4556 3121 4627 confitebatur,
3146 4556 3240 4613 eui
3263 4571 3375 4612 non
3397 4556 3588 4612 imme-

180 4656 317 4725 tari,
355 4669 547 4711 amare
597 4655 984 4724 honestatem,
1020 4652 1265 4722 diligere
1311 4652 1594 4723 ordinem,
1630 4667 1831 4708 omnes

182 4744 294 4799 sibi
334 4757 701 4815 praeponere,
728 4756 789 4798 se
821 4741 1093 4799 omnibus
1123 4744 1498 4813 postponere,
1523 4744 1580 4795 et
1615 4740 1662 4796 si
1693 4740 1831 4811 quid

180 4837 270 4887 est
307 4833 466 4903 quod
500 4831 686 4888 virum
718 4831 1026 4887 honestum
1059 4830 1285 4899 deceat,
1320 4829 1391 4884 ad
1444 4828 1501 4884 id
1552 4828 1738 4885 modis
1770 4844 1831 4885 se

181 4921 459 4976 omnibus
492 4919 824 4975 informare.
862 4917 1245 4985 Quamobrem
1279 4915 1831 4986 diligebaturaviro

187 5008 306 5079 Dei,
345 5012 403 5064 et
437 5007 731 5064 cotidiana
758 5006 1071 5062 monTtione
1096 5006 1163 5061 ad
1188 5004 1425 5061 meliora
1450 5004 1724 5060 sectanda
1751 5004 1834 5060 iu-

184 5096 509 5151 citabatur.
545 5094 835 5150 Leduinus
866 5107 1071 5149 nomen
1123 5096 1251 5148 erat
1299 5090 1444 5148 viro.
1481 5091 1582 5147 llic
1613 5093 1702 5146 est
1734 5090 1831 5146 ille

187 5183 503 5252 Leduinus,
531 5181 627 5253 qui
658 5180 1028 5253 postmodum
1055 5180 1226 5249 jussu
1250 5186 1306 5235 et
1332 5178 1664 5236 obedientia
1688 5193 1833 5251 prae-

184 5271 330 5328 dicti
363 5270 551 5342 patris
574 5271 684 5326 sub
705 5285 775 5325 eo
797 5269 986 5326 sancti
1008 5268 1243 5325 Vedasti
1268 5268 1434 5324 annis
1455 5266 1655 5324 multis
1679 5268 1832 5323 rexit

182 5359 535 5426 meclesiam.
563 5359 774 5416 Verum
799 5356 908 5415 hoc
940 5357 995 5413 in
1030 5360 1194 5430 patre
1226 5362 1428 5414 nostro
1456 5354 1832 5413 memorabile

1943 4651 2059 4707 rito
2094 4655 2383 4721 tamquam
2416 4646 2587 4703 alteri
2618 4645 2730 4703 sibi
2764 4645 3018 4702 animum
3041 4658 3211 4701 suum
3236 4643 3580 4715 applicaret,

1940 4742 1997 4797 et
2024 4753 2087 4795 se
2109 4739 2298 4811 ipsum
2320 4734 2609 4793 crederet.
2629 4733 2992 4791 Occurrebat
3021 4747 3270 4804 namque
3294 4731 3581 4789 voluntati

1941 4827 2089 4900 ejus,
2117 4831 2177 4882 et
2209 4824 2288 4880 ita
2319 4823 2371 4880 ei
2403 4823 2902 4890 conformabatur,
2927 4835 3059 4878 cum
3082 4819 3319 4876 dolente
3354 4817 3581 4890 dolens,

1940 4928 2070 4972 curn
2102 4911 2386 4968 tribulato
2418 4910 2689 4982 spiritum
2716 4913 2772 4965 et
2798 4908 2920 4981 ipse
2950 4906 3409 4965 contribulatum
3432 4905 3587 4963 adhi-

1944 5003 2105 5072 bens,
2138 5004 2204 5057 ut
2233 5013 2405 5057 unam
2437 4994 2685 5055 animam
2719 4996 2951 5054 duobus
2986 4996 3181 5053 inesse
3207 4994 3583 5067 corporibus,

1942 5091 2077 5148 dum
2100 5088 2348 5145 alterum
2370 5100 2433 5143 se
2455 5091 2656 5158 stupet
2680 5085 2731 5142 is
2753 5084 2850 5157 qui
2876 5085 3216 5153 advenerat,
3244 5082 3580 5140 miraretur.

1943 5178 2079 5247 Quae
2110 5192 2206 5234 res
2223 5175 2557 5248 gratiasima
2589 5179 2679 5231 est
2702 5170 3375 5244 mediocribus,utillima
3401 5171 3584 5244 pusil-

1943 5265 2036 5337 lis,
2062 5265 2159 5338 qui
2188 5279 2258 5321 eo
2288 5266 2537 5321 utuntur
2566 5260 2778 5320 affectu
2809 5275 2922 5333 quo
2952 5261 3154 5317 vident
3172 5259 3284 5317 sibi
3308 5258 3575 5317 adclines

1944 5353 2155 5426 quibus
2183 5352 2506 5424 loquuntur
2536 5364 2642 5408 seu
2674 5349 3049 5408 conﬁtentur.

1549 5529 1787 5586 VARIE
1831 5528 2225 5587 LECTIONES.

250 5659 324 5694 "°
356 5659 537 5715 tamta
565 5668 613 5715 ο.
