3922 6422
135 408 270 470 221

1427 408 1925 475 LIHRONICON.
1961 443 2040 453 -
2069 409 2218 469 LlB.
2264 409 2338 470 Π.

3455 415 3573 478 222

140 543 211 593 et
250 539 447 595 unitis
481 541 691 596 unitati
717 542 984 613 corporis
1017 542 1070 596 in
1089 541 1304 596 Christi
1329 542 1519 614 capite
1546 543 1819 599 membris
1848 539 1905 601 A
1936 541 2042 598 tati
2074 541 2363 612 videntes,
2382 555 2471 597 me
2492 541 2723 597 coneite
2742 542 2951 599 adesse
2982 543 3148 612 signo
3171 545 3410 613 faciunt,
3434 544 3573 600 duo-

144 626 501 684 Richardus
541 629 638 684 Dei
665 630 890 685 favente
912 628 1256 698 gratialicet
1316 631 1587 700 indignus
1618 632 1815 702 abbas,

146 715 277 771 ista
307 716 649 786 legentibus
681 722 983 789 perpetuae
1017 718 1225 774 salutis
1262 719 1494 788 gaudia.
1550 720 1692 787 (Fol.
1726 723 1816 791 8|)

148 805 279 859 Eva
291 805 521 873 ngelica
553 806 809 862 veritate
825 807 1023 862 edocti
1046 811 1105 861 et
1122 807 1305 864 totius
1320 808 1670 877 evangelicae
1686 808 1816 864 fldei

154 893 534 949 auctoritate
566 894 621 949 in
681 894 909 950 Christo
943 896 1188 965 fundati,
1240 901 1479 966 paterna
1529 910 1665 965 erga
1715 912 1817 954 vos

156 982 603 1052 quodammodo
622 984 863 1055 junctus
889 983 1308 1054 sollicitudine,
1331 990 1585 1042 vestram
1603 987 1816 1041 fratres

158 1071 541 1127 dilectissimi
573 1072 892 1144 exemplari
908 1073 990 1127 rei
1009 1072 1481 1141 divinitnsgesta}
1496 1089 1819 1131 commone-

159 1161 322 1216 facio
354 1160 684 1230 caritatem,
713 1175 883 1231 quam
919 1160 988 1216 ad
1014 1160 1478 1217 commonitionis
1501 1166 1713 1218 vestrae
1730 1179 1818 1219 so-

156 1248 375 1304 latium
412 1263 515 1319 pcr
540 1250 826 1320 quendam
845 1250 1081 1305 fratrem
1107 1256 1371 1307 nostrum
1398 1265 1501 1322 per
1533 1251 1817 1306 s‘exhora-

156 1352 296 1392 rum
333 1338 532 1408 spacia
556 1338 771 1408 spiritu
814 1338 974 1395 velut
1024 1339 1235 1394 mentis
1285 1354 1531 1395 excessu
1590 1346 1813 1410 raptam

161 1425 346 1480 nobis
376 1425 633 1483 voluisse
667 1426 790 1482 fieri
825 1427 1209 1496 manifestam,
1237 1426 1485 1482 divinam
1526 1427 1816 1496 conjicere

163 1528 489 1583 possumus
512 1514 787 1583 gratiam.
823 1515 961 1581 Qua)
986 1515 1121 1570 licet
1147 1514 1554 1586 Spiritualibus
1588 1531 1692 1571 nos
1724 1530 1819 1571 res

164 1615 439 1672 pugnare
461 1602 759 1672 nequieris
774 1602 1137 1659 multimodis
1159 1604 1583 1675 scripturarum
1600 1604 1820 1659 divina-

164 1705 304 1745 rum
337 1691 589 1746 occultis
611 1695 671 1746 et
702 1691 827 1762 ipsa
853 1691 947 1746 vix
988 1692 1372 1749 subtilissima
1434 1688 1647 1748 mentis
1693 1692 1817 1747 acie

160 1779 615 1835 contrectandis
645 1793 877 1850 semper
910 1779 1165 1835 instruat
1195 1780 1580 1851 documentis,
1615 1785 1819 1836 nosta-

165 1881 305 1921 men
330 1882 400 1922 ex
437 1867 784 1923 assiduitate
816 1872 1138 1939 torpentes,
1199 1883 1612 1940 corporezeque
1644 1869 1820 1940 impa-

168 1955 385 2011 tientis
417 1960 642 2012 naturae
684 1956 1060 2012 remissiones
1111 1957 1415 2014 adversum
1475 1957 1819 2028 pernitionis

164 2044 346 2113 quasi
377 2060 447 2098 ex
464 2044 785 2100 securitate
804 2044 961 2099 hosti
993 2059 1064 2099 ex
1081 2044 1819 2116 adversoinsidiantipate-

164 2132 478 2199 facientes,
512 2132 818 2187 manifesta
850 2148 951 2204 per
972 2132 1118 2188 hanc
1149 2134 1430 2189 visionem
1453 2134 1549 2188 Dei
1583 2134 1819 2189 misera-

162 2220 360 2289 tione,
385 2221 456 2275 ad
490 2221 774 2276 internam
800 2222 1244 2277 mentisnostrae
1266 2221 1821 2278 etdiscussionisre-

165 2309 452 2365 ducimur
483 2308 893 2379 subtilitatem,
930 2310 1364 2380 proutquisque
1388 2315 1649 2366 nostrum
1685 2311 1821 2364 sub-

166 2397 477 2454 tilissimas
511 2398 795 2454 mentiset
816 2398 1194 2453 discretionis
1215 2398 1382 2453 oculo
1402 2398 1820 2467 transfigurata

160 2490 632 2557 comparataque
648 2486 783 2541 huic
799 2486 1036 2543 visionis
1057 2501 1155 2541 sen
1168 2487 1363 2542 tentias
1378 2486 1815 2557 prophetarum,

160 2573 604 2644 apostolorum,
636 2574 1127 2643 evangelistarum
1161 2588 1389 2644 quoque
1444 2574 1819 2630 invictissima

162 2660 535 2718 discretione
567 2661 674 2716 hoc
710 2661 765 2716 in
786 2677 846 2717 se
879 2662 949 2717 ad
974 2661 1287 2717 utilitatem
1338 2676 1498 2717 suam
1549 2662 1821 2718 veritatis

161 2748 598 2807 transformare
629 2748 920 2805 studuerit
963 2750 1298 2805 testatione.
1363 2749 1600 2806 Cunctis
1647 2750 1821 2806 etiam

166 2838 386 2908 liquet,
424 2836 579 2907 quod
611 2836 735 2892 sine
767 2837 1122 2893 detrimento
1154 2837 1373 2893 silentii
1396 2838 1670 2907 tegimine
1710 2854 1823 2895 non

170 2926 435 2995 velatur,
475 2925 627 2995 quod
658 2925 868 2982 divinae
902 2926 1297 2983 miserationis
1345 2928 1741 2983 ostentatione
1766 2928 1823 2983 in

176 3014 436 3070 salutem
472 3018 732 3069 nostram
755 3014 1183 3069 manifestatur.
1216 3015 1464 3069 Narrare
1492 3029 1821 3085 veroopera

168 3103 406 3159 Domini
433 3117 564 3158 cum
596 3103 673 3158 sit
703 3103 1105 3172 honorificum,
1131 3117 1197 3158 ea
1242 3102 1478 3158 silentio
1535 3104 1822 3174 subprimi

175 3190 592 3263 perniciosum.
613 3190 761 3256 Quid
778 3205 1023 3260 namque
1051 3195 1161 3246 tam
1178 3190 1629 3246 saluberrimum
1648 3194 1823 3261 atque

170 3279 515 3349 utillimum,
555 3294 724 3350 quam
758 3279 967 3334 divinas
1024 3279 1316 3349 largitatis
1374 3279 1604 3349 donum,
1669 3280 1821 3349 quod

170 3369 358 3424 habet
386 3368 669 3438 quispiam
722 3366 1018 3436 singulare
1067 3382 1195 3422 cum
1229 3366 1360 3422 aliis
1419 3367 1824 3438 participando

174 3456 352 3511 faciat
384 3455 528 3511 illud
552 3470 684 3511 esse
706 3469 1009 3511 commune
1035 3474 1046 3509 :
1070 3454 1225 3526 quod
1267 3470 1395 3511 cum
1423 3455 1505 3525 fit,
1557 3454 1652 3510 illa
1708 3455 1826 3509 Sal-

175 3544 408 3600 vatoris
434 3543 644 3613 jussio,
672 3558 781 3614 qua
799 3544 1018 3599 dicitur
1044 3562 1054 3597 :
1079 3543 1244 3608 Quod
1269 3544 1399 3599 dico
1414 3543 1579 3600 vobis
1626 3544 1694 3599 in
1750 3544 1826 3599 te-

169 3634 386 3690 nebris
416 3632 657 3699 (Matth.
687 3648 742 3702 x,
764 3633 854 3703 27)
879 3637 936 3686 et
953 3631 1196 3702 reliqua.
1217 3631 1392 3701 Cujus
1422 3646 1532 3687 non
1542 3632 1829 3702 jussionis

170 3723 297 3779 vim
335 3721 1001 3792 perpendentes,ettoto
1016 3720 1227 3775 mentis
1249 3720 1453 3775 annisu
1481 3720 1636 3774 illam
1669 3734 1825 3775 com-

173 3810 349 3882 plere
382 3808 667 3878 volentes,
688 3808 910 3879 quodin
943 3808 1275 3864 tenebriset
1308 3810 1363 3863 in
1395 3808 1627 3877 aure,id
1659 3808 1822 3864 estin

173 3898 439 3967 occulto,
475 3898 823 3967 audivimus,
859 3898 935 3953 ob
968 3897 1281 3953 multorum
1303 3895 1622 3953 utilitatem’
1644 3898 1696 3951 in
1714 3911 1826 3951 me-

176 3988 343 4043 dium
377 3986 744 4057 proferimus.
781 3987 926 4041 Sane
958 3999 1127 4041 nemo
1168 3988 1428 4041 autumet
1469 3984 1563 4039 hic
1606 3983 1824 4054 aliquid

179 4075 463 4131 falsitatis
480 4088 611 4129 esse
632 4074 1008 4144 permixtum,
1026 4078 1123 4129 aut
1139 4089 1169 4129 a
1192 4073 1442 4128 veritate
1457 4072 1827 4142 aliquatenus

177 4163 386 4218 credat
419 4161 689 4230 alienum,
719 4161 990 4230 quoniam
1008 4161 1162 4215 sicut
1187 4160 1535 4228 audivimus,
1555 4158 1824 4229 vidimus,

178 4251 407 4321 absque
430 4247 713 4303 mendacii
748 4248 879 4307 fuco
913 4246 1067 4303 ﬁdeli
1099 4247 1435 4302 narratione
1484 4235 1829 4317 perstrinxi-

182 4354 333 4395 mus.
370 4339 530 4393 Nunc
561 4337 741 4406 igitur
772 4336 842 4391 ad
874 4336 1267 4391 narrationem
1300 4336 1382 4390 rei
1429 4339 1612 4405 gesta;
1630 4334 1824 4391 stilum

182 4432 505 4482 vertamus.
526 4426 729 4480 Debita
752 4424 1055 4493 religionis
1073 4424 1400 4479 reverentia
1414 4422 1707 4494 paschalia
1731 4437 1829 4478 no-

184 4515 275 4569 bis
308 4519 380 4570 50
408 4514 631 4569 dierum
662 4512 1091 4583 exequentibus
1116 4510 1601 4581 solempnia,cum
1632 4509 1687 4564 in
1721 4509 1827 4566 hoc

1934 644 2175 699 rumque
2208 630 2450 684 fratrum
2480 630 2717 699 junctus
2740 631 3053 701 obsequio;
3091 645 3260 701 quam
3322 632 3567 699 primum

1932 718 2088 787 affui,
2121 723 2179 773 ct
2205 733 2334 772 mox
2368 718 2805 788 expositolecto
2821 720 2953 790 quia
2978 719 3224 791 spiritus
3267 720 3462 776 exitus
3479 720 3566 776 sui

1931 807 2301 878 separatione
2315 806 2768 876 colluctabatur,
2789 808 3472 879 psalmodizelitaniisque
3489 809 3571 864 in-

1930 896 2144 952 sistens
2175 910 2399 951 omnem
2423 895 2631 951 adesse
2656 896 2761 951 feci
2785 898 3316 967 congregationem.
3346 897 3568 964 Quibus

1929 984 2198 1055 expletis,
2236 983 2580 1040 funebribus
2609 983 2817 1039 intenti
2850 986 3117 1056 exequiis
3146 990 3211 1042 ut
3265 1000 3295 1040 a
3320 986 3566 1041 circum-

1929 1070 2246 1140 stantibus,
2309 1070 2442 1140 quia
2474 1070 2742 1141 spiritum
2804 1071 3067 1128 funditus
3114 1072 3410 1128 exalasset
3471 1073 3569 1128 vix

1929 1173 2147 1215 summa
2166 1162 2396 1230 poterat
2413 1158 2715 1228 diligentia
2733 1159 2946 1230 inquiri
2962 1160 3230 1218 dicendo:
3247 1161 3574 1219 Subvenite

1927 1246 2123 1304 sancti
2143 1247 2277 1313 Dei,
2294 1246 2512 1302 exitum
2529 1246 2655 1315 ejus
2675 1253 2735 1303 et
2752 1262 2819 1303 os
2831 1249 3146 1305 emundare
3159 1248 3307 1320 cepi.
3333 1250 3471 1304 Cum
3491 1249 3571 1303 in-

1925 1335 2095 1391 terim
2121 1334 2237 1403 jam
2262 1335 2477 1390 subitis
2504 1334 2573 1369 ²⁹²
2602 1337 2896 1407 turbatus,
2916 1352 3003 1392 me
3021 1338 3255 1409 corpori
3308 1338 3565 1394 defuncti

1927 1423 2203 1494 applicui,
2237 1438 2523 1494 manuque
2538 1438 2660 1480 mea
2675 1425 2801 1495 ejus
2824 1426 2907 1481 ori
2926 1425 3145 1497 pectori
3170 1425 3563 1497 vitalibusque

1929 1512 2311 1568 subtilissima
2343 1511 2713 1582 indagatione
2738 1514 2989 1584 admota,
3024 1515 3294 1589 spiritum
3313 1514 3469 1571 velut
3488 1519 3569 1569 te-

1929 1600 2195 1656 nuissimi
2212 1614 2275 1655 ac
2299 1600 2836 1658 subtilissimiaeris
2854 1602 3049 1659 flatum
3066 1603 3257 1659 inesse
3286 1602 3567 1675 praesensi

1929 1693 1985 1743 et
2012 1688 2252 1745 remissa
2284 1689 2767 1746 commendaticia
2800 1692 3089 1762 oratione,
3122 1691 3393 1763 quidnam
3417 1692 3568 1747 futu-

1932 1792 2055 1832 rum
2088 1778 2516 1849 essetccpimus
2535 1784 2867 1849 expectare.
2894 1781 3034 1836 Cum
3053 1786 3184 1852 post
3209 1781 3365 1836 velut
3395 1782 3567 1837 unius

1848 1895 1902 1954 B
1934 1865 2087 1921 horze
2114 1866 2371 1937 apacium
2409 1866 2755 1923 tenuissimo
2786 1871 2845 1923 et
2875 1869 2971 1923 vix
3022 1869 3284 1925 sensibili
3310 1869 3566 1939 singultu

1933 1954 2153 2026 pariter
2181 1959 2240 2009 et
2271 1953 2528 2011 anhelitu
2555 1969 2764 2028 cepere
2789 1955 3225 2026 labiatremere,
3243 1958 3568 2028 deindeque

1932 2043 2740 2115 inconditumquasisuspiria
2767 2046 3053 2113 gementis
3095 2046 3424 2102 etdolentis
3466 2045 3569 2100 lin-

1929 2147 2038 2202 gua
2057 2136 2456 2189 summotenus
2472 2133 2741 2189 emittere
2766 2135 3044 2205 sonitum,
3077 2135 3439 2205 subindeque
3456 2135 3571 2191 dis-

1930 2225 2179 2290 cretum,
2203 2220 2364 2277 velut
2378 2221 2606 2291 vagitus
2624 2221 2906 2278 infantum
2921 2223 3093 2278 verba
3113 2224 3363 2278 formare
3378 2223 3571 2279 volen-

1932 2313 2073 2365 tum.
2108 2309 2318 2379 Sicque
2349 2315 2439 2365 est
2471 2324 2539 2366 eo
2572 2325 2758 2381 usque
2784 2317 3227 2383 perventum,ut
3251 2315 3472 2368 rectum
3499 2312 3568 2367 ad

1931 2402 2192 2453 nostrum
2218 2399 2489 2454 formarct
2519 2399 2694 2456 verba
2728 2400 3139 2456 auditum.Sed
3173 2401 3572 2471 qumsointen-

1933 2486 2073 2557 dite,
2110 2486 2241 2556 quia
2274 2486 2527 2556 linguam
2558 2490 2960 2543 commovebat
2984 2491 3375 2559 tantum,cum
3400 2490 3456 2544 in
3491 2504 3572 2545 re-

1932 2574 2388 2646 liquiscorporis
2413 2574 2706 2645 membris,
2737 2575 2929 2646 capite
2962 2575 3109 2645 dico,
3130 2576 3318 2632 oculis
3357 2582 3413 2632 et
3456 2592 3574 2632 ma-

1933 2663 2123 2733 nibus,
2149 2663 2312 2718 coxis
2336 2667 2395 2717 et
2429 2662 2672 2733 pedibus
2704 2662 2900 2719 nullus
2931 2665 3161 2719 omnino
3213 2678 3279 2720 ac
3312 2665 3361 2721 si
3415 2664 3571 2734 ligno
3619 2690 3633 2694 Α

1932 2750 2069 2807 vitze
2101 2750 2601 2821 incssetspiritus,
2629 2750 2781 2820 quod
2802 2765 3062 2821 prmsens
3102 2752 3346 2808 fratrum
3362 2756 3416 2807 et
3465 2754 3573 2809 fre-

1935 2852 2119 2909 quens
2152 2838 2555 2893 indubitanter
2576 2839 2907 2894 testabatur
2959 2842 3235 2896 attactus.
3301 2836 3411 2895 Sed
3450 2840 3571 2898 visa

1936 2926 2077 2982 inibi
2109 2931 2167 2981 et
2191 2925 2530 2995 colloquuta
2557 2930 2760 2981 nostro
2781 2925 3003 2983 auditui
3027 2929 3205 2982 verba
3240 2927 3569 2996 solalingua

1936 3014 2242 3082 formabat;
2278 3029 2405 3084 quae
2441 3015 2492 3069 in
2526 3028 2587 3069 se
2634 3014 2995 3086 postmodum
3022 3030 3297 3072 reversus
3336 3031 3364 3070 a
3415 3015 3574 3072 nullo

1937 3104 2047 3159 sub
2079 3102 2206 3158 celo
2238 3102 2531 3158 hominum
2564 3101 2697 3158 sciri
2730 3103 2992 3175 putabat.
3031 3103 3131 3159 Cui
3182 3105 3575 3160 assistcusno-

1936 3191 2447 3261 tariusimpressis
2462 3191 2661 3246 eadem
2687 3190 3212 3261 signabatlitteris,
3233 3198 3431 3262 quaeet
3449 3193 3574 3263 ipse
3613 3193 3619 3199 '

1934 3293 2219 3350 corporeo
2247 3278 2613 3350 postmodum
2639 3293 2782 3334 usus
2797 3279 3112 3350 colloquio,
3137 3294 3250 3333 non
3267 3279 3376 3334 alia
3402 3285 3576 3349 atque

1937 3365 2046 3421 alia
2081 3365 2413 3421 testabatur
2436 3379 2465 3419 a
2501 3378 2564 3420 se
2595 3365 2789 3421 visaet
2812 3365 3152 3436 colloquuta
3181 3381 3311 3423 esse
3338 3367 3390 3421 in
3409 3367 3569 3422 caelo.

1936 3453 2114 3520 Quem
2133 3466 2262 3507 eum
2279 3451 2332 3506 in
2351 3453 2851 3522 subsequentibus
2866 3453 3050 3510 lector
3063 3453 3419 3523 audieris,nc
3436 3453 3575 3523 quid

1934 3556 2136 3598 eorum
2166 3541 2378 3610 ambigi
2412 3556 2583 3612 posse
2603 3542 2945 3613 credideris,
2964 3542 3366 3598 vehementius
3392 3556 3577 3597 emor-

1937 3634 2099 3685 tuum
2132 3643 2348 3700 corpus
2381 3629 2623 3685 humana
2661 3630 2909 3686 formare
2942 3644 3113 3701 posse
3142 3631 3320 3685 verba
3339 3630 3578 3701 mirabe-

1935 3717 2039 3786 ris,
2067 3731 2235 3786 quam
2269 3716 2315 3772 si
2344 3720 2398 3771 et
2431 3715 2737 3786 utriusque
2762 3716 3098 3772 testamenti
3129 3716 3431 3772 verissima
3491 3730 3577 3772 as-

1936 3805 2116 3861 sertio
2134 3805 2293 3861 credi
2327 3802 2648 3874 compellit,
2675 3805 2745 3860 ab
2777 3819 2845 3860 eo
2904 3811 2965 3862 ut
2991 3806 3171 3861 refert
3216 3805 3404 3861 visum
3442 3820 3576 3861 esse

1936 3906 2049 3948 non
2081 3892 2462 3949 dubitaveris.
2499 3892 2833 3962 Egredienti
2859 3908 2888 3949 a
2921 3908 3168 3965 corpore
3187 3893 3388 3950 anima)
3421 3893 3579 3948 mali-

1935 3995 2179 4050 gnorum
2215 3981 2526 4051 Spirituum
2558 3983 2684 4037 tres
2716 3980 2839 4052 ipsa
2872 3997 2973 4038 sua
2996 3981 3223 4038 Visione
3278 3982 3576 4038 terribiles

1938 4068 2247 4124 astiterunt
2284 4086 2297 4135 ;
2323 4068 2414 4123 cui
2441 4067 2603 4137 quasi
2618 4068 3161 4140 borriflcoimpulsu
3205 4069 3573 4140 insultantes,

1938 4156 2212 4211 dicebant
2240 4169 2303 4211 se
2333 4154 2640 4211 habituros
2670 4156 2820 4212 hunc
2849 4156 3152 4213 tormentis
3192 4157 3575 4213 infernalibus

1936 4242 2334 4311 cruciandum,
2361 4255 2595 4311 suarum
2630 4242 2714 4297 illi
2763 4244 3202 4299 attestationem
3254 4244 3575 4300 inferentes

1939 4331 2237 4403 culparum
2259 4329 2584 4386 :cultellum
2603 4330 2830 4385 scilicet
2847 4331 3146 4400 cujusdam
3174 4332 3374 4389 fratris
3393 4334 3576 4389 nostri

1942 4419 2244 4492 parvulum
2277 4432 2443 4489 quem
2460 4416 2751 4474 oblivione
2766 4424 2825 4473 et
2846 4418 3202 4488 negligentia
3218 4419 3432 4476 dudum
3452 4437 3579 4492 per-

1940 4504 2700 4577 diderat,cujusquamlibet
2720 4505 2952 4561 minima
3003 4507 3455 4579 videaturculpa
3474 4523 3579 4564 nec

184 4602 433 4657 cenobio
462 4601 614 4672 quod
649 4604 743 4656 est
794 4598 1263 4655 Atrebatensium
1315 4598 1492 4655 situm
1543 4598 1599 4653 in
1659 4599 1824 4668 urbe,
1858 4592 1911 4651 D
1941 4596 2127 4669 priori
2159 4596 2421 4651 confessa
2452 4608 2555 4650 nec
2612 4594 2778 4650 venia
2833 4595 3020 4650 fuerat
3054 4593 3345 4651 absoluta.
3403 4596 3578 4652 Affuit

185 4690 601 4761 pretiosissimi
633 4688 989 4745 confessoris
1004 4687 1219 4743 Christi
1242 4687 1478 4743 Vedasti
1493 4685 1657 4742 cultu
1674 4686 1821 4742 dica-

186 4784 310 4835 tum
346 4778 684 4848 honorifico,
718 4778 812 4833 cui
869 4778 995 4848 ipse
1044 4777 1397 4832 monachiczc
1453 4774 1830 4833 continentiae

188 4867 568 4923 instituendis
601 4865 930 4937 disciplinis
950 4867 1066 4921 Deo
1098 4869 1339 4920 auctore
1377 4863 1667 4933 deservio,
1725 4863 1832 4917 hee

192 4956 477 5012 divinitus
502 4954 716 5009 accidit
743 4953 914 5009 visio.
943 4953 1185 5020 Quidam
1206 4954 1450 5008 fratrum
1495 4956 1830 5007 nostrorum

193 5044 496 5100 debilitate
513 5042 780 5113 corporis
794 5047 1150 5113 praeventus,
1182 5041 1338 5097 lecto
1352 5044 1444 5095 est
1461 5038 1830 5109 aegritudinis

194 5135 534 5202 occupatus.
560 5131 769 5200 Sicque
783 5130 1013 5186 duobus
1028 5129 1348 5185 transactis
1375 5128 1603 5195 diebus,
1622 5127 1676 5181 in
1700 5127 1831 5198 ipso

196 5219 363 5274 tercii
378 5218 490 5273 diei
517 5218 708 5275 noctis
726 5222 1066 5289 perventum
1081 5220 1171 5273 est
1188 5215 1458 5286 articulo,
1475 5230 1604 5272 cum
1628 5214 1831 5271 dolore

197 5306 506 5362 anxietatis
526 5320 647 5361 suae
679 5306 853 5360 nimio
879 5305 987 5360 hoc
1036 5304 1198 5361 visus
1226 5310 1318 5360 est
1374 5303 1527 5373 exigi
1572 5302 1832 5360 funditus

198 5394 445 5463 migrare
478 5394 548 5449 de
568 5392 785 5451 seculo.
813 5392 975 5458 Quod
1003 5392 1214 5448 fratres
1256 5391 1461 5461 vigiles
1481 5391 1622 5446 inibi
1655 5391 1832 5463 depu-

1942 4684 2115 4740 etiam
2149 4683 2310 4755 pacis
2336 4680 2807 4739 etlucisMichael
2835 4681 3100 4751 angelus,
3151 4682 3384 4739 hostilis
3425 4684 3583 4738 inva-

1943 4772 2125 4829 sionis
2153 4776 2317 4828 tutor
2339 4770 2765 4827 serenissimus.
2783 4770 3005 4839 Quibus
3026 4769 3319 4840 utrimque
3333 4785 3583 4827 conven-

1942 4859 2041 4929 tis,
2076 4860 2130 4913 in
2163 4857 2849 4914 momentoinfernalibus
2876 4857 3122 4913 astitere
3153 4856 3449 4916 claustris.
3476 4860 3580 4916 Ubi

1944 4947 2094 5016 ignis
2127 4946 2410 5001 maximus
2457 4947 2844 5016 quantitatem
2879 4947 3301 5016 magnitudinis
3350 4948 3582 5003 omnino

1942 5034 2252 5104 excedens,
2288 5033 2431 5091 locis
2455 5033 2572 5090 illis
2588 5034 2921 5091 cruciandis
2939 5036 3242 5092 animabus
3266 5039 3391 5091 erat
3408 5035 3584 5105 depu-

1946 5129 2123 5194 tatus,
2158 5124 2355 5194 nigras
2387 5124 2532 5179 adeo
2553 5128 2609 5178 et
2646 5124 3191 5181 fetentesemittens
3234 5122 3584 5192 ﬂammas,in

1945 5226 2058 5284 quo
2085 5211 2573 5269 traditorDomini
2590 5211 2769 5267 Iudas
2792 5217 2995 5268 eatena
3037 5208 3294 5282 undique
3314 5211 3580 5281 strictus,

1943 5302 2262 5372 majoribus
2292 5301 2346 5355 in
2377 5300 3005 5373 diejudiciitormentis
3037 5299 3587 5355 servaturcrucian-

1944 5389 2070 5449 dus.
2106 5389 2330 5455 Quibus
2358 5387 2544 5443 anima
2579 5403 2642 5443 se
2683 5387 3022 5460 deputatam
3081 5400 3344 5458 sperans,
3403 5387 3584 5443 nimio

1547 5514 1782 5572 VARUE
1822 5512 2219 5570 LECTIONES.

194 5633 308 5676 nos
324 5622 515 5692 pauci
538 5620 683 5692 fere
720 5618 1117 5692 evanescant,th
1151 5618 1957 5692 Singulg‘eqnitimtjnter
1986 5621 2055 5692 97
2079 5616 2145 5692 δέ
2164 5621 2233 5692 Ίέξ
2266 5616 2475 5673 lineas.
2495 5615 2621 5692 [ta
2679 5614 2738 5670 ν.
2777 5613 2872 5692 QZ.
2891 5614 3431 5692 _U12L_1_0H.$_',_cai
3455 5630 3567 5686 apo

193 5683 800 5761 graﬁlmmfolz‘ormn
826 5693 992 5746 81-83
1019 5683 1308 5745 debemus.
1384 5688 1680 5759 “fuitne
1704 5688 1917 5745 subtus
1934 5688 1959 5740 ἲ
1993 5689 2057 5743 U.
2089 5685 2367 5767 Fortasse
2393 5685 2650 5742 motibus
2678 5684 2789 5741 aut
2817 5683 2937 5740 tale
2958 5684 3112 5753 quid
3136 5684 3383 5742 excidit.
3488 5683 3517 5719 ⁷-
