3922 6464
347 414 467 479 228
1307 404 1674 469 HUGONIS
1714 405 2068 469 ABBATIS
2112 399 2791 466 FLAVINIACENSIS
3646 392 3789 453 224

355 546 659 620 praesentis
688 542 893 600 mortis
925 543 1352 597 tormentorum
1366 539 1597 593 terrore
1646 532 1992 601 constricta,
2028 532 2082 592 A
2114 545 2376 587 seorsum
2403 529 2520 598 jam
2553 528 2804 584 cessisse
2826 528 3067 585 liberam
3094 546 3109 595 ;
3140 527 3349 583 laieum
3385 539 3641 596 quoque,
3668 540 3791 580 cn-

356 612 621 690 misereri
656 628 765 686 sibi
789 628 969 684 Deum
998 627 1349 694 sanctosque
1373 619 1999 693 apostolosPetrumet
2108 619 2338 691 jusdam
2358 617 2556 677 fratris
2590 617 2779 676 nostri
2813 618 2908 690 qui
2943 617 3081 675 inibi
3109 616 3377 673 adstabat
3427 612 3790 687 patrem,dc

360 718 625 789 Paulum,
656 716 972 774 Iohannem
1028 725 1262 784 quoque
1293 710 1679 781 haptistamet
1723 721 1992 778 magnum

352 808 748 865 confessorem
780 802 994 860 Christi
1024 801 1117 858 cui
1151 798 1852 857 deserviebatVedastum
1895 797 2005 852 fre-

355 893 555 966 quenti
584 895 643 947 et
670 888 906 960 lugubri
926 902 1067 945 voce
1097 888 1351 943 iterabat
1386 885 1509 941 Illis
1546 882 2003 941 vcromferenti-

357 984 463 1038 bus
486 993 683 1036 veram
704 977 886 1050 priori
906 976 997 1033 sui
1016 974 1321 1031 distulisse
1335 972 1779 1042 confessionem,
1796 975 1852 1027 ut
1870 986 2002 1027 eum

355 1069 739 1140 dampnarent
773 1061 1455 1121 testificabant.Tandem
1515 1060 1888 1117 miseratione
1902 1058 2001 1114 Dei

358 1160 654 1229 praeventa
685 1159 745 1210 et
776 1151 1040 1223 angelica
1061 1150 1402 1208 confinitate
1431 1148 1669 1219 confisa,
1694 1146 2003 1220 spiritibus

357 1246 626 1303 discussa
650 1242 983 1313 immundis,
1020 1239 1125 1298 soli
1158 1237 1367 1295 abinde
1398 1236 1782 1309 amplioribus
1798 1248 2003 1307 proce-

356 1330 501 1386 dunt
534 1324 995 1401 perscrutandis,
1029 1327 1085 1380 et
1120 1337 1258 1379 ecce
1290 1322 1490 1379 subito
1544 1321 1799 1377 discreto
1829 1318 2001 1376 alteri

356 1416 559 1487 generi
592 1419 1019 1471 tormentorum
1053 1411 1383 1468 consistunt
1416 1410 1473 1465 in
1514 1408 1666 1478 loco,
1718 1407 1817 1464 ubi
1875 1413 2004 1464 erat

358 1505 552 1561 hiatus
587 1502 880 1558 inferioris
910 1499 1144 1571 inferni,
1177 1499 1233 1554 in
1266 1498 1497 1555 modum
1534 1496 1695 1568 putei
1754 1494 1888 1552 latas
1943 1501 2003 1552 et

360 1591 829 1666 profundissimae
859 1587 1296 1658 immensitatis,
1332 1587 1428 1657 qui
1455 1584 1618 1643 velut
1651 1585 1839 1641 nubes
1880 1582 2003 1654 glo-

360 1685 659 1737 merantur
683 1680 738 1735 in
764 1678 1071 1747 imbribus,
1099 1676 1397 1733 fumiferas
1415 1672 2001 1731 eructuantecamino

362 1766 991 1825 removebatﬂammas.
1021 1765 1206 1834 Super
1228 1763 1379 1818 hunc
1402 1759 1565 1817 velut
1595 1774 1739 1831 rupe
1770 1759 1826 1813 in
1859 1772 2003 1830 pra)-

2112 723 2245 779 quo,
2282 706 2417 778 quia
2449 706 2627 764 vitam
2652 706 2936 776 novimus,
2962 705 3192 761 minime
3218 703 3576 771 dubitamus,
3620 702 3789 759 mul-

2112 804 2322 868 tesque
2352 796 2500 853 alios
2533 811 2680 867 quos
2709 795 2983 852 memoria
3027 798 3216 864 notos,
3262 792 3361 850 sed
3421 791 3789 848 multimoda

2113 899 2373 958 praesens
2424 884 2574 941 ratio
2608 884 2745 940 fecit
2784 897 2932 956 esse
2974 883 3223 953 ignotos.
3281 880 3503 938 Abhinc
3562 879 3777 937 lector

2112 988 2296 1044 queso
2327 972 2641 1041 diligenter
2674 971 2933 1041 intende,
2969 970 3103 1042 quia
3137 974 3362 1026 mox/ut
3396 968 3538 1025 exiit
3562 969 3635 1024 ab
3664 967 3787 1023 im-

2114 1061 2346 1118 mundis
2379 1060 2708 1132 spiritibus,
2741 1065 2798 1116 et
2824 1060 2967 1116 visis
2991 1063 3415 1115 tormentorum
3476 1056 3787 1129 periculis

2113 1152 2219 1207 hec
2241 1151 2428 1206 anima
2461 1154 2553 1206 est
2584 1148 2853 1219 liberata,
2875 1149 3255 1220 ductorisque
3279 1147 3368 1205 sui
3385 1147 3779 1204 serenissimi

2114 1242 2280 1295 utest
2299 1237 2696 1294 familiaritate
2710 1252 2881 1309 quam
2900 1236 3155 1294 dulciter
3172 1235 3781 1306 recreata,quomodo

2114 1326 2437 1397 majoribus
2467 1326 2972 1398 amplioribusque
3003 1331 3174 1383 aucta
3198 1328 3258 1381 et
3282 1327 3517 1382 Incensa
3536 1322 3783 1379 deside-

2116 1415 2217 1471 riis
2246 1414 2579 1485 inquirendi
2602 1419 2659 1471 et
2694 1414 3103 1486 perscrutandi
3127 1413 3319 1486 aliqua
3356 1428 3483 1484 qua;
3525 1412 3779 1468 commi-

2114 1503 2263 1559 nisci
2296 1504 2369 1558 ab
2402 1517 2470 1559 ea
2494 1506 2784 1575 poterant,
2811 1508 2872 1560 et
2890 1503 3181 1574 quomodo
3201 1506 3327 1574 ipsa
3354 1516 3456 1557 sua
3482 1501 3781 1573 importu-

2114 1591 2298 1647 nitate
2331 1606 2501 1663 quam
2537 1592 2842 1663 sepissime
2866 1591 3142 1648 dicendo:
3193 1592 3238 1650 0
3287 1590 3518 1647 domine
3553 1589 3781 1647 sancte

2113 1678 2400 1749 Michael,
2415 1681 2735 1752 piepater,
2778 1680 2878 1736 die
2908 1679 3103 1737 mihit
3133 1690 3368 1750 semper
3416 1676 3777 1745 extorserit,

2115 1782 2244 1838 quae
2276 1767 2330 1823 in
2355 1767 2640 1839 reliquum
2662 1767 2886 1839 scripta
2917 1767 3121 1824 audire
3170 1766 3397 1838 poteris
3430 1784 3445 1833 ;
3506 1770 3565 1821 et
3629 1765 3779 1835 quia

354 1856 560 1928 οίβίῐίο
589 1854 938 1923 con-“num,
965 1850 1065 1908 ί¹¹θ
1099 1864 1239 1942 νοῗο
1260 1862 1434 1942 vers?
1487 1848 1652 1942 vim“
1686 1847 1750 1942 ill
1793 1846 1999 1942 διξθΐεξ,
2033 1882 2086 1942 Β
2117 1854 2368 1925 singulis
2399 1854 2590 1926 angeli
2624 1856 3110 1927 responsionibus
3134 1854 3300 1911 anxia
3333 1852 3523 1911 hocm
3546 1853 3780 1909 iterum

357 1950 520 2016 rogat
557 1949 616 2001 ut
651 1940 1043 2012 introspiciat.
1083 1938 1260 2008 Cujus
1290 1937 1467 1993 nimio
1499 1936 1705 1991 timore
1731 1934 2005 2005 jussioni-

357 2035 464 2091 bus
496 2046 710 2105 parens
743 2027 1116 2099 introspexit,
1149 2030 1207 2081 et
1238 2024 1379 2081 inibi
1403 2023 1668 2094 torqueri
1696 2022 2002 2079 Albertum

352 2117 804 2176 Namueensium
834 2113 1140 2171 comitatui
1175 2111 1518 2184 praefectum
1571 2110 1709 2181 (9l),
1733 2123 1901 2181 quem
1934 2122 2005 2165 ex

355 2207 578 2265 nostris
607 2203 774 2261 multi
807 2199 1479 2271 noverunt,recognovit.
1517 2198 1656 2263 Quae
1705 2212 1835 2254 cum
1884 2197 2004 2254 illic

357 2294 611 2368 propriae
635 2288 985 2364 perditionis
1001 2287 1238 2344 nimium
1262 2286 1438 2343 dubia
1461 2288 1739 2342 tremeret
1770 2284 2004 2342 sublata

356 2384 430 2439 ab
458 2381 686 2452 angelo,
716 2380 1005 2435 venerunt
1028 2390 1138 2432 non
1170 2373 1346 2445 longo
1380 2374 1526 2430 adeo
1558 2373 1882 2430 interstitio
1930 2374 2003 2431 ad

359 2484 567 2543 aquam
595 2468 746 2526 sicut
780 2481 854 2523 ex
884 2464 1078 2522 nimiis
1104 2468 1161 2521 et
1187 2462 1508 2519 fetentibus
1552 2462 1777 2534 pruinis
1804 2460 2001 2532 colligi

358 2562 587 2632 poterat
622 2556 909 2627 frigidam,
959 2553 1115 2610 circa
1170 2565 1342 2623 quam
1361 2550 2000 2622 velutmediicorporis

359 2645 754 2719 profunditate
786 2642 1045 2700 immersi
1079 2640 1325 2698 maxima
1354 2639 1656 2696 residebat
1678 2637 1999 2695 multitudo

358 2733 676 2804 hominum,
711 2732 850 2789 licet
882 2728 1308 2802 aliquantulum
1328 2728 1482 2798 boni,
1544 2732 1736 2783 tamen
1760 2727 1894 2797 quia
1928 2726 2000 2782 de

358 2821 557 2879 seculo
586 2821 859 2878 exierunt
878 2818 1111 2891 impuri,
1148 2830 1330 2889 usque
1345 2816 1401 2871 in
1417 2816 1675 2872 futurum
1695 2814 2000 2885 judicium,

360 2910 663 2983 penalibus
694 2909 865 2966 undis
899 2907 1133 2978 frigoris
1154 2910 1212 2961 et
1246 2904 1451 2961 fetoris
1486 2902 1815 2960 venialibus
1866 2907 2001 2959 sunt

358 2997 617 3055 diluendi
643 2997 926 3071 peccatis.
961 2994 1179 3052 Deinde
1207 2995 1494 3051 venerunt
1528 2991 1600 3048 ad
1649 2991 1841 3061 aliam,
1872 3005 2002 3061 qua:

360 3085 722 3144 ferventibus
749 3084 920 3143 undis
950 3088 1009 3140 et
1058 3080 1482 3139 ebullientibus
1549 3078 2004 3136 innumerabiles

358 3175 485 3232 visu
518 3173 788 3230 volvebat
823 3170 1145 3243 lugentium
1174 3169 1480 3241 strepitus.
1537 3167 1794 3234 Quorum
1817 3169 2005 3223 torto-

359 3277 474 3334 res,
509 3276 812 3333 equorum,
836 3274 1044 3317 canum
1071 3258 1447 3328 omniumque
1488 3256 1610 3312 fere
1672 3254 2003 3327 repentium

358 3349 794 3408 similitudinem
809 3346 1489 3421 praeferentes,quoniam
1505 3343 1797 3413 gravioris
1816 3342 2003 3414 culpas

361 3439 614 3508 fuerunt,
650 3436 967 3506 homicidii,
996 3431 1733 3502 fornicationis,adulterii,
1769 3430 2006 3487 sacrile-

356 3526 456 3598 gii,
472 3540 674 3582 eorum
690 3523 1009 3581 miserabili
1024 3519 1649 3591 interitu,impudendo
1670 3518 2003 3589 gaudebant

359 3614 524 3671 vocis
553 3618 611 3668 et
645 3611 916 3683 corporis
944 3615 1137 3680 gestu.
1170 3610 1270 3665 His
1302 3606 1566 3677 angelico
1617 3606 1796 3662 ductu
1818 3608 2007 3661 trans-

358 3701 567 3772 cursis,
604 3700 873 3756 exierunt
908 3698 963 3753 in
997 3695 1376 3769 pulcherrimi
1403 3695 1552 3766 prati
1591 3694 1796 3751 florum
1819 3693 2008 3749 diver-

361 3789 538 3846 sitate
575 3787 1183 3856 vernantistantzeque
1226 3781 1644 3852 magnitudinis
1677 3780 2003 3853 planiciem,

363 3881 422 3934 ut
457 3876 505 3932 si
538 3872 937 3945 aequatoomni
962 3873 1091 3928 orbi
1111 3877 1399 3928 terrarum
1439 3870 1545 3926 sub
1574 3867 2009 3926 uniushominis

361 3964 491 4022 visu
524 3961 723 4032 colligi
758 3964 982 4034 posset,
1015 3960 1151 4016 huic
1183 3959 1511 4031 comparari
1544 3972 1655 4014 non
1672 3962 1891 4030 posset.
1908 3958 2008 4013 Lo-

362 4067 469 4109 cus
502 4051 594 4107 bis
626 4050 874 4121 quadam
900 4049 990 4106 sui
1022 4053 1190 4119 parte
1228 4047 1556 4117 refrigeria,
1584 4046 1831 4117 quadam
1869 4060 2008 4102 vero

365 4124 619 4197 diversis
635 4140 1060 4194 tormentorum
1092 4136 1521 4193 etﬂammarum
1544 4135 1776 4205 ignibus
1807 4133 2009 4190 distin-

363 4233 495 4284 ctus
526 4229 691 4294 erat;
724 4226 804 4281 ita
835 4224 1009 4296 utqui
1043 4224 1362 4281 levioribus
1386 4224 1595 4297 pressi,
1615 4222 1775 4280 velut
1805 4237 2009 4279 aurum

362 4316 494 4386 igne
526 4314 780 4387 purgati,
818 4326 1085 4370 seorsum
1110 4310 1884 4381 secedantrefrigerandi.ln
1899 4311 2009 4367 hoc

364 4402 651 4472 refrigerii
680 4401 813 4458 loco
859 4401 1179 4458 Notkerum
1240 4401 1351 4471 (92)
1406 4398 1745 4469 recognovit
1782 4398 2008 4470 episco-

362 4505 518 4563 pum.
554 4490 613 4547 In
648 4489 961 4546 tormentis
992 4486 1905 4559 veroaliuminterceptonomine
1921 4500 2009 4543 re-

2118 1943 2453 2013 iterumque
2485 1942 2605 2000 suis
2625 1944 2871 2001 vexabat
2897 1942 3394 2013 inquisitionibus,
3413 1940 3726 1998 clamando
3761 1958 3776 1995 :

2119 2033 2163 2088 0
2177 2031 2621 2089 dominesancte
2634 2031 2914 2099 Michael,
2934 2031 3030 2088 dic
3040 2029 3195 2087 mihi
3208 2029 3407 2086 adhuc
3427 2033 3439 2086 !
3455 2029 3563 2085 sub
3583 2029 3638 2083 in
3650 2032 3779 2083 ter-

2115 2119 2417 2189 rogatione
2449 2119 2653 2175 animae
2685 2124 2741 2174 et
2777 2119 2965 2187 angeli
3009 2118 3389 2190 responsione
3439 2132 3567 2173 eum
3605 2116 3780 2171 omni

2116 2206 2383 2277 diligenti
2407 2206 2693 2263 assidenti
2719 2208 2859 2263 inibi
2886 2213 2949 2263 ut
2982 2222 3157 2278 supra
3195 2206 3447 2262 diximus
3504 2204 3772 2274 notario,

2115 2294 2270 2366 quod
2302 2299 2489 2351 restat
2521 2296 2856 2352 curabimus
2889 2295 3298 2363 scribere,non
3330 2294 3618 2366 permixta
3657 2306 3779 2349 nec

2115 2386 2335 2449 mutata
2361 2398 2391 2438 a
2430 2383 2600 2439 nobis
2632 2382 2947 2453 latinitate,
2969 2399 3072 2439 nec
3095 2384 3293 2452 verbo,
3311 2382 3413 2439 sed
3428 2382 3783 2452 omniaquae

2113 2471 2229 2543 ipsi
2263 2470 2602 2528 alternatim
2635 2471 3124 2539 sermocinaliant,
3179 2471 3379 2526 eadem
3438 2471 3544 2526 hec
3594 2469 3786 2524 nobis

2114 2559 2170 2615 in
2207 2565 2360 2616 terra
2396 2559 2608 2631 positis
2640 2559 3011 2631 perlinguam
3031 2558 3282 2614 emortui
3322 2557 3782 2629 corporisreso—

2113 2647 2289 2704 nabat
2303 2647 2557 2718 Spiritus
2572 2653 2813 2704 sanctus
2842 2688 2854 2701 .
2890 2650 3096 2703 etcum
3125 2645 3467 2717 impressum
3496 2658 3784 2715 quarum-

2111 2733 2255 2790 libet
2287 2733 2619 2791 litterarum
2654 2734 2948 2790 inveneris
2979 2734 3229 2804 signum,
3276 2732 3481 2789 animae
3524 2733 3784 2790 interro-

2110 2822 2306 2893 gantis
2331 2822 2386 2878 in
2420 2826 2477 2879 te
2498 2823 2757 2878 transfer
2779 2822 3070 2891 eﬂ‘eetum,
3089 2825 3154 2877 ut
3180 2820 3506 2889 angelicum
3533 2818 3779 2877 facilius

2112 2910 2309 2982 possis
2336 2910 2665 2981 intelligere
2694 2925 3040 2982 responsum
3067 2929 3079 2963 :
3108 2908 3330 2964 Anima.
3367 2908 3625 2967 Osancte
3642 2907 3775 2965 Mi-

2090 2998 2301 3068 chael,
2320 2999 2555 3056 dimitte
2568 3000 2764 3055 meire
2775 2998 2857 3054 ad
2852 2998 3099 3070 fratres
3126 3009 3301 3066 meos,
3327 2997 3387 3053 et
3413 2996 3608 3053 dicam
3628 2995 3778 3052 illis

2111 3087 2330 3144 omnia.
2349 3086 2623 3157 Angelus.
2645 3087 2777 3144 Non
2791 3086 3097 3143 dimittam
3116 3088 3187 3155 te,
3218 3086 3350 3142 veni
3379 3097 3625 3156 sequere
3645 3096 3769 3140 me.

2124 3173 2284 3230 Vide.
2320 3174 2542 3229 Anima.
2580 3175 2625 3230 0
2653 3173 2906 3243 domine,
2968 3187 3151 3244 quam
3192 3171 3485 3244 pulchras
3504 3172 3775 3230 mansio-

2035 3236 2085 3298 C
2112 3276 2215 3320 nes
2242 3276 2269 3331 ;
2287 3262 2386 3320 dic
2419 3261 2592 3332 mihi,
2617 3262 2758 3333 quis
2785 3236 2955 3318 debet
2968 3236 3043 3319 in
3056 3236 3465 3318 eashabitare.
3505 3261 3549 3316 0
3576 3273 3769 3331 quam

2101 3349 2426 3421 pulchram
2452 3351 2837 3407 mansionem.
2875 3350 2920 3405 0
2948 3346 3535 3406 sancteMichaeldic
3579 3346 3760 3404 mihi.

2117 3437 2950 3508 Angelus.Anima,nonpotes
2976 3438 3148 3495 scire.
3166 3437 3297 3493 Ista
3334 3437 3481 3493 bona
3505 3436 3606 3492 est.
3627 3435 3767 3490 Ani-

2118 3541 2226 3584 ma.
2265 3524 3594 3596 OdmninesancteMichael,dicmihiquceest
3635 3524 3766 3580 ista

2132 3615 2331 3672 altera
2343 3617 2595 3673 mansio.
2630 3616 2745 3672 Dic
2780 3614 2936 3672 mihi
2947 3616 3089 3685 quis
3102 3613 3310 3670 debeat
3327 3613 3427 3670 hic
3460 3610 3758 3670 habitare.

2119 3702 2395 3773 Angelus.
2415 3703 2770 3761 Fredericus
2785 3704 2918 3773 (93).
2962 3702 3183 3758 Anima.
3203 3702 3488 3758 Odomine
3501 3714 3765 3773 parcum

2114 3790 2513 3862 refrigerium
2529 3790 2588 3847 et
2596 3791 2659 3847 in
2673 3792 2794 3849 ista
2804 3791 3129 3848 mansione.
3140 3788 3411 3859 Angelus.
3430 3789 3764 3847 Adhucnon

2119 3879 2458 3936 esti-cetum.
2471 3878 2689 3934 Anima.
2710 3878 2885 3935 Video
2898 3878 3131 3935 domine
3139 3876 3399 3948 pulchra
3411 3877 3758 3946 estmansio,

2117 3968 2173 4024 si
2174 3966 2449 4038 perfecta
2466 3967 2700 4028 fuisset.
2723 3968 2766 4025 0
2779 3966 3028 4024 domnus
3039 3965 3244 4035 abbas,
3287 3965 3481 4023 multa
3517 3964 3763 4022 mirabi-

2118 4053 2208 4111 lia
2224 4054 2896 4126 ostenditDominusper
2908 4052 3131 4124 teJIag
3139 4067 3250 4111 nus
3261 4052 3763 4125 Fredericusjor-

2121 4142 2272 4201 tiset
2317 4142 2667 4201 laudabilis.
2697 4143 3120 4200 Odominenon
3137 4141 3479 4214 permittas,
3537 4154 3629 4197 me
3664 4141 3763 4199 hic

2116 4231 2299 4301 stare,
2317 4230 2760 4290 dimittemeire
2781 4230 3291 4302 adﬂatresmeos,
3326 4230 3592 4287 etdieam
3624 4229 3756 4287 illis

2120 4320 2325 4376 omnia
2352 4317 3362 4391 qmcumqueoidiAngelusNon.
3390 4319 3523 4377 Non
3559 4318 3651 4375 est
3697 4319 3761 4375 in

2117 4407 2564 4479 meapotestate,
2582 4408 2688 4466 sed
2702 4407 3145 4466 inSalcatoris.
3174 4407 3393 4463 Anima.
3429 4408 3473 4463 0
3509 4406 3759 4477 domine,

2119 4509 2305 4567 quam
2334 4496 2513 4568 longa
2531 4498 2634 4554 eia
2655 4495 2861 4554 estubi
2872 4495 3303 4568 estparadisus
3322 4497 3345 4551 ’ἔ
3365 4494 3638 4565 Angelus.
3651 4496 3762 4552 Ea-

360 4578 634 4651 eognovit
663 4578 1026 4650 episcopum,
1060 4574 1374 4647 quiacollo
1408 4577 1613 4632 catena
1672 4574 1889 4645 ligatus
1950 4575 2007 4631 in
2037 4580 2091 4640 D
2118 4584 2889 4656 ῃιαε,εθφαεγεῃιε,Αηίωθ,
2934 4585 3249 4656 gregum-te,
3294 4583 3598 4652 οιίοφηίηε,
3669 4583 3762 4639 τιθη-

363 4667 564 4738 dorso,
595 4665 851 4737 linguam
884 4680 996 4737 qua
1018 4664 1234 4737 populo
1254 4661 1577 4737 praedicare
1589 4663 1811 4734 debuit,
1840 4663 2010 4720 forci-

365 4755 536 4828 pibus
565 4755 750 4824 igneis
782 4757 1041 4810 tortores
1071 4754 1201 4823 ejus
1222 4752 2004 4808 nitebanturextrahere.....

362 4844 538 4900 draco
569 4855 693 4913 ore,
727 4841 970 4897 naribus
1002 4841 1363 4911 auribusque
1396 4839 1656 4895 flammas
1693 4839 1751 4894 in
1802 4839 2007 4896 faciem

365 4929 702 4987 mortiferas
921 4926 1287 4997 presbiteros
1314 4926 1620 4983 Eucarium
1651 4930 1711 4982 et
1740 4925 2011 4983 Rainbol-

364 5018 522 5090 dum,
541 5017 782 5073 fratrem
800 5015 979 5071 etiam
997 5028 1165 5071 suum
1185 5013 1490 5099 puerulum
1507 5015 1736 5072 nomine
1749 5017 2007 5086 Petrum,

363 5128 625 5173 sororem
638 5128 713 5170 ex
723 5110 773 5182 ej
785 5126 853 5168 us
865 5111 1143 5182 conspexi
1154 5108 1256 5166 tm
1269 5108 1435 5167 aduri
1454 5110 1641 5170 latere
1662 5129 1677 5180 ;
1722 5124 2012 5168 sororem-

2118 4672 2440 4744 mihiquid
2450 4671 2842 4742 est.Angelus.
2866 4673 3032 4729 Unus
3059 4671 3390 4743 paradisus
3418 4670 3522 4728 est.
3544 4671 3755 4726 Anima.

2124 4760 2926 4832 0Adam,quareoredidisti
2965 4761 3147 4818 umori
3160 4761 3308 4817 tua?
3340 4761 3385 4817 0
3409 4760 3543 4818 an
3578 4773 3761 4831 quare

2121 4849 2607 4921 decipistioirum
2620 4849 2811 4905 tuum?
2829 4851 2874 4905 0
2906 4862 3005 4905 ma
3013 4848 3313 4919 ligneserf
3321 4861 3422 4905 ens
3445 4847 3672 4903 Levialt
3683 4861 3757 4903 an

2118 4935 2977 5009 guareseduaistimulierem?
3012 4936 3275 4993 Osancte
3323 4936 3520 5005 Petra,
3563 4935 3759 4992 sancte

2119 5024 2213 5082 Pa
2226 5023 2342 5092 ule,
2362 5023 2565 5080 sancte
2573 5023 2898 5094 Johannes,
2914 5037 3171 5095 magnus
3181 5023 3426 5080 sanctus
3459 5022 3755 5092 Vedastus,

2116 5109 2614 5170 misericordiam.
2634 5111 2680 5168 0
2693 5111 2801 5182 pia
2816 5109 3044 5181 Maria,
3058 5112 3271 5169 sancta
3293 5110 3623 5182 etgloriosa
3633 5109 3759 5167 Md

362 5217 475 5274 que
505 5201 680 5259 aliam
712 5204 840 5258 toto
881 5212 997 5272 quo
1043 5198 1266 5257 advixit
1320 5213 1568 5273 corpore
1622 5203 2008 5271 contractam,
2096 5196 3759 5271 Iria,miserere.0domine,dimitteme.Angelus.Anima

1720 5295 1959 5353 VARI/E
1997 5293 2294 5353 LECTION
2298 5293 2398 5351 ES.
3588 5308 3591 5311 ·

1953 5434 2175 5493 ΝΟΤιΕ.

431 5367 502 5404 ³⁸³
529 5382 603 5426 ex
630 5409 647 5426 .
679 5410 694 5425 .
723 5382 831 5442 esp
863 5410 876 5425 .
913 5408 929 5426 .
965 5408 980 5424 .
1010 5380 1061 5426 ο.
1137 5364 1207 5401 ³⁸⁸
1222 5365 1440 5440 fuitne
1467 5364 1627 5424 hee?

433 5525 544 5651 ξω)
567 5524 726 5581 Obiit
743 5539 794 5581 c.
829 5538 880 5582 a.
913 5530 1093 5625 101οξ
1123 5524 1202 5582 cf.
1233 5524 1383 5581 Mon.
1422 5523 1517 5579 SS.
1550 5524 1671 5582 VII.
1698 5539 1753 5598 p.
1791 5526 1895 5583 £39
1924 5541 1939 5590 ;

457 5636 472 5651 .
506 5609 603 5651 vn.
638 5609 831 5651 xum.
857 5612 913 5651 n.
948 5598 1052 5651 “0
1080 5637 1095 5651 .
1119 5593 1157 5651 l.
1190 5608 1305 5651 le.
1331 5610 1386 5651 n.
1421 5595 1525 5651 473
1552 5594 1624 5651 :l.
1660 5609 1714 5650 v.

457 5636 472 5651 .
506 5593 608 5667 vn,
629 5609 831 5667 μνία,
857 5612 913 5667 p.
948 5598 1052 5654 440
1080 5612 1095 5662 ;
1119 5593 1157 5651 l.
1190 5608 1305 5665 ιιν,
1331 5610 1386 5667 p.
1421 5595 1525 5651 473
1552 5594 1624 5661 ;Ι.
1660 5593 1714 5650 νζ

434 5637 621 5737 ἂιᾱὶῗὸ
629 5637 736 5724 filii
749 5637 831 5724 ΞΥ
843 5637 1003 5725 ῐόοέἶ

2194 5521 2310 5596 (93)
2328 5522 2683 5596 praepositus
2712 5522 2767 5578 S.
2790 5521 3031 5596 vedasti
3045 5528 3107 5581 et
3135 5537 3338 5583 comes
3363 5521 3756 5596 Yirdunensis,

2124 5591 2344 5666 de'qu'o'
2367 5591 2530 5666 Ηυᾶο
2563 5592 2729 5668 plura
2762 5593 2940 5652 refert
2972 5610 2988 5661 ;
3020 5609 3073 5655 v.
3108 5608 3288 5668 supra
3319 5592 3438 5654 col.
3475 5598 3602 5667 204,
3632 5591 3752 5653 aea.
