  <div class='ocr_page' id='page_1' title='image "/cluster/home/n/w/nwhite01/storage/ocr_20150623/153-154/uc1.31175019678096/704.png"; bbox 0 0 3922 6396; ppageno 0'>
   <div class='ocr_carea' id='block_1_1' title="bbox 119 365 254 432">
    <p class='ocr_par' dir='ltr' id='par_1_1' title="bbox 119 365 254 432">
     <span class='ocr_line' id='line_1_1' title="bbox 119 365 254 432; baseline 0 -1"><span class='ocrx_word' id='word_1_1' title='bbox 119 365 254 432; x_wconf 70' lang='grc'><strong><em>225</em></strong></span> 
     </span>
    </p>
   </div>
   <div class='ocr_carea' id='block_1_2' title="bbox 1395 360 2299 431">
    <p class='ocr_par' dir='ltr' id='par_1_2' title="bbox 1395 360 2299 431">
     <span class='ocr_line' id='line_1_2' title="bbox 1395 360 2299 431; baseline -0.002 -1"><span class='ocrx_word' id='word_1_2' title='bbox 1395 360 1896 431; x_wconf 78' lang='lat' dir='ltr'><strong><em>CHHONICON.</em></strong></span> <span class='ocrx_word' id='word_1_3' title='bbox 1928 397 2008 412; x_wconf 74' lang='grc' dir='ltr'><strong><em>-υ</em></strong></span> <span class='ocrx_word' id='word_1_4' title='bbox 2036 363 2193 430; x_wconf 82' lang='lat' dir='ltr'><strong><em>LIB.</em></strong></span> <span class='ocrx_word' id='word_1_5' title='bbox 2226 361 2299 430; x_wconf 87' lang='lat' dir='ltr'><strong><em>II.</em></strong></span> 
     </span>
    </p>
   </div>
   <div class='ocr_carea' id='block_1_3' title="bbox 120 492 3553 570">
    <p class='ocr_par' dir='ltr' id='par_1_3' title="bbox 120 492 3553 570">
     <span class='ocr_line' id='line_1_3' title="bbox 120 492 3553 570; baseline 0.002 -16"><span class='ocrx_word' id='word_1_6' title='bbox 120 509 254 554; x_wconf 88' lang='lat' dir='ltr'><strong><em>non</em></strong></span> <span class='ocrx_word' id='word_1_7' title='bbox 277 494 587 556; x_wconf 79' lang='lat' dir='ltr'><strong><em>dimittam</em></strong></span> <span class='ocrx_word' id='word_1_8' title='bbox 606 494 680 565; x_wconf 88' lang='lat' dir='ltr'><strong><em>te,</em></strong></span> <span class='ocrx_word' id='word_1_9' title='bbox 702 492 856 566; x_wconf 85' lang='lat' dir='ltr'><strong><em>sede,</em></strong></span> <span class='ocrx_word' id='word_1_10' title='bbox 880 494 1033 567; x_wconf 89' lang='lat' dir='ltr'><strong><em>sede,</em></strong></span> <span class='ocrx_word' id='word_1_11' title='bbox 1048 493 1201 555; x_wconf 88' lang='lat' dir='ltr'><strong><em>sede.</em></strong></span> <span class='ocrx_word' id='word_1_12' title='bbox 1227 494 1428 553; x_wconf 80' lang='lat' dir='ltr'><strong><em>Anima</em></strong></span> <span class='ocrx_word' id='word_1_13' title='bbox 1457 494 1654 563; x_wconf 82' lang='lat' dir='ltr'><strong><em>Quare</em></strong></span> <span class='ocrx_word' id='word_1_14' title='bbox 1668 506 1788 552; x_wconf 87' lang='lat' dir='ltr'><strong><em>non</em></strong></span> <span class='ocrx_word' id='word_1_15' title='bbox 1816 493 1869 555; x_wconf 88' lang='lat' dir='ltr'><strong><em>A</em></strong></span> <span class='ocrx_word' id='word_1_16' title='bbox 1895 508 2028 552; x_wconf 88' lang='lat' dir='ltr'><strong><em>mus</em></strong></span> <span class='ocrx_word' id='word_1_17' title='bbox 2060 494 2232 552; x_wconf 84' lang='lat' dir='ltr'><strong><em>tunc?</em></strong></span> <span class='ocrx_word' id='word_1_18' title='bbox 2259 492 2527 564; x_wconf 84' lang='lat' dir='ltr'><strong><em>Domine,</em></strong></span> <span class='ocrx_word' id='word_1_19' title='bbox 2553 492 2651 553; x_wconf 89' lang='lat' dir='ltr'><strong><em>dic</em></strong></span> <span class='ocrx_word' id='word_1_20' title='bbox 2675 493 2853 565; x_wconf 87' lang='lat' dir='ltr'><strong><em>mihi,</em></strong></span> <span class='ocrx_word' id='word_1_21' title='bbox 2889 496 3047 567; x_wconf 86' lang='lat' dir='ltr'><strong><em>quid</em></strong></span> <span class='ocrx_word' id='word_1_22' title='bbox 3057 494 3365 570; x_wconf 83' lang='lat' dir='ltr'><strong><em>faciemus</em></strong></span> <span class='ocrx_word' id='word_1_23' title='bbox 3396 498 3553 560; x_wconf 71' lang='lat' dir='ltr'><strong><em>tunc.</em></strong></span> 
     </span>
    </p>
   </div>
   <div class='ocr_carea' id='block_1_4' title="bbox 119 584 1789 654">
    <p class='ocr_par' dir='ltr' id='par_1_4' title="bbox 119 584 1789 654">
     <span class='ocr_line' id='line_1_4' title="bbox 119 584 1789 654; baseline 0.001 -15"><span class='ocrx_word' id='word_1_24' title='bbox 119 584 397 642; x_wconf 85' lang='lat' dir='ltr'><strong><em>dimittis</em></strong></span> <span class='ocrx_word' id='word_1_25' title='bbox 413 585 539 642; x_wconf 88' lang='lat' dir='ltr'><strong><em>me?</em></strong></span> <span class='ocrx_word' id='word_1_26' title='bbox 570 585 847 654; x_wconf 78' lang='lat' dir='ltr'><strong><em>Angelus.</em></strong></span> <span class='ocrx_word' id='word_1_27' title='bbox 872 585 1005 642; x_wconf 89' lang='lat' dir='ltr'><strong><em>Non</em></strong></span> <span class='ocrx_word' id='word_1_28' title='bbox 1025 584 1329 642; x_wconf 72' lang='lat' dir='ltr'><strong><em>dimittam</em></strong></span> <span class='ocrx_word' id='word_1_29' title='bbox 1359 584 1432 653; x_wconf 90' lang='lat' dir='ltr'><strong><em>te,</em></strong></span> <span class='ocrx_word' id='word_1_30' title='bbox 1456 584 1581 641; x_wconf 90' lang='lat' dir='ltr'><strong><em>nisi</em></strong></span> <span class='ocrx_word' id='word_1_31' title='bbox 1598 584 1789 641; x_wconf 85' lang='lat' dir='ltr'><strong><em>venie-</em></strong></span> 
     </span>
    </p>
   </div>
   <div class='ocr_carea' id='block_1_5' title="bbox 122 671 1785 743">
    <p class='ocr_par' dir='ltr' id='par_1_5' title="bbox 122 671 1785 743">
     <span class='ocr_line' id='line_1_5' title="bbox 122 671 1785 743; baseline -0.001 -15"><span class='ocrx_word' id='word_1_32' title='bbox 122 686 270 730; x_wconf 81' lang='lat' dir='ltr'><strong><em>mus</em></strong></span> <span class='ocrx_word' id='word_1_33' title='bbox 289 672 375 729; x_wconf 87' lang='lat' dir='ltr'><strong><em>ad</em></strong></span> <span class='ocrx_word' id='word_1_34' title='bbox 388 672 790 730; x_wconf 78' lang='lat' dir='ltr'><strong><em>Salvatorem.</em></strong></span> <span class='ocrx_word' id='word_1_35' title='bbox 814 672 1091 742; x_wconf 81' lang='lat' dir='ltr'><strong><em>Angelus.</em></strong></span> <span class='ocrx_word' id='word_1_36' title='bbox 1130 673 1288 743; x_wconf 79' lang='lat' dir='ltr'><strong><em>Veni,</em></strong></span> <span class='ocrx_word' id='word_1_37' title='bbox 1314 686 1535 730; x_wconf 89' lang='lat' dir='ltr'><strong><em>eamus.</em></strong></span> <span class='ocrx_word' id='word_1_38' title='bbox 1562 671 1785 727; x_wconf 85' lang='lat' dir='ltr'><strong><em>Anima.</em></strong></span> 
     </span>
    </p>
   </div>
   <div class='ocr_carea' id='block_1_6' title="bbox 128 758 1791 832">
    <p class='ocr_par' dir='ltr' id='par_1_6' title="bbox 128 758 1791 832">
     <span class='ocr_line' id='line_1_6' title="bbox 128 758 1791 832; baseline -0.001 -16"><span class='ocrx_word' id='word_1_39' title='bbox 128 760 430 827; x_wconf 86' lang='lat' dir='ltr'><strong><em>Odomine</em></strong></span> <span class='ocrx_word' id='word_1_40' title='bbox 439 760 644 818; x_wconf 91' lang='lat' dir='ltr'><strong><em>sancte</em></strong></span> <span class='ocrx_word' id='word_1_41' title='bbox 654 758 1208 830; x_wconf 87' lang='lat' dir='ltr'><strong><em>Michael,dicmihi</em></strong></span> <span class='ocrx_word' id='word_1_42' title='bbox 1219 773 1352 832; x_wconf 83' lang='lat' dir='ltr'><strong><em>qua</em></strong></span> <span class='ocrx_word' id='word_1_43' title='bbox 1362 760 1582 818; x_wconf 89' lang='lat' dir='ltr'><strong><em>estista</em></strong></span> <span class='ocrx_word' id='word_1_44' title='bbox 1593 758 1791 816; x_wconf 91' lang='lat' dir='ltr'><strong><em>altera</em></strong></span> 
     </span>
    </p>
   </div>
   <div class='ocr_carea' id='block_1_7' title="bbox 118 848 1793 921">
    <p class='ocr_par' dir='ltr' id='par_1_7' title="bbox 118 848 1793 921">
     <span class='ocr_line' id='line_1_7' title="bbox 118 848 1793 921; baseline 0 -18"><span class='ocrx_word' id='word_1_45' title='bbox 118 848 414 906; x_wconf 74' lang='lat' dir='ltr'><strong><em>mansio?</em></strong></span> <span class='ocrx_word' id='word_1_46' title='bbox 437 848 710 919; x_wconf 81' lang='lat' dir='ltr'><strong><em>Angelus.</em></strong></span> <span class='ocrx_word' id='word_1_47' title='bbox 733 849 899 906; x_wconf 81' lang='lat' dir='ltr'><strong><em>Alter</em></strong></span> <span class='ocrx_word' id='word_1_48' title='bbox 907 848 1245 921; x_wconf 86' lang='lat' dir='ltr'><strong><em>paradisus</em></strong></span> <span class='ocrx_word' id='word_1_49' title='bbox 1257 849 1360 907; x_wconf 93' lang='lat' dir='ltr'><strong><em>est.</em></strong></span> <span class='ocrx_word' id='word_1_50' title='bbox 1380 849 1603 904; x_wconf 86' lang='lat' dir='ltr'><strong><em>Anima.</em></strong></span> <span class='ocrx_word' id='word_1_51' title='bbox 1628 849 1673 905; x_wconf 93' lang='lat'><em>0</em></span> <span class='ocrx_word' id='word_1_52' title='bbox 1691 848 1793 903; x_wconf 81' lang='lat' dir='ltr'><strong><em>do-</em></strong></span> 
     </span>
    </p>
   </div>
   <div class='ocr_carea' id='block_1_8' title="bbox 120 936 1793 1009">
    <p class='ocr_par' dir='ltr' id='par_1_8' title="bbox 120 936 1793 1009">
     <span class='ocr_line' id='line_1_8' title="bbox 120 936 1793 1009; baseline -0.001 -16"><span class='ocrx_word' id='word_1_53' title='bbox 120 938 317 1007; x_wconf 80' lang='lat' dir='ltr'><strong><em>mine,</em></strong></span> <span class='ocrx_word' id='word_1_54' title='bbox 342 937 484 1009; x_wconf 91' lang='lat' dir='ltr'><strong><em>quis</em></strong></span> <span class='ocrx_word' id='word_1_55' title='bbox 497 937 709 995; x_wconf 89' lang='lat' dir='ltr'><strong><em>estiste</em></strong></span> <span class='ocrx_word' id='word_1_56' title='bbox 720 936 926 993; x_wconf 86' lang='lat' dir='ltr'><strong><em>homo?</em></strong></span> <span class='ocrx_word' id='word_1_57' title='bbox 947 936 1222 1008; x_wconf 79' lang='lat' dir='ltr'><strong><em>Angelus.</em></strong></span> <span class='ocrx_word' id='word_1_58' title='bbox 1246 938 1378 995; x_wconf 91' lang='lat' dir='ltr'><strong><em>Duo</em></strong></span> <span class='ocrx_word' id='word_1_59' title='bbox 1397 937 1594 995; x_wconf 90' lang='lat' dir='ltr'><strong><em>sancti</em></strong></span> <span class='ocrx_word' id='word_1_60' title='bbox 1615 936 1793 993; x_wconf 84' lang='lat' dir='ltr'><strong><em>Elias</em></strong></span> 
     </span>
    </p>
   </div>
   <div class='ocr_carea' id='block_1_9' title="bbox 124 1025 1794 1098">
    <p class='ocr_par' dir='ltr' id='par_1_9' title="bbox 124 1025 1794 1098">
     <span class='ocr_line' id='line_1_9' title="bbox 124 1025 1794 1098; baseline -0.002 -15"><span class='ocrx_word' id='word_1_61' title='bbox 124 1028 197 1083; x_wconf 80' lang='lat' dir='ltr'><strong><em>et</em></strong></span> <span class='ocrx_word' id='word_1_62' title='bbox 212 1028 399 1085; x_wconf 77' lang='lat' dir='ltr'><strong><em>Enoc.</em></strong></span> <span class='ocrx_word' id='word_1_63' title='bbox 428 1026 649 1083; x_wconf 86' lang='lat' dir='ltr'><strong><em>Anima.</em></strong></span> <span class='ocrx_word' id='word_1_64' title='bbox 678 1026 723 1082; x_wconf 93' lang='lat'><em>0</em></span> <span class='ocrx_word' id='word_1_65' title='bbox 740 1025 990 1095; x_wconf 89' lang='lat' dir='ltr'><strong><em>domine,</em></strong></span> <span class='ocrx_word' id='word_1_66' title='bbox 1012 1025 1165 1098; x_wconf 87' lang='lat' dir='ltr'><strong><em>quid</em></strong></span> <span class='ocrx_word' id='word_1_67' title='bbox 1177 1026 1434 1098; x_wconf 87' lang='lat' dir='ltr'><strong><em>faciunt</em></strong></span> <span class='ocrx_word' id='word_1_68' title='bbox 1454 1025 1586 1083; x_wconf 86' lang='lat' dir='ltr'><strong><em>hic?</em></strong></span> <span class='ocrx_word' id='word_1_69' title='bbox 1608 1027 1794 1093; x_wconf 85' lang='lat' dir='ltr'><strong><em>Ange-</em></strong></span> 
     </span>
    </p>
   </div>
   <div class='ocr_carea' id='block_1_10' title="bbox 1900 581 3559 660">
    <p class='ocr_par' dir='ltr' id='par_1_10' title="bbox 1900 581 3559 660">
     <span class='ocr_line' id='line_1_10' title="bbox 1900 581 3559 660; baseline 0.005 -23"><span class='ocrx_word' id='word_1_70' title='bbox 1900 582 2171 651; x_wconf 89' lang='lat' dir='ltr'><strong><em>Angelus.</em></strong></span> <span class='ocrx_word' id='word_1_71' title='bbox 2200 583 2347 639; x_wconf 86' lang='lat' dir='ltr'><strong><em>Dico</em></strong></span> <span class='ocrx_word' id='word_1_72' title='bbox 2364 581 2495 652; x_wconf 90' lang='lat' dir='ltr'><strong><em>tibi,</em></strong></span> <span class='ocrx_word' id='word_1_73' title='bbox 2513 583 2977 641; x_wconf 87' lang='lat' dir='ltr'><strong><em>tuncvenietille</em></strong></span> <span class='ocrx_word' id='word_1_74' title='bbox 2986 586 3055 642; x_wconf 90' lang='lat' dir='ltr'><strong><em>in</em></strong></span> <span class='ocrx_word' id='word_1_75' title='bbox 3067 598 3239 644; x_wconf 89' lang='lat' dir='ltr'><strong><em>cruce</em></strong></span> <span class='ocrx_word' id='word_1_76' title='bbox 3253 601 3559 660; x_wconf 81' lang='lat' dir='ltr'><strong><em>prapara-</em></strong></span> 
     </span>
    </p>
   </div>
   <div class='ocr_carea' id='block_1_11' title="bbox 1899 669 3557 743">
    <p class='ocr_par' dir='ltr' id='par_1_11' title="bbox 1899 669 3557 743">
     <span class='ocr_line' id='line_1_11' title="bbox 1899 669 3557 743; baseline 0.002 -16"><span class='ocrx_word' id='word_1_77' title='bbox 1899 670 2013 727; x_wconf 84' lang='lat' dir='ltr'><strong><em>tus.</em></strong></span> <span class='ocrx_word' id='word_1_78' title='bbox 2036 669 2258 727; x_wconf 85' lang='lat' dir='ltr'><strong><em>Anima.</em></strong></span> <span class='ocrx_word' id='word_1_79' title='bbox 2279 671 2324 726; x_wconf 91' lang='lat'><em>0</em></span> <span class='ocrx_word' id='word_1_80' title='bbox 2337 670 2589 739; x_wconf 90' lang='lat' dir='ltr'><strong><em>domine,</em></strong></span> <span class='ocrx_word' id='word_1_81' title='bbox 2607 671 2706 727; x_wconf 89' lang='lat' dir='ltr'><strong><em>dic</em></strong></span> <span class='ocrx_word' id='word_1_82' title='bbox 2714 672 2889 741; x_wconf 89' lang='lat' dir='ltr'><strong><em>mihi,</em></strong></span> <span class='ocrx_word' id='word_1_83' title='bbox 2904 672 3057 742; x_wconf 90' lang='lat' dir='ltr'><strong><em>quid</em></strong></span> <span class='ocrx_word' id='word_1_84' title='bbox 3058 672 3371 743; x_wconf 75' lang='lat' dir='ltr'><strong><em>facien’ms</em></strong></span> <span class='ocrx_word' id='word_1_85' title='bbox 3385 675 3557 733; x_wconf 87' lang='lat' dir='ltr'><strong><em>tunc?</em></strong></span> 
     </span>
    </p>
   </div>
   <div class='ocr_carea' id='block_1_12' title="bbox 1901 756 3557 834">
    <p class='ocr_par' dir='ltr' id='par_1_12' title="bbox 1901 756 3557 834">
     <span class='ocr_line' id='line_1_12' title="bbox 1901 756 3557 834; baseline 0.005 -21"><span class='ocrx_word' id='word_1_86' title='bbox 1901 758 2330 827; x_wconf 86' lang='lat' dir='ltr'><strong><em>Angelus.Dico</em></strong></span> <span class='ocrx_word' id='word_1_87' title='bbox 2346 756 2477 827; x_wconf 89' lang='lat' dir='ltr'><strong><em>tibi,</em></strong></span> <span class='ocrx_word' id='word_1_88' title='bbox 2499 757 2639 815; x_wconf 87' lang='lat' dir='ltr'><strong><em>tunc</em></strong></span> <span class='ocrx_word' id='word_1_89' title='bbox 2652 758 3106 817; x_wconf 80' lang='lat' dir='ltr'><strong><em>dicetSalvator</em></strong></span> <span class='ocrx_word' id='word_1_90' title='bbox 3124 780 3136 815; x_wconf 87' lang='lat'><strong><em>:</em></strong></span> <span class='ocrx_word' id='word_1_91' title='bbox 3158 762 3557 834; x_wconf 87' lang='lat' dir='ltr'><strong><em>Oomnesgen-</em></strong></span> 
     </span>
    </p>
   </div>
   <div class='ocr_carea' id='block_1_13' title="bbox 1902 846 3559 921">
    <p class='ocr_par' dir='ltr' id='par_1_13' title="bbox 1902 846 3559 921">
     <span class='ocr_line' id='line_1_13' title="bbox 1902 846 3559 921; baseline 0.005 -18"><span class='ocrx_word' id='word_1_92' title='bbox 1902 847 2006 916; x_wconf 89' lang='lat' dir='ltr'><strong><em>tes,</em></strong></span> <span class='ocrx_word' id='word_1_93' title='bbox 2022 847 2258 917; x_wconf 85' lang='lat' dir='ltr'><strong><em>angeli,</em></strong></span> <span class='ocrx_word' id='word_1_94' title='bbox 2285 846 2661 917; x_wconf 68' lang='lat' dir='ltr'><strong><em>archangeli,</em></strong></span> <span class='ocrx_word' id='word_1_95' title='bbox 2677 847 2951 919; x_wconf 87' lang='lat' dir='ltr'><strong><em>apostoli,</em></strong></span> <span class='ocrx_word' id='word_1_96' title='bbox 2966 862 2998 905; x_wconf 95' lang='lat' dir='ltr'><strong><em>o</em></strong></span> <span class='ocrx_word' id='word_1_97' title='bbox 3017 862 3216 907; x_wconf 85' lang='lat' dir='ltr'><strong><em>omnes</em></strong></span> <span class='ocrx_word' id='word_1_98' title='bbox 3230 852 3453 921; x_wconf 88' lang='lat' dir='ltr'><strong><em>gentes,</em></strong></span> <span class='ocrx_word' id='word_1_99' title='bbox 3469 854 3559 912; x_wconf 89' lang='lat' dir='ltr'><strong><em>vi-</em></strong></span> 
     </span>
    </p>
   </div>
   <div class='ocr_carea' id='block_1_14' title="bbox 1904 935 3556 1010">
    <p class='ocr_par' dir='ltr' id='par_1_14' title="bbox 1904 935 3556 1010">
     <span class='ocr_line' id='line_1_14' title="bbox 1904 935 3556 1010; baseline 0.005 -20"><span class='ocrx_word' id='word_1_100' title='bbox 1904 935 2033 990; x_wconf 91' lang='lat' dir='ltr'><strong><em>dete</em></strong></span> <span class='ocrx_word' id='word_1_101' title='bbox 2047 935 2275 992; x_wconf 76' lang='lat' dir='ltr'><strong><em>dolores</em></strong></span> <span class='ocrx_word' id='word_1_102' title='bbox 2286 948 2469 1005; x_wconf 89' lang='lat' dir='ltr'><strong><em>meos;</em></strong></span> <span class='ocrx_word' id='word_1_103' title='bbox 2469 949 2555 1006; x_wconf 90' lang='lat' dir='ltr'><strong><em>pa</em></strong></span> <span class='ocrx_word' id='word_1_104' title='bbox 2564 935 2721 1006; x_wconf 88' lang='lat' dir='ltr'><strong><em>lpate</em></strong></span> <span class='ocrx_word' id='word_1_105' title='bbox 2731 936 3078 1005; x_wconf 88' lang='lat' dir='ltr'><strong><em>etvidcte;vi</em></strong></span> <span class='ocrx_word' id='word_1_106' title='bbox 3084 936 3212 995; x_wconf 84' lang='lat' dir='ltr'><strong><em>dcte</em></strong></span> <span class='ocrx_word' id='word_1_107' title='bbox 3212 941 3556 1010; x_wconf 87' lang='lat' dir='ltr'><strong><em>passionem</em></strong></span> 
     </span>
    </p>
   </div>
   <div class='ocr_carea' id='block_1_15' title="bbox 1898 1023 3558 1098">
    <p class='ocr_par' dir='ltr' id='par_1_15' title="bbox 1898 1023 3558 1098">
     <span class='ocr_line' id='line_1_15' title="bbox 1898 1023 3558 1098; baseline 0.005 -19"><span class='ocrx_word' id='word_1_108' title='bbox 1898 1037 2107 1091; x_wconf 86' lang='lat' dir='ltr'><strong><em>meam,</em></strong></span> <span class='ocrx_word' id='word_1_109' title='bbox 2122 1036 2337 1080; x_wconf 89' lang='lat' dir='ltr'><strong><em>manus</em></strong></span> <span class='ocrx_word' id='word_1_110' title='bbox 2346 1036 2510 1079; x_wconf 91' lang='lat' dir='ltr'><strong><em>meas</em></strong></span> <span class='ocrx_word' id='word_1_111' title='bbox 2518 1023 2713 1091; x_wconf 90' lang='lat' dir='ltr'><strong><em>;sicut</em></strong></span> <span class='ocrx_word' id='word_1_112' title='bbox 2706 1023 2819 1095; x_wconf 91' lang='lat' dir='ltr'><strong><em>fui</em></strong></span> <span class='ocrx_word' id='word_1_113' title='bbox 2831 1023 2897 1080; x_wconf 92' lang='lat' dir='ltr'><strong><em>in</em></strong></span> <span class='ocrx_word' id='word_1_114' title='bbox 2908 1038 3078 1083; x_wconf 85' lang='lat' dir='ltr'><strong><em>cruce</em></strong></span> <span class='ocrx_word' id='word_1_115' title='bbox 3075 1027 3323 1098; x_wconf 85' lang='lat' dir='ltr'><strong><em>propter</em></strong></span> <span class='ocrx_word' id='word_1_116' title='bbox 3332 1041 3453 1098; x_wconf 89' lang='lat' dir='ltr'><strong><em>vos,</em></strong></span> <span class='ocrx_word' id='word_1_117' title='bbox 3468 1029 3558 1088; x_wconf 89' lang='lat' dir='ltr'><strong><em>sic</em></strong></span> 
     </span>
    </p>
   </div>
   <div class='ocr_carea' id='block_1_16' title="bbox 127 1110 3557 1187">
    <p class='ocr_par' dir='ltr' id='par_1_16' title="bbox 127 1110 3557 1187">
     <span class='ocr_line' id='line_1_16' title="bbox 127 1110 3557 1187; baseline 0.001 -18"><span class='ocrx_word' id='word_1_118' title='bbox 127 1115 254 1173; x_wconf 90' lang='lat' dir='ltr'><strong><em>lus.</em></strong></span> <span class='ocrx_word' id='word_1_119' title='bbox 271 1114 1059 1187; x_wconf 70' lang='lat' dir='ltr'><strong><em>EvpectantjudiciumDei.</em></strong></span> <span class='ocrx_word' id='word_1_120' title='bbox 1080 1114 1299 1171; x_wconf 88' lang='lat' dir='ltr'><strong><em>Anima.</em></strong></span> <span class='ocrx_word' id='word_1_121' title='bbox 1320 1112 1628 1183; x_wconf 89' lang='lat' dir='ltr'><strong><em>0domine,</em></strong></span> <span class='ocrx_word' id='word_1_122' title='bbox 1643 1110 1796 1183; x_wconf 88' lang='lat' dir='ltr'><strong><em>quid</em></strong></span> <span class='ocrx_word' id='word_1_123' title='bbox 1900 1125 2031 1168; x_wconf 78' lang='lat' dir='ltr'><strong><em>sum</em></strong></span> <span class='ocrx_word' id='word_1_124' title='bbox 2051 1125 2251 1169; x_wconf 88' lang='lat' dir='ltr'><strong><em>coram</em></strong></span> <span class='ocrx_word' id='word_1_125' title='bbox 2267 1110 2452 1169; x_wconf 94' lang='lat' dir='ltr'><strong><em>vobis.</em></strong></span> <span class='ocrx_word' id='word_1_126' title='bbox 2478 1112 2729 1169; x_wconf 89' lang='lat' dir='ltr'><strong><em>Oomnes</em></strong></span> <span class='ocrx_word' id='word_1_127' title='bbox 2753 1113 2980 1183; x_wconf 89' lang='lat' dir='ltr'><strong><em>gentes,</em></strong></span> <span class='ocrx_word' id='word_1_128' title='bbox 3002 1126 3121 1170; x_wconf 90' lang='lat' dir='ltr'><strong><em>non</em></strong></span> <span class='ocrx_word' id='word_1_129' title='bbox 3139 1127 3360 1172; x_wconf 88' lang='lat' dir='ltr'><strong><em>aurum</em></strong></span> <span class='ocrx_word' id='word_1_130' title='bbox 3384 1116 3445 1172; x_wconf 92' lang='lat' dir='ltr'><strong><em>et</em></strong></span> <span class='ocrx_word' id='word_1_131' title='bbox 3457 1130 3557 1173; x_wconf 90' lang='lat' dir='ltr'><strong><em>ar-</em></strong></span> 
     </span>
    </p>
   </div>
   <div class='ocr_carea' id='block_1_17' title="bbox 102 1199 1795 1276">
    <p class='ocr_par' dir='ltr' id='par_1_17' title="bbox 102 1199 1795 1276">
     <span class='ocr_line' id='line_1_17' title="bbox 102 1199 1795 1276; baseline -0.004 -15"><span class='ocrx_word' id='word_1_132' title='bbox 102 1203 377 1276; x_wconf 81' lang='lat' dir='ltr'><strong><em>facient</em></strong></span> <span class='ocrx_word' id='word_1_133' title='bbox 403 1204 576 1260; x_wconf 88' lang='lat' dir='ltr'><strong><em>tunc?</em></strong></span> <span class='ocrx_word' id='word_1_134' title='bbox 603 1201 874 1273; x_wconf 81' lang='lat' dir='ltr'><strong><em>Angelus.</em></strong></span> <span class='ocrx_word' id='word_1_135' title='bbox 914 1202 1120 1259; x_wconf 83' lang='lat' dir='ltr'><strong><em>Erunt</em></strong></span> <span class='ocrx_word' id='word_1_136' title='bbox 1141 1201 1229 1260; x_wconf 91' lang='lat' dir='ltr'><strong><em>ibi</em></strong></span> <span class='ocrx_word' id='word_1_137' title='bbox 1257 1213 1563 1274; x_wconf 87' lang='lat' dir='ltr'><strong><em>quousque</em></strong></span> <span class='ocrx_word' id='word_1_138' title='bbox 1589 1199 1795 1257; x_wconf 88' lang='lat' dir='ltr'><strong><em>veniat</em></strong></span> 
     </span>
    </p>
   </div>
   <div class='ocr_carea' id='block_1_18' title="bbox 126 1287 1793 1358">
    <p class='ocr_par' dir='ltr' id='par_1_18' title="bbox 126 1287 1793 1358">
     <span class='ocr_line' id='line_1_18' title="bbox 126 1287 1793 1358; baseline -0.004 -9"><span class='ocrx_word' id='word_1_139' title='bbox 126 1291 529 1349; x_wconf 82' lang='lat' dir='ltr'><strong><em>Anticristus.</em></strong></span> <span class='ocrx_word' id='word_1_140' title='bbox 551 1289 770 1347; x_wconf 86' lang='lat' dir='ltr'><strong><em>Anima.</em></strong></span> <span class='ocrx_word' id='word_1_141' title='bbox 792 1289 1038 1355; x_wconf 82' lang='lat' dir='ltr'><strong><em>Quando</em></strong></span> <span class='ocrx_word' id='word_1_142' title='bbox 1048 1290 1245 1347; x_wconf 87' lang='lat' dir='ltr'><strong><em>veniet</em></strong></span> <span class='ocrx_word' id='word_1_143' title='bbox 1256 1288 1636 1358; x_wconf 82' lang='lat' dir='ltr'><strong><em>Anticristus,</em></strong></span> <span class='ocrx_word' id='word_1_144' title='bbox 1651 1300 1683 1343; x_wconf 93' lang='lat' dir='ltr'><strong><em>o</em></strong></span> <span class='ocrx_word' id='word_1_145' title='bbox 1696 1287 1793 1343; x_wconf 87' lang='lat' dir='ltr'><strong><em>do-</em></strong></span> 
     </span>
    </p>
   </div>
   <div class='ocr_carea' id='block_1_19' title="bbox 119 1375 1787 1452">
    <p class='ocr_par' dir='ltr' id='par_1_19' title="bbox 119 1375 1787 1452">
     <span class='ocr_line' id='line_1_19' title="bbox 119 1375 1787 1452; baseline -0.005 -15"><span class='ocrx_word' id='word_1_146' title='bbox 119 1381 318 1451; x_wconf 82' lang='lat' dir='ltr'><strong><em>mine,</em></strong></span> <span class='ocrx_word' id='word_1_147' title='bbox 331 1380 486 1452; x_wconf 90' lang='lat' dir='ltr'><strong><em>quid</em></strong></span> <span class='ocrx_word' id='word_1_148' title='bbox 479 1379 728 1452; x_wconf 88' lang='lat' dir='ltr'><strong><em>facient</em></strong></span> <span class='ocrx_word' id='word_1_149' title='bbox 737 1378 909 1435; x_wconf 90' lang='lat' dir='ltr'><strong><em>tunc?</em></strong></span> <span class='ocrx_word' id='word_1_150' title='bbox 934 1376 1205 1448; x_wconf 85' lang='lat' dir='ltr'><strong><em>Angelus.</em></strong></span> <span class='ocrx_word' id='word_1_151' title='bbox 1230 1378 1391 1435; x_wconf 84' lang='lat' dir='ltr'><strong><em>Tunc</em></strong></span> <span class='ocrx_word' id='word_1_152' title='bbox 1401 1375 1655 1448; x_wconf 87' lang='lat' dir='ltr'><strong><em>surgent</em></strong></span> <span class='ocrx_word' id='word_1_153' title='bbox 1667 1375 1787 1433; x_wconf 87' lang='lat' dir='ltr'><strong><em>illi.</em></strong></span> 
     </span>
    </p>
   </div>
   <div class='ocr_carea' id='block_1_20' title="bbox 122 1464 1786 1539">
    <p class='ocr_par' dir='ltr' id='par_1_20' title="bbox 122 1464 1786 1539">
     <span class='ocr_line' id='line_1_20' title="bbox 122 1464 1786 1539; baseline -0.003 -14"><span class='ocrx_word' id='word_1_154' title='bbox 122 1469 362 1525; x_wconf 78' lang='lat' dir='ltr'><strong><em>Anima.</em></strong></span> <span class='ocrx_word' id='word_1_155' title='bbox 404 1466 517 1525; x_wconf 91' lang='lat' dir='ltr'><strong><em>Ubi</em></strong></span> <span class='ocrx_word' id='word_1_156' title='bbox 551 1466 837 1539; x_wconf 90' lang='lat' dir='ltr'><strong><em>pergent?</em></strong></span> <span class='ocrx_word' id='word_1_157' title='bbox 869 1464 1139 1535; x_wconf 82' lang='lat' dir='ltr'><strong><em>Angelus.</em></strong></span> <span class='ocrx_word' id='word_1_158' title='bbox 1170 1465 1265 1523; x_wconf 83' lang='lat' dir='ltr'><strong><em>Ad</em></strong></span> <span class='ocrx_word' id='word_1_159' title='bbox 1288 1465 1491 1523; x_wconf 89' lang='lat' dir='ltr'><strong><em>secula</em></strong></span> <span class='ocrx_word' id='word_1_160' title='bbox 1528 1464 1786 1521; x_wconf 88' lang='lat' dir='ltr'><strong><em>terrena.</em></strong></span> 
     </span>
    </p>
   </div>
   <div class='ocr_carea' id='block_1_21' title="bbox 122 1553 1793 1626">
    <p class='ocr_par' dir='ltr' id='par_1_21' title="bbox 122 1553 1793 1626">
     <span class='ocr_line' id='line_1_21' title="bbox 122 1553 1793 1626; baseline -0.003 -11"><span class='ocrx_word' id='word_1_161' title='bbox 122 1558 365 1615; x_wconf 78' lang='lat' dir='ltr'><strong><em>Anima.</em></strong></span> <span class='ocrx_word' id='word_1_162' title='bbox 394 1558 438 1615; x_wconf 96' lang='lat'><strong><em>0</em></strong></span> <span class='ocrx_word' id='word_1_163' title='bbox 458 1556 707 1626; x_wconf 79' lang='lat' dir='ltr'><strong><em>domine,</em></strong></span> <span class='ocrx_word' id='word_1_164' title='bbox 737 1555 878 1626; x_wconf 91' lang='lat' dir='ltr'><strong><em>quis</em></strong></span> <span class='ocrx_word' id='word_1_165' title='bbox 896 1555 990 1613; x_wconf 93' lang='lat' dir='ltr'><strong><em>est</em></strong></span> <span class='ocrx_word' id='word_1_166' title='bbox 1004 1554 1112 1611; x_wconf 89' lang='lat' dir='ltr'><strong><em>ille</em></strong></span> <span class='ocrx_word' id='word_1_167' title='bbox 1132 1553 1581 1612; x_wconf 81' lang='lat' dir='ltr'><strong><em>Antichristus?</em></strong></span> <span class='ocrx_word' id='word_1_168' title='bbox 1608 1554 1793 1624; x_wconf 88' lang='lat' dir='ltr'><strong><em>Ange-</em></strong></span> 
     </span>
    </p>
   </div>
   <div class='ocr_carea' id='block_1_22' title="bbox 121 1640 1793 1721">
    <p class='ocr_par' dir='ltr' id='par_1_22' title="bbox 121 1640 1793 1721">
     <span class='ocr_line' id='line_1_22' title="bbox 121 1640 1793 1721; baseline -0.002 -19"><span class='ocrx_word' id='word_1_169' title='bbox 121 1647 252 1704; x_wconf 87' lang='lat' dir='ltr'><strong><em>lus.</em></strong></span> <span class='ocrx_word' id='word_1_170' title='bbox 278 1643 542 1718; x_wconf 88' lang='lat' dir='ltr'><strong><em>Magnus</em></strong></span> <span class='ocrx_word' id='word_1_171' title='bbox 561 1643 839 1702; x_wconf 88' lang='lat' dir='ltr'><strong><em>diabolus</em></strong></span> <span class='ocrx_word' id='word_1_172' title='bbox 849 1644 955 1713; x_wconf 88' lang='lat' dir='ltr'><strong><em>est,</em></strong></span> <span class='ocrx_word' id='word_1_173' title='bbox 972 1643 1100 1715; x_wconf 85' lang='lat' dir='ltr'><strong><em>ipse</em></strong></span> <span class='ocrx_word' id='word_1_174' title='bbox 1111 1642 1295 1700; x_wconf 80' lang='lat' dir='ltr'><strong><em>dicet:</em></strong></span> <span class='ocrx_word' id='word_1_175' title='bbox 1311 1643 1441 1713; x_wconf 84' lang='lat' dir='ltr'><strong><em>Ego</em></strong></span> <span class='ocrx_word' id='word_1_176' title='bbox 1458 1655 1593 1721; x_wconf 81' lang='lat' dir='ltr'><strong><em>sum</em></strong></span> <span class='ocrx_word' id='word_1_177' title='bbox 1616 1640 1793 1699; x_wconf 77' lang='lat' dir='ltr'><strong><em>Chri-</em></strong></span> 
     </span>
    </p>
   </div>
   <div class='ocr_carea' id='block_1_23' title="bbox 119 1728 1785 1805">
    <p class='ocr_par' dir='ltr' id='par_1_23' title="bbox 119 1728 1785 1805">
     <span class='ocr_line' id='line_1_23' title="bbox 119 1728 1785 1805; baseline -0.006 -12"><span class='ocrx_word' id='word_1_178' title='bbox 119 1736 304 1803; x_wconf 87' lang='lat' dir='ltr'><strong><em>stus;</em></strong></span> <span class='ocrx_word' id='word_1_179' title='bbox 323 1735 555 1805; x_wconf 77' lang='lat' dir='ltr'><strong><em>Helgas</em></strong></span> <span class='ocrx_word' id='word_1_180' title='bbox 586 1732 744 1791; x_wconf 89' lang='lat' dir='ltr'><strong><em>dicet</em></strong></span> <span class='ocrx_word' id='word_1_181' title='bbox 756 1744 894 1803; x_wconf 78' lang='lat' dir='ltr'><strong><em>non,</em></strong></span> <span class='ocrx_word' id='word_1_182' title='bbox 920 1732 980 1788; x_wconf 92' lang='lat' dir='ltr'><strong><em>et</em></strong></span> <span class='ocrx_word' id='word_1_183' title='bbox 995 1731 1202 1788; x_wconf 79' lang='lat' dir='ltr'><strong><em>Enoch</em></strong></span> <span class='ocrx_word' id='word_1_184' title='bbox 1221 1730 1524 1788; x_wconf 85' lang='lat' dir='ltr'><strong><em>similiter.</em></strong></span> <span class='ocrx_word' id='word_1_185' title='bbox 1560 1728 1785 1785; x_wconf 88' lang='lat' dir='ltr'><strong><em>Anima.</em></strong></span> 
     </span>
    </p>
   </div>
   <div class='ocr_carea' id='block_1_24' title="bbox 127 1816 1872 1904">
    <p class='ocr_par' dir='ltr' id='par_1_24' title="bbox 127 1816 1872 1904">
     <span class='ocr_line' id='line_1_24' title="bbox 127 1816 1872 1904; baseline -0.006 -23"><span class='ocrx_word' id='word_1_186' title='bbox 127 1823 403 1881; x_wconf 84' lang='lat' dir='ltr'><strong><em>Osancte</em></strong></span> <span class='ocrx_word' id='word_1_187' title='bbox 411 1819 693 1890; x_wconf 76' lang='lat' dir='ltr'><strong><em>Michael,</em></strong></span> <span class='ocrx_word' id='word_1_188' title='bbox 709 1819 1115 1892; x_wconf 85' lang='lat' dir='ltr'><strong><em>quidfacient</em></strong></span> <span class='ocrx_word' id='word_1_189' title='bbox 1124 1818 1295 1877; x_wconf 87' lang='lat' dir='ltr'><strong><em>tunc?</em></strong></span> <span class='ocrx_word' id='word_1_190' title='bbox 1307 1818 1405 1877; x_wconf 92' lang='lat' dir='ltr'><strong><em>dic</em></strong></span> <span class='ocrx_word' id='word_1_191' title='bbox 1415 1816 1587 1875; x_wconf 90' lang='lat' dir='ltr'><strong><em>mihi.</em></strong></span> <span class='ocrx_word' id='word_1_192' title='bbox 1605 1819 1789 1887; x_wconf 90' lang='lat' dir='ltr'><strong><em>Ange-</em></strong></span> <span class='ocrx_word' id='word_1_193' title='bbox 1817 1843 1872 1904; x_wconf 79' lang='grc' dir='ltr'>Β</span> 
     </span>
    </p>
   </div>
   <div class='ocr_carea' id='block_1_25' title="bbox 120 1905 1790 1978">
    <p class='ocr_par' dir='ltr' id='par_1_25' title="bbox 120 1905 1790 1978">
     <span class='ocr_line' id='line_1_25' title="bbox 120 1905 1790 1978; baseline -0.003 -11"><span class='ocrx_word' id='word_1_194' title='bbox 120 1910 247 1969; x_wconf 89' lang='lat' dir='ltr'><strong><em>lus.</em></strong></span> <span class='ocrx_word' id='word_1_195' title='bbox 277 1912 419 1969; x_wconf 88' lang='lat' dir='ltr'><strong><em>Dico</em></strong></span> <span class='ocrx_word' id='word_1_196' title='bbox 440 1909 569 1966; x_wconf 87' lang='lat' dir='ltr'><strong><em>tibi.</em></strong></span> <span class='ocrx_word' id='word_1_197' title='bbox 593 1908 943 1967; x_wconf 75' lang='lat' dir='ltr'><strong><em>Saluatoris</em></strong></span> <span class='ocrx_word' id='word_1_198' title='bbox 963 1908 1137 1966; x_wconf 81' lang='lat' dir='ltr'><strong><em>testes</em></strong></span> <span class='ocrx_word' id='word_1_199' title='bbox 1157 1906 1349 1978; x_wconf 89' lang='lat' dir='ltr'><strong><em>erunt,</em></strong></span> <span class='ocrx_word' id='word_1_200' title='bbox 1372 1906 1433 1964; x_wconf 89' lang='lat' dir='ltr'><strong><em>et</em></strong></span> <span class='ocrx_word' id='word_1_201' title='bbox 1445 1905 1644 1963; x_wconf 87' lang='lat' dir='ltr'><strong><em>dicent</em></strong></span> <span class='ocrx_word' id='word_1_202' title='bbox 1660 1905 1716 1975; x_wconf 77' lang='lat' dir='ltr'><strong><em>ei</em></strong></span> <span class='ocrx_word' id='word_1_203' title='bbox 1721 1918 1790 1963; x_wconf 90' lang='lat' dir='ltr'><strong><em>us</em></strong></span> 
     </span>
    </p>
   </div>
   <div class='ocr_carea' id='block_1_26' title="bbox 122 1993 1791 2068">
    <p class='ocr_par' dir='ltr' id='par_1_26' title="bbox 122 1993 1791 2068">
     <span class='ocr_line' id='line_1_26' title="bbox 122 1993 1791 2068; baseline -0.005 -12"><span class='ocrx_word' id='word_1_204' title='bbox 122 1999 562 2068; x_wconf 86' lang='lat' dir='ltr'><strong><em>testimonium,</em></strong></span> <span class='ocrx_word' id='word_1_205' title='bbox 588 1998 646 2055; x_wconf 92' lang='lat' dir='ltr'><strong><em>et</em></strong></span> <span class='ocrx_word' id='word_1_206' title='bbox 665 1996 1065 2055; x_wconf 87' lang='lat' dir='ltr'><strong><em>testimonium</em></strong></span> <span class='ocrx_word' id='word_1_207' title='bbox 1087 2010 1287 2054; x_wconf 89' lang='lat' dir='ltr'><strong><em>eorum</em></strong></span> <span class='ocrx_word' id='word_1_208' title='bbox 1300 2008 1506 2053; x_wconf 89' lang='lat' dir='ltr'><strong><em>verum</em></strong></span> <span class='ocrx_word' id='word_1_209' title='bbox 1524 1995 1629 2051; x_wconf 86' lang='lat' dir='ltr'><strong><em>est.</em></strong></span> <span class='ocrx_word' id='word_1_210' title='bbox 1657 1993 1791 2049; x_wconf 82' lang='lat' dir='ltr'><strong><em>Ani-</em></strong></span> 
     </span>
    </p>
   </div>
   <div class='ocr_carea' id='block_1_27' title="bbox 121 2080 1786 2157">
    <p class='ocr_par' dir='ltr' id='par_1_27' title="bbox 121 2080 1786 2157">
     <span class='ocr_line' id='line_1_27' title="bbox 121 2080 1786 2157; baseline -0.004 -13"><span class='ocrx_word' id='word_1_211' title='bbox 121 2102 251 2144; x_wconf 87' lang='lat' dir='ltr'><strong><em>ma.</em></strong></span> <span class='ocrx_word' id='word_1_212' title='bbox 282 2089 327 2145; x_wconf 97' lang='lat'><strong><em>0</em></strong></span> <span class='ocrx_word' id='word_1_213' title='bbox 344 2100 539 2144; x_wconf 88' lang='lat' dir='ltr'><strong><em>omnes</em></strong></span> <span class='ocrx_word' id='word_1_214' title='bbox 565 2086 770 2157; x_wconf 87' lang='lat' dir='ltr'><strong><em>gentes</em></strong></span> <span class='ocrx_word' id='word_1_215' title='bbox 789 2098 908 2143; x_wconf 90' lang='lat' dir='ltr'><strong><em>non</em></strong></span> <span class='ocrx_word' id='word_1_216' title='bbox 928 2084 1194 2143; x_wconf 83' lang='lat' dir='ltr'><strong><em>credatis</em></strong></span> <span class='ocrx_word' id='word_1_217' title='bbox 1210 2082 1346 2154; x_wconf 88' lang='lat' dir='ltr'><strong><em>illi;</em></strong></span> <span class='ocrx_word' id='word_1_218' title='bbox 1374 2081 1588 2142; x_wconf 78' lang='lat' dir='ltr'><strong><em>credite</em></strong></span> <span class='ocrx_word' id='word_1_219' title='bbox 1611 2080 1786 2152; x_wconf 89' lang='lat' dir='ltr'><strong><em>mihi,</em></strong></span> 
     </span>
    </p>
   </div>
   <div class='ocr_carea' id='block_1_28' title="bbox 116 2169 1792 2249">
    <p class='ocr_par' dir='ltr' id='par_1_28' title="bbox 116 2169 1792 2249">
     <span class='ocr_line' id='line_1_28' title="bbox 116 2169 1792 2249; baseline -0.005 -14"><span class='ocrx_word' id='word_1_220' title='bbox 116 2176 290 2249; x_wconf 77' lang='lat' dir='ltr'><strong><em>quia</em></strong></span> <span class='ocrx_word' id='word_1_221' title='bbox 301 2175 592 2235; x_wconf 79' lang='lat' dir='ltr'><strong><em>Salvator</em></strong></span> <span class='ocrx_word' id='word_1_222' title='bbox 609 2174 700 2231; x_wconf 91' lang='lat' dir='ltr'><strong><em>est</em></strong></span> <span class='ocrx_word' id='word_1_223' title='bbox 711 2173 779 2231; x_wconf 89' lang='lat' dir='ltr'><strong><em>in</em></strong></span> <span class='ocrx_word' id='word_1_224' title='bbox 798 2174 954 2244; x_wconf 92' lang='lat' dir='ltr'><strong><em>celo;</em></strong></span> <span class='ocrx_word' id='word_1_225' title='bbox 973 2174 1082 2245; x_wconf 85' lang='lat' dir='ltr'><strong><em>qui</em></strong></span> <span class='ocrx_word' id='word_1_226' title='bbox 1104 2172 1212 2230; x_wconf 93' lang='lat' dir='ltr'><strong><em>hoc</em></strong></span> <span class='ocrx_word' id='word_1_227' title='bbox 1230 2185 1350 2230; x_wconf 87' lang='lat' dir='ltr'><strong><em>non</em></strong></span> <span class='ocrx_word' id='word_1_228' title='bbox 1367 2171 1578 2241; x_wconf 85' lang='lat' dir='ltr'><strong><em>credit,</em></strong></span> <span class='ocrx_word' id='word_1_229' title='bbox 1601 2169 1792 2228; x_wconf 89' lang='lat' dir='ltr'><strong><em>vitam</em></strong></span> 
     </span>
    </p>
   </div>
   <div class='ocr_carea' id='block_1_29' title="bbox 118 2257 1792 2332">
    <p class='ocr_par' dir='ltr' id='par_1_29' title="bbox 118 2257 1792 2332">
     <span class='ocr_line' id='line_1_29' title="bbox 118 2257 1792 2332; baseline -0.004 -11"><span class='ocrx_word' id='word_1_230' title='bbox 118 2263 420 2321; x_wconf 73' lang='lat' dir='ltr'><strong><em>aeternam</em></strong></span> <span class='ocrx_word' id='word_1_231' title='bbox 442 2276 563 2320; x_wconf 88' lang='lat' dir='ltr'><strong><em>non</em></strong></span> <span class='ocrx_word' id='word_1_232' title='bbox 580 2260 837 2319; x_wconf 88' lang='lat' dir='ltr'><strong><em>habebit.</em></strong></span> <span class='ocrx_word' id='word_1_233' title='bbox 877 2262 922 2318; x_wconf 96' lang='lat'><strong><em>0</em></strong></span> <span class='ocrx_word' id='word_1_234' title='bbox 941 2274 1138 2318; x_wconf 85' lang='lat' dir='ltr'><strong><em>omnes</em></strong></span> <span class='ocrx_word' id='word_1_235' title='bbox 1163 2259 1371 2332; x_wconf 89' lang='lat' dir='ltr'><strong><em>gentes</em></strong></span> <span class='ocrx_word' id='word_1_236' title='bbox 1390 2272 1509 2316; x_wconf 90' lang='lat' dir='ltr'><strong><em>non</em></strong></span> <span class='ocrx_word' id='word_1_237' title='bbox 1528 2257 1792 2317; x_wconf 85' lang='lat' dir='ltr'><strong><em>credatis</em></strong></span> 
     </span>
    </p>
   </div>
   <div class='ocr_carea' id='block_1_30' title="bbox 118 2345 1789 2420">
    <p class='ocr_par' dir='ltr' id='par_1_30' title="bbox 118 2345 1789 2420">
     <span class='ocr_line' id='line_1_30' title="bbox 118 2345 1789 2420; baseline -0.004 -11"><span class='ocrx_word' id='word_1_238' title='bbox 118 2345 1789 2420; x_wconf 78' lang='lat' dir='ltr'><strong><em>istiseductori;nonhabebitpotestatem.0Antichriste,</em></strong></span> 
     </span>
    </p>
   </div>
   <div class='ocr_carea' id='block_1_31' title="bbox 117 2433 1792 2512">
    <p class='ocr_par' dir='ltr' id='par_1_31' title="bbox 117 2433 1792 2512">
     <span class='ocr_line' id='line_1_31' title="bbox 117 2433 1792 2512; baseline -0.004 -16"><span class='ocrx_word' id='word_1_239' title='bbox 117 2453 328 2512; x_wconf 82' lang='lat' dir='ltr'><strong><em>quare</em></strong></span> <span class='ocrx_word' id='word_1_240' title='bbox 357 2439 592 2496; x_wconf 75' lang='lat' dir='ltr'><strong><em>seducis</em></strong></span> <span class='ocrx_word' id='word_1_241' title='bbox 613 2436 853 2510; x_wconf 81' lang='lat' dir='ltr'><strong><em>gentes?</em></strong></span> <span class='ocrx_word' id='word_1_242' title='bbox 894 2435 1082 2493; x_wconf 85' lang='lat' dir='ltr'><strong><em>Verba</em></strong></span> <span class='ocrx_word' id='word_1_243' title='bbox 1111 2437 1217 2493; x_wconf 88' lang='lat' dir='ltr'><strong><em>tua</em></strong></span> <span class='ocrx_word' id='word_1_244' title='bbox 1242 2448 1362 2493; x_wconf 82' lang='lat' dir='ltr'><strong><em>non</em></strong></span> <span class='ocrx_word' id='word_1_245' title='bbox 1381 2435 1525 2492; x_wconf 85' lang='lat' dir='ltr'><strong><em>sunt</em></strong></span> <span class='ocrx_word' id='word_1_246' title='bbox 1547 2447 1708 2491; x_wconf 88' lang='lat' dir='ltr'><strong><em>vera.</em></strong></span> <span class='ocrx_word' id='word_1_247' title='bbox 1745 2433 1792 2490; x_wconf 95' lang='lat'><strong><em>0</em></strong></span> 
     </span>
    </p>
   </div>
   <div class='ocr_carea' id='block_1_32' title="bbox 110 2520 1785 2598">
    <p class='ocr_par' dir='ltr' id='par_1_32' title="bbox 110 2520 1785 2598">
     <span class='ocr_line' id='line_1_32' title="bbox 110 2520 1785 2598; baseline -0.004 -12"><span class='ocrx_word' id='word_1_248' title='bbox 110 2527 339 2587; x_wconf 80' lang='lat' dir='ltr'><strong><em>sancte</em></strong></span> <span class='ocrx_word' id='word_1_249' title='bbox 349 2525 421 2583; x_wconf 81' lang='grc' dir='ltr'><em>Μ</em></span> <span class='ocrx_word' id='word_1_250' title='bbox 418 2525 793 2597; x_wconf 83' lang='lat' dir='ltr'><strong><em>ichael,quid</em></strong></span> <span class='ocrx_word' id='word_1_251' title='bbox 787 2524 1035 2598; x_wconf 85' lang='lat' dir='ltr'><strong><em>facient</em></strong></span> <span class='ocrx_word' id='word_1_252' title='bbox 1044 2522 1391 2593; x_wconf 78' lang='lat' dir='ltr'><strong><em>tunc‘lAngel</em></strong></span> <span class='ocrx_word' id='word_1_253' title='bbox 1400 2537 1487 2580; x_wconf 88' lang='lat' dir='ltr'><strong><em>us.</em></strong></span> <span class='ocrx_word' id='word_1_254' title='bbox 1497 2522 1643 2580; x_wconf 86' lang='lat' dir='ltr'><strong><em>Dico</em></strong></span> <span class='ocrx_word' id='word_1_255' title='bbox 1657 2520 1785 2591; x_wconf 85' lang='lat' dir='ltr'><strong><em>tibi,</em></strong></span> 
     </span>
    </p>
   </div>
   <div class='ocr_carea' id='block_1_33' title="bbox 119 2608 1790 2684">
    <p class='ocr_par' dir='ltr' id='par_1_33' title="bbox 119 2608 1790 2684">
     <span class='ocr_line' id='line_1_33' title="bbox 119 2608 1790 2684; baseline -0.005 -10"><span class='ocrx_word' id='word_1_256' title='bbox 119 2614 541 2674; x_wconf 87' lang='lat' dir='ltr'><strong><em>testimonium</em></strong></span> <span class='ocrx_word' id='word_1_257' title='bbox 540 2610 1149 2684; x_wconf 87' lang='lat' dir='ltr'><strong><em>prophetabuntquia</em></strong></span> <span class='ocrx_word' id='word_1_258' title='bbox 1160 2610 1451 2669; x_wconf 81' lang='lat' dir='ltr'><strong><em>Salvator</em></strong></span> <span class='ocrx_word' id='word_1_259' title='bbox 1461 2608 1790 2681; x_wconf 83' lang='lat' dir='ltr'><strong><em>veniet;qui</em></strong></span> 
     </span>
    </p>
   </div>
   <div class='ocr_carea' id='block_1_34' title="bbox 119 2695 1787 2771">
    <p class='ocr_par' dir='ltr' id='par_1_34' title="bbox 119 2695 1787 2771">
     <span class='ocr_line' id='line_1_34' title="bbox 119 2695 1787 2771; baseline -0.005 -9"><span class='ocrx_word' id='word_1_260' title='bbox 119 2705 245 2762; x_wconf 85' lang='lat' dir='ltr'><strong><em>hoc</em></strong></span> <span class='ocrx_word' id='word_1_261' title='bbox 273 2701 486 2771; x_wconf 86' lang='lat' dir='ltr'><strong><em>credit,</em></strong></span> <span class='ocrx_word' id='word_1_262' title='bbox 511 2701 716 2758; x_wconf 89' lang='lat' dir='ltr'><strong><em>salvus</em></strong></span> <span class='ocrx_word' id='word_1_263' title='bbox 737 2700 869 2757; x_wconf 90' lang='lat' dir='ltr'><strong><em>erit.</em></strong></span> <span class='ocrx_word' id='word_1_264' title='bbox 894 2700 1041 2757; x_wconf 86' lang='lat' dir='ltr'><strong><em>Dico</em></strong></span> <span class='ocrx_word' id='word_1_265' title='bbox 1064 2699 1196 2769; x_wconf 85' lang='lat' dir='ltr'><strong><em>tibi,</em></strong></span> <span class='ocrx_word' id='word_1_266' title='bbox 1219 2698 1399 2755; x_wconf 90' lang='lat' dir='ltr'><strong><em>multi</em></strong></span> <span class='ocrx_word' id='word_1_267' title='bbox 1428 2695 1669 2755; x_wconf 87' lang='lat' dir='ltr'><strong><em>credent</em></strong></span> <span class='ocrx_word' id='word_1_268' title='bbox 1673 2709 1787 2767; x_wconf 86' lang='lat' dir='ltr'><strong><em>per</em></strong></span> 
     </span>
    </p>
   </div>
   <div class='ocr_carea' id='block_1_35' title="bbox 121 2784 1790 2863">
    <p class='ocr_par' dir='ltr' id='par_1_35' title="bbox 121 2784 1790 2863">
     <span class='ocr_line' id='line_1_35' title="bbox 121 2784 1790 2863; baseline -0.005 -13"><span class='ocrx_word' id='word_1_269' title='bbox 121 2791 401 2863; x_wconf 75' lang='lat' dir='ltr'><strong><em>Helgam</em></strong></span> <span class='ocrx_word' id='word_1_270' title='bbox 429 2790 489 2845; x_wconf 91' lang='lat' dir='ltr'><strong><em>et</em></strong></span> <span class='ocrx_word' id='word_1_271' title='bbox 513 2788 737 2846; x_wconf 80' lang='lat' dir='ltr'><strong><em>Enoch.</em></strong></span> <span class='ocrx_word' id='word_1_272' title='bbox 773 2787 995 2845; x_wconf 86' lang='lat' dir='ltr'><strong><em>Anima.</em></strong></span> <span class='ocrx_word' id='word_1_273' title='bbox 1023 2787 1289 2845; x_wconf 90' lang='lat' dir='ltr'><strong><em>Osancte</em></strong></span> <span class='ocrx_word' id='word_1_274' title='bbox 1313 2784 1599 2855; x_wconf 82' lang='lat' dir='ltr'><strong><em>Michael,</em></strong></span> <span class='ocrx_word' id='word_1_275' title='bbox 1632 2784 1790 2857; x_wconf 90' lang='lat' dir='ltr'><strong><em>quid</em></strong></span> 
     </span>
    </p>
   </div>
   <div class='ocr_carea' id='block_1_36' title="bbox 122 2872 1791 2947">
    <p class='ocr_par' dir='ltr' id='par_1_36' title="bbox 122 2872 1791 2947">
     <span class='ocr_line' id='line_1_36' title="bbox 122 2872 1791 2947; baseline -0.007 -7"><span class='ocrx_word' id='word_1_276' title='bbox 122 2878 371 2945; x_wconf 79' lang='lat' dir='ltr'><strong><em>facient</em></strong></span> <span class='ocrx_word' id='word_1_277' title='bbox 395 2878 565 2935; x_wconf 87' lang='lat' dir='ltr'><strong><em>tunc?</em></strong></span> <span class='ocrx_word' id='word_1_278' title='bbox 588 2876 858 2947; x_wconf 81' lang='lat' dir='ltr'><strong><em>Angelus.</em></strong></span> <span class='ocrx_word' id='word_1_279' title='bbox 885 2876 1031 2933; x_wconf 90' lang='lat' dir='ltr'><strong><em>Dico</em></strong></span> <span class='ocrx_word' id='word_1_280' title='bbox 1055 2874 1202 2944; x_wconf 87' lang='lat' dir='ltr'><strong><em>tibi;</em></strong></span> <span class='ocrx_word' id='word_1_281' title='bbox 1208 2872 1791 2947; x_wconf 84' lang='lat' dir='ltr'><strong><em>prophetabuntom-</em></strong></span> 
     </span>
    </p>
   </div>
   <div class='ocr_carea' id='block_1_37' title="bbox 1894 1198 3560 1275">
    <p class='ocr_par' dir='ltr' id='par_1_37' title="bbox 1894 1198 3560 1275">
     <span class='ocr_line' id='line_1_37' title="bbox 1894 1198 3560 1275; baseline 0.004 -20"><span class='ocrx_word' id='word_1_282' title='bbox 1894 1200 2142 1270; x_wconf 75' lang='lat' dir='ltr'><strong><em>genium</em></strong></span> <span class='ocrx_word' id='word_1_283' title='bbox 2180 1199 2428 1271; x_wconf 85' lang='lat' dir='ltr'><strong><em>propter</em></strong></span> <span class='ocrx_word' id='word_1_284' title='bbox 2446 1212 2550 1257; x_wconf 92' lang='lat' dir='ltr'><strong><em>vos</em></strong></span> <span class='ocrx_word' id='word_1_285' title='bbox 2586 1198 2745 1270; x_wconf 90' lang='lat' dir='ltr'><strong><em>dedi,</em></strong></span> <span class='ocrx_word' id='word_1_286' title='bbox 2775 1213 2881 1258; x_wconf 89' lang='lat' dir='ltr'><strong><em>nec</em></strong></span> <span class='ocrx_word' id='word_1_287' title='bbox 2893 1201 3085 1257; x_wconf 90' lang='lat' dir='ltr'><strong><em>ullum</em></strong></span> <span class='ocrx_word' id='word_1_288' title='bbox 3108 1201 3424 1275; x_wconf 87' lang='lat' dir='ltr'><strong><em>hominem,</em></strong></span> <span class='ocrx_word' id='word_1_289' title='bbox 3453 1204 3560 1261; x_wconf 88' lang='lat' dir='ltr'><strong><em>sed</em></strong></span> 
     </span>
    </p>
   </div>
   <div class='ocr_carea' id='block_1_38' title="bbox 1901 1288 3555 1362">
    <p class='ocr_par' dir='ltr' id='par_1_38' title="bbox 1901 1288 3555 1362">
     <span class='ocr_line' id='line_1_38' title="bbox 1901 1288 3555 1362; baseline 0.003 -18"><span class='ocrx_word' id='word_1_290' title='bbox 1901 1301 2110 1359; x_wconf 89' lang='lat' dir='ltr'><strong><em>corpus</em></strong></span> <span class='ocrx_word' id='word_1_291' title='bbox 2122 1301 2331 1344; x_wconf 89' lang='lat' dir='ltr'><strong><em>meum.</em></strong></span> <span class='ocrx_word' id='word_1_292' title='bbox 2353 1290 2397 1344; x_wconf 94' lang='lat'><strong><em>0</em></strong></span> <span class='ocrx_word' id='word_1_293' title='bbox 2410 1288 2835 1360; x_wconf 87' lang='lat' dir='ltr'><strong><em>omnesgentes,</em></strong></span> <span class='ocrx_word' id='word_1_294' title='bbox 2854 1303 2956 1361; x_wconf 86' lang='lat' dir='ltr'><strong><em>ego</em></strong></span> <span class='ocrx_word' id='word_1_295' title='bbox 2968 1291 3300 1362; x_wconf 87' lang='lat' dir='ltr'><strong><em>amavivos,</em></strong></span> <span class='ocrx_word' id='word_1_296' title='bbox 3321 1292 3555 1350; x_wconf 87' lang='lat' dir='ltr'><strong><em>tradidi</em></strong></span> 
     </span>
    </p>
   </div>
   <div class='ocr_carea' id='block_1_39' title="bbox 1900 1376 3549 1448">
    <p class='ocr_par' dir='ltr' id='par_1_39' title="bbox 1900 1376 3549 1448">
     <span class='ocr_line' id='line_1_39' title="bbox 1900 1376 3549 1448; baseline 0.002 -17"><span class='ocrx_word' id='word_1_297' title='bbox 1900 1388 2109 1448; x_wconf 85' lang='lat' dir='ltr'><strong><em>corpus</em></strong></span> <span class='ocrx_word' id='word_1_298' title='bbox 2120 1390 2315 1433; x_wconf 90' lang='lat' dir='ltr'><strong><em>meum</em></strong></span> <span class='ocrx_word' id='word_1_299' title='bbox 2320 1377 2560 1448; x_wconf 85' lang='lat' dir='ltr'><strong><em>prepter</em></strong></span> <span class='ocrx_word' id='word_1_300' title='bbox 2571 1390 2692 1446; x_wconf 89' lang='lat' dir='ltr'><strong><em>vos,</em></strong></span> <span class='ocrx_word' id='word_1_301' title='bbox 2705 1376 2901 1433; x_wconf 88' lang='lat' dir='ltr'><strong><em>videte</em></strong></span> <span class='ocrx_word' id='word_1_302' title='bbox 2912 1377 3135 1436; x_wconf 87' lang='lat' dir='ltr'><strong><em>dolores</em></strong></span> <span class='ocrx_word' id='word_1_303' title='bbox 3145 1392 3316 1437; x_wconf 90' lang='lat' dir='ltr'><strong><em>meos.</em></strong></span> <span class='ocrx_word' id='word_1_304' title='bbox 3332 1380 3549 1436; x_wconf 88' lang='lat' dir='ltr'><strong><em>Anima.</em></strong></span> 
     </span>
    </p>
   </div>
   <div class='ocr_carea' id='block_1_40' title="bbox 1904 1464 3549 1535">
    <p class='ocr_par' dir='ltr' id='par_1_40' title="bbox 1904 1464 3549 1535">
     <span class='ocr_line' id='line_1_40' title="bbox 1904 1464 3549 1535; baseline 0.002 -14"><span class='ocrx_word' id='word_1_305' title='bbox 1904 1465 1949 1521; x_wconf 94' lang='lat'><strong><em>0</em></strong></span> <span class='ocrx_word' id='word_1_306' title='bbox 1969 1464 2219 1534; x_wconf 78' lang='lat' dir='ltr'><strong><em>domine,</em></strong></span> <span class='ocrx_word' id='word_1_307' title='bbox 2238 1464 2835 1535; x_wconf 85' lang='lat' dir='ltr'><strong><em>quidrespondebunt</em></strong></span> <span class='ocrx_word' id='word_1_308' title='bbox 2846 1465 3014 1523; x_wconf 84' lang='lat' dir='ltr'><strong><em>tunc?</em></strong></span> <span class='ocrx_word' id='word_1_309' title='bbox 3035 1465 3310 1535; x_wconf 88' lang='lat' dir='ltr'><strong><em>Angelus.</em></strong></span> <span class='ocrx_word' id='word_1_310' title='bbox 3335 1469 3549 1525; x_wconf 85' lang='lat' dir='ltr'><strong><em>Omnia</em></strong></span> 
     </span>
    </p>
   </div>
   <div class='ocr_carea' id='block_1_41' title="bbox 1900 1551 3556 1625">
    <p class='ocr_par' dir='ltr' id='par_1_41' title="bbox 1900 1551 3556 1625">
     <span class='ocr_line' id='line_1_41' title="bbox 1900 1551 3556 1625; baseline 0.003 -17"><span class='ocrx_word' id='word_1_311' title='bbox 1900 1566 2079 1624; x_wconf 83' lang='lat' dir='ltr'><strong><em>opera</em></strong></span> <span class='ocrx_word' id='word_1_312' title='bbox 2107 1552 2308 1610; x_wconf 82' lang='lat' dir='ltr'><strong><em>vestra</em></strong></span> <span class='ocrx_word' id='word_1_313' title='bbox 2342 1551 2780 1624; x_wconf 84' lang='lat' dir='ltr'><strong><em>respondebunt</em></strong></span> <span class='ocrx_word' id='word_1_314' title='bbox 2804 1554 3052 1625; x_wconf 89' lang='lat' dir='ltr'><strong><em>propter</em></strong></span> <span class='ocrx_word' id='word_1_315' title='bbox 3086 1565 3205 1612; x_wconf 90' lang='lat' dir='ltr'><strong><em>vos.</em></strong></span> <span class='ocrx_word' id='word_1_316' title='bbox 3252 1555 3472 1613; x_wconf 86' lang='lat' dir='ltr'><strong><em>Anima.</em></strong></span> <span class='ocrx_word' id='word_1_317' title='bbox 3511 1558 3556 1613; x_wconf 95' lang='lat'><strong><em>0</em></strong></span> 
     </span>
    </p>
   </div>
   <div class='ocr_carea' id='block_1_42' title="bbox 1903 1640 3554 1715">
    <p class='ocr_par' dir='ltr' id='par_1_42' title="bbox 1903 1640 3554 1715">
     <span class='ocr_line' id='line_1_42' title="bbox 1903 1640 3554 1715; baseline 0.002 -18"><span class='ocrx_word' id='word_1_318' title='bbox 1903 1640 2155 1710; x_wconf 88' lang='lat' dir='ltr'><strong><em>domine,</em></strong></span> <span class='ocrx_word' id='word_1_319' title='bbox 2182 1640 2336 1712; x_wconf 90' lang='lat' dir='ltr'><strong><em>quid</em></strong></span> <span class='ocrx_word' id='word_1_320' title='bbox 2354 1641 2600 1713; x_wconf 88' lang='lat' dir='ltr'><strong><em>postea?</em></strong></span> <span class='ocrx_word' id='word_1_321' title='bbox 2621 1641 2897 1710; x_wconf 83' lang='lat' dir='ltr'><strong><em>Angelus.</em></strong></span> <span class='ocrx_word' id='word_1_322' title='bbox 2931 1643 3092 1699; x_wconf 85' lang='lat' dir='ltr'><strong><em>Tunc</em></strong></span> <span class='ocrx_word' id='word_1_323' title='bbox 3117 1642 3406 1700; x_wconf 75' lang='lat' dir='ltr'><strong><em>sedebant</em></strong></span> <span class='ocrx_word' id='word_1_324' title='bbox 3419 1657 3554 1715; x_wconf 92' lang='lat' dir='ltr'><strong><em>apo-</em></strong></span> 
     </span>
    </p>
   </div>
   <div class='ocr_carea' id='block_1_43' title="bbox 1899 1728 3554 1801">
    <p class='ocr_par' dir='ltr' id='par_1_43' title="bbox 1899 1728 3554 1801">
     <span class='ocr_line' id='line_1_43' title="bbox 1899 1728 3554 1801; baseline 0.001 -14"><span class='ocrx_word' id='word_1_325' title='bbox 1899 1728 2042 1787; x_wconf 88' lang='lat' dir='ltr'><strong><em>stoli</em></strong></span> <span class='ocrx_word' id='word_1_326' title='bbox 2065 1729 2147 1786; x_wconf 88' lang='lat' dir='ltr'><strong><em>ad</em></strong></span> <span class='ocrx_word' id='word_1_327' title='bbox 2166 1728 2475 1786; x_wconf 75' lang='lat' dir='ltr'><strong><em>deateram</em></strong></span> <span class='ocrx_word' id='word_1_328' title='bbox 2495 1729 2552 1786; x_wconf 88' lang='lat' dir='ltr'><strong><em>et</em></strong></span> <span class='ocrx_word' id='word_1_329' title='bbox 2570 1742 2765 1787; x_wconf 90' lang='lat' dir='ltr'><strong><em>omnes</em></strong></span> <span class='ocrx_word' id='word_1_330' title='bbox 2787 1729 3010 1801; x_wconf 83' lang='lat' dir='ltr'><strong><em>angeli.</em></strong></span> <span class='ocrx_word' id='word_1_331' title='bbox 3049 1729 3270 1786; x_wconf 84' lang='lat' dir='ltr'><strong><em>Anima.</em></strong></span> <span class='ocrx_word' id='word_1_332' title='bbox 3306 1731 3350 1788; x_wconf 97' lang='lat'><strong><em>0</em></strong></span> <span class='ocrx_word' id='word_1_333' title='bbox 3372 1730 3554 1789; x_wconf 87' lang='lat' dir='ltr'><strong><em>domi-</em></strong></span> 
     </span>
    </p>
   </div>
   <div class='ocr_carea' id='block_1_44' title="bbox 1898 1815 3555 1891">
    <p class='ocr_par' dir='ltr' id='par_1_44' title="bbox 1898 1815 3555 1891">
     <span class='ocr_line' id='line_1_44' title="bbox 1898 1815 3555 1891; baseline 0.001 -17"><span class='ocrx_word' id='word_1_334' title='bbox 1898 1830 1974 1874; x_wconf 94' lang='lat' dir='ltr'><strong><em>ne</em></strong></span> <span class='ocrx_word' id='word_1_335' title='bbox 1992 1817 2197 1875; x_wconf 88' lang='lat' dir='ltr'><strong><em>sancte</em></strong></span> <span class='ocrx_word' id='word_1_336' title='bbox 2223 1816 2510 1887; x_wconf 76' lang='lat' dir='ltr'><strong><em>Michael,</em></strong></span> <span class='ocrx_word' id='word_1_337' title='bbox 2546 1816 2642 1875; x_wconf 87' lang='lat' dir='ltr'><strong><em>dic</em></strong></span> <span class='ocrx_word' id='word_1_338' title='bbox 2667 1815 2842 1885; x_wconf 89' lang='lat' dir='ltr'><strong><em>mihi,</em></strong></span> <span class='ocrx_word' id='word_1_339' title='bbox 2878 1817 3031 1889; x_wconf 88' lang='lat' dir='ltr'><strong><em>quid</em></strong></span> <span class='ocrx_word' id='word_1_340' title='bbox 3044 1818 3352 1891; x_wconf 77' lang='lat' dir='ltr'><strong><em>facimus</em></strong></span> <span class='ocrx_word' id='word_1_341' title='bbox 3382 1819 3555 1877; x_wconf 77' lang='lat' dir='ltr'><strong><em>tunc?</em></strong></span> 
     </span>
    </p>
   </div>
   <div class='ocr_carea' id='block_1_45' title="bbox 1904 1904 3554 1979">
    <p class='ocr_par' dir='ltr' id='par_1_45' title="bbox 1904 1904 3554 1979">
     <span class='ocr_line' id='line_1_45' title="bbox 1904 1904 3554 1979; baseline 0.002 -18"><span class='ocrx_word' id='word_1_342' title='bbox 1904 1904 2180 1974; x_wconf 87' lang='lat' dir='ltr'><strong><em>Angelus.</em></strong></span> <span class='ocrx_word' id='word_1_343' title='bbox 2213 1906 2391 1962; x_wconf 78' lang='lat' dir='ltr'><strong><em>Bene.</em></strong></span> <span class='ocrx_word' id='word_1_344' title='bbox 2437 1905 2656 1961; x_wconf 85' lang='lat' dir='ltr'><strong><em>Anima.</em></strong></span> <span class='ocrx_word' id='word_1_345' title='bbox 2694 1906 2738 1962; x_wconf 95' lang='lat'><strong><em>0</em></strong></span> <span class='ocrx_word' id='word_1_346' title='bbox 2770 1905 3021 1976; x_wconf 86' lang='lat' dir='ltr'><strong><em>domine,</em></strong></span> <span class='ocrx_word' id='word_1_347' title='bbox 3063 1906 3217 1979; x_wconf 91' lang='lat' dir='ltr'><strong><em>quid</em></strong></span> <span class='ocrx_word' id='word_1_348' title='bbox 3247 1907 3554 1979; x_wconf 84' lang='lat' dir='ltr'><strong><em>faciemus</em></strong></span> 
     </span>
    </p>
   </div>
   <div class='ocr_carea' id='block_1_46' title="bbox 1902 1992 3555 2065">
    <p class='ocr_par' dir='ltr' id='par_1_46' title="bbox 1902 1992 3555 2065">
     <span class='ocr_line' id='line_1_46' title="bbox 1902 1992 3555 2065; baseline 0.001 -14"><span class='ocrx_word' id='word_1_349' title='bbox 1902 1993 2072 2051; x_wconf 83' lang='lat' dir='ltr'><strong><em>tunc!</em></strong></span> <span class='ocrx_word' id='word_1_350' title='bbox 2094 1992 2367 2063; x_wconf 89' lang='lat' dir='ltr'><strong><em>Angelus.</em></strong></span> <span class='ocrx_word' id='word_1_351' title='bbox 2391 1994 2629 2063; x_wconf 82' lang='lat' dir='ltr'><strong><em>Anima,</em></strong></span> <span class='ocrx_word' id='word_1_352' title='bbox 2654 2006 2846 2065; x_wconf 90' lang='lat' dir='ltr'><strong><em>qua-re</em></strong></span> <span class='ocrx_word' id='word_1_353' title='bbox 2867 2007 2986 2050; x_wconf 89' lang='lat' dir='ltr'><strong><em>non</em></strong></span> <span class='ocrx_word' id='word_1_354' title='bbox 3007 1996 3236 2052; x_wconf 85' lang='lat' dir='ltr'><strong><em>cessas?</em></strong></span> <span class='ocrx_word' id='word_1_355' title='bbox 3257 1995 3479 2051; x_wconf 84' lang='lat' dir='ltr'><strong><em>Anima.</em></strong></span> <span class='ocrx_word' id='word_1_356' title='bbox 3510 1997 3555 2054; x_wconf 97' lang='lat'><strong><em>0</em></strong></span> 
     </span>
    </p>
   </div>
   <div class='ocr_carea' id='block_1_47' title="bbox 1898 2081 3554 2153">
    <p class='ocr_par' dir='ltr' id='par_1_47' title="bbox 1898 2081 3554 2153">
     <span class='ocr_line' id='line_1_47' title="bbox 1898 2081 3554 2153; baseline 0.002 -15"><span class='ocrx_word' id='word_1_357' title='bbox 1898 2081 2133 2139; x_wconf 87' lang='lat' dir='ltr'><strong><em>domine</em></strong></span> <span class='ocrx_word' id='word_1_358' title='bbox 2144 2083 2247 2153; x_wconf 90' lang='lat' dir='ltr'><strong><em>pie</em></strong></span> <span class='ocrx_word' id='word_1_359' title='bbox 2265 2082 2469 2140; x_wconf 89' lang='lat' dir='ltr'><strong><em>sancte</em></strong></span> <span class='ocrx_word' id='word_1_360' title='bbox 2488 2081 2772 2153; x_wconf 75' lang='lat' dir='ltr'><strong><em>Michael,</em></strong></span> <span class='ocrx_word' id='word_1_361' title='bbox 2800 2081 2898 2140; x_wconf 90' lang='lat' dir='ltr'><strong><em>dic</em></strong></span> <span class='ocrx_word' id='word_1_362' title='bbox 2912 2081 3084 2139; x_wconf 89' lang='lat' dir='ltr'><strong><em>mihi.</em></strong></span> <span class='ocrx_word' id='word_1_363' title='bbox 3111 2082 3388 2153; x_wconf 88' lang='lat' dir='ltr'><strong><em>Angelus.</em></strong></span> <span class='ocrx_word' id='word_1_364' title='bbox 3412 2082 3554 2142; x_wconf 74' lang='lat' dir='ltr'><strong><em>Scis</em></strong></span> 
     </span>
    </p>
   </div>
   <div class='ocr_carea' id='block_1_48' title="bbox 1897 2169 3552 2243">
    <p class='ocr_par' dir='ltr' id='par_1_48' title="bbox 1897 2169 3552 2243">
     <span class='ocr_line' id='line_1_48' title="bbox 1897 2169 3552 2243; baseline 0.001 -17"><span class='ocrx_word' id='word_1_365' title='bbox 1897 2183 2120 2239; x_wconf 86' lang='lat' dir='ltr'><strong><em>verum,</em></strong></span> <span class='ocrx_word' id='word_1_366' title='bbox 2133 2169 2509 2241; x_wconf 78' lang='lat' dir='ltr'><strong><em>verumpotes</em></strong></span> <span class='ocrx_word' id='word_1_367' title='bbox 2519 2172 2697 2241; x_wconf 89' lang='lat' dir='ltr'><strong><em>scire,</em></strong></span> <span class='ocrx_word' id='word_1_368' title='bbox 2710 2172 2860 2242; x_wconf 90' lang='lat' dir='ltr'><strong><em>quia</em></strong></span> <span class='ocrx_word' id='word_1_369' title='bbox 2872 2170 3089 2227; x_wconf 88' lang='lat' dir='ltr'><strong><em>Petrus</em></strong></span> <span class='ocrx_word' id='word_1_370' title='bbox 3090 2171 3332 2242; x_wconf 90' lang='lat' dir='ltr'><strong><em>primus</em></strong></span> <span class='ocrx_word' id='word_1_371' title='bbox 3347 2172 3552 2243; x_wconf 83' lang='lat' dir='ltr'><strong><em>loquu-</em></strong></span> 
     </span>
    </p>
   </div>
   <div class='ocr_carea' id='block_1_49' title="bbox 1901 2257 3555 2331">
    <p class='ocr_par' dir='ltr' id='par_1_49' title="bbox 1901 2257 3555 2331">
     <span class='ocr_line' id='line_1_49' title="bbox 1901 2257 3555 2331; baseline -0.001 -17"><span class='ocrx_word' id='word_1_372' title='bbox 1901 2257 1997 2316; x_wconf 89' lang='lat' dir='ltr'><strong><em>tus</em></strong></span> <span class='ocrx_word' id='word_1_373' title='bbox 2009 2258 2114 2315; x_wconf 89' lang='lat' dir='ltr'><strong><em>est.</em></strong></span> <span class='ocrx_word' id='word_1_374' title='bbox 2133 2257 2352 2314; x_wconf 85' lang='lat' dir='ltr'><strong><em>Anima.</em></strong></span> <span class='ocrx_word' id='word_1_375' title='bbox 2369 2259 2639 2329; x_wconf 89' lang='lat' dir='ltr'><strong><em>Domine,</em></strong></span> <span class='ocrx_word' id='word_1_376' title='bbox 2662 2258 2818 2329; x_wconf 89' lang='lat' dir='ltr'><strong><em>quid</em></strong></span> <span class='ocrx_word' id='word_1_377' title='bbox 2819 2258 3023 2331; x_wconf 85' lang='lat' dir='ltr'><strong><em>faciet</em></strong></span> <span class='ocrx_word' id='word_1_378' title='bbox 3037 2258 3284 2317; x_wconf 87' lang='lat' dir='ltr'><strong><em>sanctus</em></strong></span> <span class='ocrx_word' id='word_1_379' title='bbox 3301 2259 3555 2318; x_wconf 82' lang='lat' dir='ltr'><strong><em>Petrus?</em></strong></span> 
     </span>
    </p>
   </div>
   <div class='ocr_carea' id='block_1_50' title="bbox 1901 2345 3549 2418">
    <p class='ocr_par' dir='ltr' id='par_1_50' title="bbox 1901 2345 3549 2418">
     <span class='ocr_line' id='line_1_50' title="bbox 1901 2345 3549 2418; baseline 0.001 -15"><span class='ocrx_word' id='word_1_380' title='bbox 1901 2345 2181 2416; x_wconf 83' lang='lat' dir='ltr'><strong><em>Angelus.</em></strong></span> <span class='ocrx_word' id='word_1_381' title='bbox 2214 2346 2335 2404; x_wconf 90' lang='lat' dir='ltr'><strong><em>Ille</em></strong></span> <span class='ocrx_word' id='word_1_382' title='bbox 2348 2345 2662 2416; x_wconf 84' lang='lat' dir='ltr'><strong><em>judicabit</em></strong></span> <span class='ocrx_word' id='word_1_383' title='bbox 2677 2348 2939 2418; x_wconf 87' lang='lat' dir='ltr'><strong><em>primus,</em></strong></span> <span class='ocrx_word' id='word_1_384' title='bbox 2971 2346 3263 2404; x_wconf 88' lang='lat' dir='ltr'><strong><em>secundus</em></strong></span> <span class='ocrx_word' id='word_1_385' title='bbox 3296 2347 3549 2418; x_wconf 87' lang='lat' dir='ltr'><strong><em>Paulus,</em></strong></span> 
     </span>
    </p>
   </div>
   <div class='ocr_carea' id='block_1_51' title="bbox 1903 2433 3555 2509">
    <p class='ocr_par' dir='ltr' id='par_1_51' title="bbox 1903 2433 3555 2509">
     <span class='ocr_line' id='line_1_51' title="bbox 1903 2433 3555 2509; baseline 0.002 -17"><span class='ocrx_word' id='word_1_386' title='bbox 1903 2434 2123 2492; x_wconf 86' lang='lat' dir='ltr'><strong><em>tercius</em></strong></span> <span class='ocrx_word' id='word_1_387' title='bbox 2131 2433 2437 2492; x_wconf 83' lang='lat' dir='ltr'><strong><em>Johannes</em></strong></span> <span class='ocrx_word' id='word_1_388' title='bbox 2447 2434 2756 2506; x_wconf 81' lang='lat' dir='ltr'><strong><em>Baptista;</em></strong></span> <span class='ocrx_word' id='word_1_389' title='bbox 2768 2434 2907 2492; x_wconf 90' lang='lat' dir='ltr'><strong><em>tunc</em></strong></span> <span class='ocrx_word' id='word_1_390' title='bbox 2917 2449 3113 2493; x_wconf 88' lang='lat' dir='ltr'><strong><em>omnes</em></strong></span> <span class='ocrx_word' id='word_1_391' title='bbox 3125 2438 3404 2509; x_wconf 82' lang='lat' dir='ltr'><strong><em>apostoli;</em></strong></span> <span class='ocrx_word' id='word_1_392' title='bbox 3416 2438 3555 2495; x_wconf 88' lang='lat' dir='ltr'><strong><em>tunc</em></strong></span> 
     </span>
    </p>
   </div>
   <div class='ocr_carea' id='block_1_52' title="bbox 1891 2521 3546 2598">
    <p class='ocr_par' dir='ltr' id='par_1_52' title="bbox 1891 2521 3546 2598">
     <span class='ocr_line' id='line_1_52' title="bbox 1891 2521 3546 2598; baseline 0.001 -18"><span class='ocrx_word' id='word_1_393' title='bbox 1891 2521 2467 2596; x_wconf 82' lang='lat' dir='ltr'><strong><em>judicabuntsancti</em></strong></span> <span class='ocrx_word' id='word_1_394' title='bbox 2480 2522 2812 2592; x_wconf 82' lang='lat' dir='ltr'><strong><em>heremita;</em></strong></span> <span class='ocrx_word' id='word_1_395' title='bbox 2832 2524 2972 2581; x_wconf 89' lang='lat' dir='ltr'><strong><em>tunc</em></strong></span> <span class='ocrx_word' id='word_1_396' title='bbox 2977 2525 3241 2598; x_wconf 87' lang='lat' dir='ltr'><strong><em>perfecti</em></strong></span> <span class='ocrx_word' id='word_1_397' title='bbox 3251 2526 3546 2583; x_wconf 86' lang='lat' dir='ltr'><strong><em>monachi.</em></strong></span> 
     </span>
    </p>
   </div>
   <div class='ocr_carea' id='block_1_53' title="bbox 1902 2610 3547 2684">
    <p class='ocr_par' dir='ltr' id='par_1_53' title="bbox 1902 2610 3547 2684">
     <span class='ocr_line' id='line_1_53' title="bbox 1902 2610 3547 2684; baseline 0.001 -16"><span class='ocrx_word' id='word_1_398' title='bbox 1902 2612 2130 2668; x_wconf 86' lang='lat' dir='ltr'><strong><em>Anima.</em></strong></span> <span class='ocrx_word' id='word_1_399' title='bbox 2160 2612 2205 2669; x_wconf 95' lang='lat'><strong><em>0</em></strong></span> <span class='ocrx_word' id='word_1_400' title='bbox 2227 2610 2479 2681; x_wconf 87' lang='lat' dir='ltr'><strong><em>domine,</em></strong></span> <span class='ocrx_word' id='word_1_401' title='bbox 2511 2610 2666 2683; x_wconf 89' lang='lat' dir='ltr'><strong><em>quid</em></strong></span> <span class='ocrx_word' id='word_1_402' title='bbox 2685 2610 2824 2669; x_wconf 90' lang='lat' dir='ltr'><strong><em>tunc</em></strong></span> <span class='ocrx_word' id='word_1_403' title='bbox 2840 2611 3241 2683; x_wconf 88' lang='lat' dir='ltr'><strong><em>judicabunt?</em></strong></span> <span class='ocrx_word' id='word_1_404' title='bbox 3271 2612 3547 2684; x_wconf 87' lang='lat' dir='ltr'><strong><em>Angelus.</em></strong></span> 
     </span>
    </p>
   </div>
   <div class='ocr_carea' id='block_1_54' title="bbox 1897 2698 3553 2773">
    <p class='ocr_par' dir='ltr' id='par_1_54' title="bbox 1897 2698 3553 2773">
     <span class='ocr_line' id='line_1_54' title="bbox 1897 2698 3553 2773; baseline 0.002 -16"><span class='ocrx_word' id='word_1_405' title='bbox 1897 2700 2059 2758; x_wconf 83' lang='lat' dir='ltr'><strong><em>Boni</em></strong></span> <span class='ocrx_word' id='word_1_406' title='bbox 2079 2698 2339 2771; x_wconf 84' lang='lat' dir='ltr'><strong><em>episcopi</em></strong></span> <span class='ocrx_word' id='word_1_407' title='bbox 2360 2699 2500 2757; x_wconf 88' lang='lat' dir='ltr'><strong><em>tunc</em></strong></span> <span class='ocrx_word' id='word_1_408' title='bbox 2517 2698 3080 2757; x_wconf 91' lang='lat' dir='ltr'><strong><em>reddentrationem</em></strong></span> <span class='ocrx_word' id='word_1_409' title='bbox 3093 2699 3332 2758; x_wconf 88' lang='lat' dir='ltr'><strong><em>deomni</em></strong></span> <span class='ocrx_word' id='word_1_410' title='bbox 3344 2715 3553 2773; x_wconf 86' lang='lat' dir='ltr'><strong><em>pecore</em></strong></span> 
     </span>
    </p>
   </div>
   <div class='ocr_carea' id='block_1_55' title="bbox 1898 2786 3554 2858">
    <p class='ocr_par' dir='ltr' id='par_1_55' title="bbox 1898 2786 3554 2858">
     <span class='ocr_line' id='line_1_55' title="bbox 1898 2786 3554 2858; baseline 0.002 -12"><span class='ocrx_word' id='word_1_411' title='bbox 1898 2800 2025 2846; x_wconf 90' lang='lat' dir='ltr'><strong><em>suo.</em></strong></span> <span class='ocrx_word' id='word_1_412' title='bbox 2062 2787 2285 2844; x_wconf 88' lang='lat' dir='ltr'><strong><em>Anima.</em></strong></span> <span class='ocrx_word' id='word_1_413' title='bbox 2325 2788 2369 2843; x_wconf 96' lang='lat'><strong><em>0</em></strong></span> <span class='ocrx_word' id='word_1_414' title='bbox 2397 2786 2648 2857; x_wconf 85' lang='lat' dir='ltr'><strong><em>domine,</em></strong></span> <span class='ocrx_word' id='word_1_415' title='bbox 2688 2786 2843 2857; x_wconf 92' lang='lat' dir='ltr'><strong><em>quid</em></strong></span> <span class='ocrx_word' id='word_1_416' title='bbox 2870 2787 3045 2844; x_wconf 88' lang='lat' dir='ltr'><strong><em>tunc?</em></strong></span> <span class='ocrx_word' id='word_1_417' title='bbox 3075 2787 3351 2858; x_wconf 89' lang='lat' dir='ltr'><strong><em>Angelus.</em></strong></span> <span class='ocrx_word' id='word_1_418' title='bbox 3392 2791 3554 2848; x_wconf 87' lang='lat' dir='ltr'><strong><em>Tunc</em></strong></span> 
     </span>
    </p>
   </div>
   <div class='ocr_carea' id='block_1_56' title="bbox 1898 2874 3546 2948">
    <p class='ocr_par' dir='ltr' id='par_1_56' title="bbox 1898 2874 3546 2948">
     <span class='ocr_line' id='line_1_56' title="bbox 1898 2874 3546 2948; baseline 0 -15"><span class='ocrx_word' id='word_1_419' title='bbox 1898 2877 2139 2934; x_wconf 86' lang='lat' dir='ltr'><strong><em>venient</em></strong></span> <span class='ocrx_word' id='word_1_420' title='bbox 2149 2875 2284 2933; x_wconf 90' lang='lat' dir='ltr'><strong><em>boni</em></strong></span> <span class='ocrx_word' id='word_1_421' title='bbox 2282 2874 2646 2948; x_wconf 73' lang='lat' dir='ltr'><strong><em>presbyteri,</em></strong></span> <span class='ocrx_word' id='word_1_422' title='bbox 2664 2875 2804 2932; x_wconf 89' lang='lat' dir='ltr'><strong><em>tunc</em></strong></span> <span class='ocrx_word' id='word_1_423' title='bbox 2804 2874 3305 2947; x_wconf 87' lang='lat' dir='ltr'><strong><em>judicabuntilli.</em></strong></span> <span class='ocrx_word' id='word_1_424' title='bbox 3325 2877 3546 2935; x_wconf 85' lang='lat' dir='ltr'><strong><em>Anima.</em></strong></span> 
     </span>
    </p>
   </div>
   <div class='ocr_carea' id='block_1_57' title="bbox 124 2961 3551 3051">
    <p class='ocr_par' dir='ltr' id='par_1_57' title="bbox 124 2961 3551 3051">
     <span class='ocr_line' id='line_1_57' title="bbox 124 2961 3551 3051; baseline -0.001 -24"><span class='ocrx_word' id='word_1_425' title='bbox 124 2970 249 3027; x_wconf 88' lang='lat' dir='ltr'><strong><em>nia</em></strong></span> <span class='ocrx_word' id='word_1_426' title='bbox 266 2980 411 3025; x_wconf 89' lang='lat' dir='ltr'><strong><em>vera</em></strong></span> <span class='ocrx_word' id='word_1_427' title='bbox 430 2964 981 3037; x_wconf 84' lang='lat' dir='ltr'><strong><em>usqueadmortem.</em></strong></span> <span class='ocrx_word' id='word_1_428' title='bbox 1009 2964 1229 3020; x_wconf 86' lang='lat' dir='ltr'><strong><em>Anima.</em></strong></span> <span class='ocrx_word' id='word_1_429' title='bbox 1263 2963 1392 3029; x_wconf 86' lang='lat' dir='ltr'><strong><em>Qua</em></strong></span> <span class='ocrx_word' id='word_1_430' title='bbox 1407 2962 1594 3019; x_wconf 89' lang='lat' dir='ltr'><strong><em>morte</em></strong></span> <span class='ocrx_word' id='word_1_431' title='bbox 1614 2961 1797 3020; x_wconf 89' lang='lat' dir='ltr'><strong><em>erunt</em></strong></span> <span class='ocrx_word' id='word_1_432' title='bbox 1904 2965 1949 3023; x_wconf 97' lang='lat'><strong><em>0</em></strong></span> <span class='ocrx_word' id='word_1_433' title='bbox 1973 2964 2226 3051; x_wconf 80' lang='lat' dir='ltr'><strong><em>domine,</em></strong></span> <span class='ocrx_word' id='word_1_434' title='bbox 2261 2962 2413 3051; x_wconf 89' lang='lat' dir='ltr'><strong><em>quid</em></strong></span> <span class='ocrx_word' id='word_1_435' title='bbox 2424 2964 2733 3035; x_wconf 87' lang='lat' dir='ltr'><strong><em>faciemus</em></strong></span> <span class='ocrx_word' id='word_1_436' title='bbox 2746 2963 2935 3051; x_wconf 75' lang='lat' dir='ltr'><strong><em>tunc?</em></strong></span> <span class='ocrx_word' id='word_1_437' title='bbox 2965 2964 3239 3035; x_wconf 88' lang='lat' dir='ltr'><strong><em>Angelus.</em></strong></span> <span class='ocrx_word' id='word_1_438' title='bbox 3272 2966 3434 3024; x_wconf 84' lang='lat' dir='ltr'><strong><em>Tunc</em></strong></span> <span class='ocrx_word' id='word_1_439' title='bbox 3458 2980 3551 3051; x_wconf 59' lang='lat' dir='ltr'><strong><em>ve;</em></strong></span> 
     </span>
    </p>
   </div>
   <div class='ocr_carea' id='block_1_58' title="bbox 128 3051 1785 3126">
    <p class='ocr_par' dir='ltr' id='par_1_58' title="bbox 128 3051 1785 3126">
     <span class='ocr_line' id='line_1_58' title="bbox 128 3051 1785 3126; baseline -0.005 -10"><span class='ocrx_word' id='word_1_440' title='bbox 128 3056 457 3116; x_wconf 81' lang='lat' dir='ltr'><strong><em>morituri?</em></strong></span> <span class='ocrx_word' id='word_1_441' title='bbox 479 3052 751 3124; x_wconf 87' lang='lat' dir='ltr'><strong><em>Angelus.</em></strong></span> <span class='ocrx_word' id='word_1_442' title='bbox 776 3053 1092 3126; x_wconf 83' lang='lat' dir='ltr'><strong><em>Interfecti</em></strong></span> <span class='ocrx_word' id='word_1_443' title='bbox 1113 3052 1290 3109; x_wconf 91' lang='lat' dir='ltr'><strong><em>erunt</em></strong></span> <span class='ocrx_word' id='word_1_444' title='bbox 1296 3065 1411 3124; x_wconf 89' lang='lat' dir='ltr'><strong><em>pro</em></strong></span> <span class='ocrx_word' id='word_1_445' title='bbox 1433 3051 1546 3109; x_wconf 93' lang='lat' dir='ltr'><strong><em>Dei</em></strong></span> <span class='ocrx_word' id='word_1_446' title='bbox 1567 3063 1785 3108; x_wconf 90' lang='lat' dir='ltr'><strong><em>amore.</em></strong></span> 
     </span>
    </p>
   </div>
   <div class='ocr_carea' id='block_1_59' title="bbox 131 3138 1793 3213">
    <p class='ocr_par' dir='ltr' id='par_1_59' title="bbox 131 3138 1793 3213">
     <span class='ocr_line' id='line_1_59' title="bbox 131 3138 1793 3213; baseline -0.004 -8"><span class='ocrx_word' id='word_1_447' title='bbox 131 3151 174 3205; x_wconf 90' lang='lat' dir='ltr'><strong><em>A</em></strong></span> <span class='ocrx_word' id='word_1_448' title='bbox 187 3147 364 3205; x_wconf 85' lang='lat' dir='ltr'><strong><em>nima.</em></strong></span> <span class='ocrx_word' id='word_1_449' title='bbox 393 3147 438 3203; x_wconf 95' lang='lat'><strong><em>0</em></strong></span> <span class='ocrx_word' id='word_1_450' title='bbox 459 3146 691 3204; x_wconf 85' lang='lat' dir='ltr'><strong><em>domine</em></strong></span> <span class='ocrx_word' id='word_1_451' title='bbox 701 3140 1197 3211; x_wconf 85' lang='lat' dir='ltr'><strong><em>sancteMichael,</em></strong></span> <span class='ocrx_word' id='word_1_452' title='bbox 1217 3141 1315 3198; x_wconf 89' lang='lat' dir='ltr'><strong><em>dic</em></strong></span> <span class='ocrx_word' id='word_1_453' title='bbox 1332 3138 1505 3211; x_wconf 89' lang='lat' dir='ltr'><strong><em>mihi,</em></strong></span> <span class='ocrx_word' id='word_1_454' title='bbox 1529 3140 1793 3213; x_wconf 84' lang='lat' dir='ltr'><strong><em>quidfa-</em></strong></span> 
     </span>
    </p>
   </div>
   <div class='ocr_carea' id='block_1_60' title="bbox 124 3228 1792 3302">
    <p class='ocr_par' dir='ltr' id='par_1_60' title="bbox 124 3228 1792 3302">
     <span class='ocr_line' id='line_1_60' title="bbox 124 3228 1792 3302; baseline -0.004 -9"><span class='ocrx_word' id='word_1_455' title='bbox 124 3239 360 3295; x_wconf 84' lang='lat' dir='ltr'><strong><em>ciemus</em></strong></span> <span class='ocrx_word' id='word_1_456' title='bbox 383 3230 840 3302; x_wconf 86' lang='lat' dir='ltr'><strong><em>tunc?Angelus.</em></strong></span> <span class='ocrx_word' id='word_1_457' title='bbox 864 3232 908 3288; x_wconf 97' lang='lat'><strong><em>0</em></strong></span> <span class='ocrx_word' id='word_1_458' title='bbox 929 3230 1156 3300; x_wconf 88' lang='lat' dir='ltr'><strong><em>anima,</em></strong></span> <span class='ocrx_word' id='word_1_459' title='bbox 1172 3242 1354 3287; x_wconf 90' lang='lat' dir='ltr'><strong><em>cessa.</em></strong></span> <span class='ocrx_word' id='word_1_460' title='bbox 1384 3229 1604 3286; x_wconf 86' lang='lat' dir='ltr'><strong><em>Anima.</em></strong></span> <span class='ocrx_word' id='word_1_461' title='bbox 1632 3231 1676 3287; x_wconf 97' lang='lat'><strong><em>0</em></strong></span> <span class='ocrx_word' id='word_1_462' title='bbox 1696 3228 1792 3286; x_wconf 88' lang='lat' dir='ltr'><strong><em>do-</em></strong></span> 
     </span>
    </p>
   </div>
   <div class='ocr_carea' id='block_1_61' title="bbox 121 3316 1786 3392">
    <p class='ocr_par' dir='ltr' id='par_1_61' title="bbox 121 3316 1786 3392">
     <span class='ocr_line' id='line_1_61' title="bbox 121 3316 1786 3392; baseline -0.005 -10"><span class='ocrx_word' id='word_1_463' title='bbox 121 3325 298 3382; x_wconf 85' lang='lat' dir='ltr'><strong><em>mine</em></strong></span> <span class='ocrx_word' id='word_1_464' title='bbox 317 3323 520 3382; x_wconf 89' lang='lat' dir='ltr'><strong><em>sancte</em></strong></span> <span class='ocrx_word' id='word_1_465' title='bbox 545 3320 828 3390; x_wconf 85' lang='lat' dir='ltr'><strong><em>Michael,</em></strong></span> <span class='ocrx_word' id='word_1_466' title='bbox 850 3320 950 3392; x_wconf 91' lang='lat' dir='ltr'><strong><em>pie</em></strong></span> <span class='ocrx_word' id='word_1_467' title='bbox 964 3320 1165 3391; x_wconf 89' lang='lat' dir='ltr'><strong><em>pater,</em></strong></span> <span class='ocrx_word' id='word_1_468' title='bbox 1192 3318 1290 3376; x_wconf 91' lang='lat' dir='ltr'><strong><em>dic</em></strong></span> <span class='ocrx_word' id='word_1_469' title='bbox 1310 3317 1481 3375; x_wconf 89' lang='lat' dir='ltr'><strong><em>mihi.</em></strong></span> <span class='ocrx_word' id='word_1_470' title='bbox 1511 3316 1786 3389; x_wconf 88' lang='lat' dir='ltr'><strong><em>Angelus.</em></strong></span> 
     </span>
    </p>
   </div>
   <div class='ocr_carea' id='block_1_62' title="bbox 131 3405 1792 3479">
    <p class='ocr_par' dir='ltr' id='par_1_62' title="bbox 131 3405 1792 3479">
     <span class='ocr_line' id='line_1_62' title="bbox 131 3405 1792 3479; baseline -0.004 -8"><span class='ocrx_word' id='word_1_471' title='bbox 131 3415 307 3472; x_wconf 83' lang='lat' dir='ltr'><strong><em>Tunc</em></strong></span> <span class='ocrx_word' id='word_1_472' title='bbox 337 3409 579 3469; x_wconf 89' lang='lat' dir='ltr'><strong><em>ardebit</em></strong></span> <span class='ocrx_word' id='word_1_473' title='bbox 600 3409 785 3466; x_wconf 88' lang='lat' dir='ltr'><strong><em>omnis</em></strong></span> <span class='ocrx_word' id='word_1_474' title='bbox 819 3408 1000 3465; x_wconf 87' lang='lat' dir='ltr'><strong><em>terra.</em></strong></span> <span class='ocrx_word' id='word_1_475' title='bbox 1038 3407 1263 3462; x_wconf 82' lang='lat' dir='ltr'><strong><em>Anima.</em></strong></span> <span class='ocrx_word' id='word_1_476' title='bbox 1302 3405 1461 3473; x_wconf 86' lang='lat' dir='ltr'><strong><em>Quid</em></strong></span> <span class='ocrx_word' id='word_1_477' title='bbox 1484 3406 1792 3479; x_wconf 81' lang='lat' dir='ltr'><strong><em>faciemus</em></strong></span> 
     </span>
    </p>
   </div>
   <div class='ocr_carea' id='block_1_63' title="bbox 121 3493 1792 3569">
    <p class='ocr_par' dir='ltr' id='par_1_63' title="bbox 121 3493 1792 3569">
     <span class='ocr_line' id='line_1_63' title="bbox 121 3493 1792 3569; baseline -0.004 -13"><span class='ocrx_word' id='word_1_478' title='bbox 121 3502 298 3569; x_wconf 88' lang='lat' dir='ltr'><strong><em>tunc,</em></strong></span> <span class='ocrx_word' id='word_1_479' title='bbox 316 3499 582 3556; x_wconf 81' lang='lat' dir='ltr'><strong><em>domine?</em></strong></span> <span class='ocrx_word' id='word_1_480' title='bbox 597 3495 878 3555; x_wconf 87' lang='lat' dir='ltr'><strong><em>dicmihi.</em></strong></span> <span class='ocrx_word' id='word_1_481' title='bbox 898 3494 1174 3565; x_wconf 83' lang='lat' dir='ltr'><strong><em>Angelus.</em></strong></span> <span class='ocrx_word' id='word_1_482' title='bbox 1199 3495 1361 3552; x_wconf 88' lang='lat' dir='ltr'><strong><em>Tunc</em></strong></span> <span class='ocrx_word' id='word_1_483' title='bbox 1371 3493 1792 3552; x_wconf 83' lang='lat' dir='ltr'><strong><em>venietS&#39;alva-</em></strong></span> 
     </span>
    </p>
   </div>
   <div class='ocr_carea' id='block_1_64' title="bbox 122 3583 1791 3656">
    <p class='ocr_par' dir='ltr' id='par_1_64' title="bbox 122 3583 1791 3656">
     <span class='ocr_line' id='line_1_64' title="bbox 122 3583 1791 3656; baseline -0.004 -11"><span class='ocrx_word' id='word_1_484' title='bbox 122 3589 243 3646; x_wconf 90' lang='lat' dir='ltr'><strong><em>tor.</em></strong></span> <span class='ocrx_word' id='word_1_485' title='bbox 277 3587 497 3644; x_wconf 79' lang='lat' dir='ltr'><strong><em>Anima.</em></strong></span> <span class='ocrx_word' id='word_1_486' title='bbox 518 3587 633 3644; x_wconf 88' lang='lat' dir='ltr'><strong><em>Pie</em></strong></span> <span class='ocrx_word' id='word_1_487' title='bbox 649 3585 901 3654; x_wconf 86' lang='lat' dir='ltr'><strong><em>domine,</em></strong></span> <span class='ocrx_word' id='word_1_488' title='bbox 926 3583 1394 3656; x_wconf 82' lang='lat' dir='ltr'><strong><em>quidfaciemus</em></strong></span> <span class='ocrx_word' id='word_1_489' title='bbox 1413 3583 1586 3640; x_wconf 86' lang='lat' dir='ltr'><strong><em>tunc?</em></strong></span> <span class='ocrx_word' id='word_1_490' title='bbox 1608 3583 1791 3653; x_wconf 89' lang='lat' dir='ltr'><strong><em>Ange-</em></strong></span> 
     </span>
    </p>
   </div>
   <div class='ocr_carea' id='block_1_65' title="bbox 120 3670 1791 3743">
    <p class='ocr_par' dir='ltr' id='par_1_65' title="bbox 120 3670 1791 3743">
     <span class='ocr_line' id='line_1_65' title="bbox 120 3670 1791 3743; baseline -0.002 -10"><span class='ocrx_word' id='word_1_491' title='bbox 120 3675 242 3736; x_wconf 91' lang='lat' dir='ltr'><strong><em>lus.</em></strong></span> <span class='ocrx_word' id='word_1_492' title='bbox 267 3672 984 3743; x_wconf 80' lang='lat' dir='ltr'><strong><em>TuncvenientMatheus,</em></strong></span> <span class='ocrx_word' id='word_1_493' title='bbox 999 3671 1267 3742; x_wconf 85' lang='lat' dir='ltr'><strong><em>Marcus,</em></strong></span> <span class='ocrx_word' id='word_1_494' title='bbox 1287 3673 1479 3729; x_wconf 78' lang='lat' dir='ltr'><strong><em>Lucas</em></strong></span> <span class='ocrx_word' id='word_1_495' title='bbox 1490 3670 1549 3728; x_wconf 92' lang='lat' dir='ltr'><strong><em>et</em></strong></span> <span class='ocrx_word' id='word_1_496' title='bbox 1563 3670 1791 3729; x_wconf 86' lang='lat' dir='ltr'><strong><em>Johan-</em></strong></span> 
     </span>
    </p>
   </div>
   <div class='ocr_carea' id='block_1_66' title="bbox 118 3757 1793 3832">
    <p class='ocr_par' dir='ltr' id='par_1_66' title="bbox 118 3757 1793 3832">
     <span class='ocr_line' id='line_1_66' title="bbox 118 3757 1793 3832; baseline -0.005 -7"><span class='ocrx_word' id='word_1_497' title='bbox 118 3779 250 3825; x_wconf 89' lang='lat' dir='ltr'><strong><em>nes.</em></strong></span> <span class='ocrx_word' id='word_1_498' title='bbox 279 3764 322 3821; x_wconf 92' lang='grc' dir='ltr'><em>Ι</em></span> <span class='ocrx_word' id='word_1_499' title='bbox 321 3763 393 3821; x_wconf 88' lang='lat' dir='ltr'><strong><em>lli</em></strong></span> <span class='ocrx_word' id='word_1_500' title='bbox 416 3762 641 3821; x_wconf 88' lang='lat' dir='ltr'><strong><em>dicent:</em></strong></span> <span class='ocrx_word' id='word_1_501' title='bbox 663 3763 809 3820; x_wconf 88' lang='lat' dir='ltr'><strong><em>Ossa</em></strong></span> <span class='ocrx_word' id='word_1_502' title='bbox 825 3760 1026 3831; x_wconf 90' lang='lat' dir='ltr'><strong><em>arida,</em></strong></span> <span class='ocrx_word' id='word_1_503' title='bbox 1043 3759 1309 3832; x_wconf 87' lang='lat' dir='ltr'><strong><em>surgite;</em></strong></span> <span class='ocrx_word' id='word_1_504' title='bbox 1327 3759 1535 3817; x_wconf 88' lang='lat' dir='ltr'><strong><em>audite</em></strong></span> <span class='ocrx_word' id='word_1_505' title='bbox 1549 3757 1793 3817; x_wconf 86' lang='lat' dir='ltr'><strong><em>verbum</em></strong></span> 
     </span>
    </p>
   </div>
   <div class='ocr_carea' id='block_1_67' title="bbox 121 3847 1793 3918">
    <p class='ocr_par' dir='ltr' id='par_1_67' title="bbox 121 3847 1793 3918">
     <span class='ocr_line' id='line_1_67' title="bbox 121 3847 1793 3918; baseline -0.006 -4"><span class='ocrx_word' id='word_1_506' title='bbox 121 3853 397 3914; x_wconf 81' lang='lat' dir='ltr'><strong><em>Domini.</em></strong></span> <span class='ocrx_word' id='word_1_507' title='bbox 430 3853 590 3910; x_wconf 85' lang='lat' dir='ltr'><strong><em>Tunc</em></strong></span> <span class='ocrx_word' id='word_1_508' title='bbox 607 3852 907 3909; x_wconf 89' lang='lat' dir='ltr'><strong><em>veniemus</em></strong></span> <span class='ocrx_word' id='word_1_509' title='bbox 929 3863 1129 3907; x_wconf 90' lang='lat' dir='ltr'><strong><em>coram</em></strong></span> <span class='ocrx_word' id='word_1_510' title='bbox 1146 3849 1508 3918; x_wconf 81' lang='lat' dir='ltr'><strong><em>Salvatore;</em></strong></span> <span class='ocrx_word' id='word_1_511' title='bbox 1519 3847 1659 3905; x_wconf 89' lang='lat' dir='ltr'><strong><em>tunc</em></strong></span> <span class='ocrx_word' id='word_1_512' title='bbox 1677 3848 1793 3907; x_wconf 86' lang='lat' dir='ltr'><strong><em>erit</em></strong></span> 
     </span>
    </p>
   </div>
   <div class='ocr_carea' id='block_1_68' title="bbox 122 3936 1791 4003">
    <p class='ocr_par' dir='ltr' id='par_1_68' title="bbox 122 3936 1791 4003">
     <span class='ocr_line' id='line_1_68' title="bbox 122 3936 1791 4003; baseline -0.006 0"><span class='ocrx_word' id='word_1_513' title='bbox 122 3942 395 4003; x_wconf 87' lang='lat' dir='ltr'><strong><em>mundus</em></strong></span> <span class='ocrx_word' id='word_1_514' title='bbox 406 3955 592 3999; x_wconf 89' lang='lat' dir='ltr'><strong><em>novus</em></strong></span> <span class='ocrx_word' id='word_1_515' title='bbox 605 3940 835 3997; x_wconf 85' lang='lat' dir='ltr'><strong><em>etterra</em></strong></span> <span class='ocrx_word' id='word_1_516' title='bbox 846 3952 1018 3996; x_wconf 86' lang='lat' dir='ltr'><strong><em>nova.</em></strong></span> <span class='ocrx_word' id='word_1_517' title='bbox 1038 3937 1260 3994; x_wconf 88' lang='lat' dir='ltr'><strong><em>Anima.</em></strong></span> <span class='ocrx_word' id='word_1_518' title='bbox 1280 3938 1325 3993; x_wconf 96' lang='lat'><strong><em>0</em></strong></span> <span class='ocrx_word' id='word_1_519' title='bbox 1342 3936 1575 3994; x_wconf 90' lang='lat' dir='ltr'><strong><em>domine</em></strong></span> <span class='ocrx_word' id='word_1_520' title='bbox 1587 3936 1791 3994; x_wconf 90' lang='lat' dir='ltr'><strong><em>sancte</em></strong></span> 
     </span>
    </p>
   </div>
   <div class='ocr_carea' id='block_1_69' title="bbox 127 4022 1785 4102">
    <p class='ocr_par' dir='ltr' id='par_1_69' title="bbox 127 4022 1785 4102">
     <span class='ocr_line' id='line_1_69' title="bbox 127 4022 1785 4102; baseline -0.007 -12"><span class='ocrx_word' id='word_1_521' title='bbox 127 4029 409 4090; x_wconf 83' lang='lat' dir='ltr'><strong><em>Michael</em></strong></span> <span class='ocrx_word' id='word_1_522' title='bbox 424 4030 531 4102; x_wconf 86' lang='lat' dir='ltr'><strong><em>pie</em></strong></span> <span class='ocrx_word' id='word_1_523' title='bbox 564 4028 759 4101; x_wconf 86' lang='lat' dir='ltr'><strong><em>pater,</em></strong></span> <span class='ocrx_word' id='word_1_524' title='bbox 793 4026 945 4100; x_wconf 90' lang='lat' dir='ltr'><strong><em>quid</em></strong></span> <span class='ocrx_word' id='word_1_525' title='bbox 967 4026 1277 4099; x_wconf 79' lang='lat' dir='ltr'><strong><em>faciemus</em></strong></span> <span class='ocrx_word' id='word_1_526' title='bbox 1309 4025 1480 4082; x_wconf 90' lang='lat' dir='ltr'><strong><em>tunc?</em></strong></span> <span class='ocrx_word' id='word_1_527' title='bbox 1509 4022 1785 4094; x_wconf 85' lang='lat' dir='ltr'><strong><em>Angelus.</em></strong></span> 
     </span>
    </p>
   </div>
   <div class='ocr_carea' id='block_1_70' title="bbox 128 4113 1784 4187">
    <p class='ocr_par' dir='ltr' id='par_1_70' title="bbox 128 4113 1784 4187">
     <span class='ocr_line' id='line_1_70' title="bbox 128 4113 1784 4187; baseline -0.009 -6"><span class='ocrx_word' id='word_1_528' title='bbox 128 4121 282 4180; x_wconf 83' lang='lat' dir='ltr'><strong><em>Dico</em></strong></span> <span class='ocrx_word' id='word_1_529' title='bbox 307 4118 441 4176; x_wconf 89' lang='lat' dir='ltr'><strong><em>tibi.</em></strong></span> <span class='ocrx_word' id='word_1_530' title='bbox 463 4116 686 4173; x_wconf 86' lang='lat' dir='ltr'><strong><em>Anima.</em></strong></span> <span class='ocrx_word' id='word_1_531' title='bbox 713 4114 1008 4185; x_wconf 88' lang='lat' dir='ltr'><strong><em>Dicmihi,</em></strong></span> <span class='ocrx_word' id='word_1_532' title='bbox 1025 4113 1447 4187; x_wconf 88' lang='lat' dir='ltr'><strong><em>inquaforma</em></strong></span> <span class='ocrx_word' id='word_1_533' title='bbox 1465 4114 1784 4171; x_wconf 89' lang='lat' dir='ltr'><strong><em>veniemus.</em></strong></span> 
     </span>
    </p>
   </div>
   <div class='ocr_carea' id='block_1_71' title="bbox 131 4199 1784 4280">
    <p class='ocr_par' dir='ltr' id='par_1_71' title="bbox 131 4199 1784 4280">
     <span class='ocr_line' id='line_1_71' title="bbox 131 4199 1784 4280; baseline -0.007 -14"><span class='ocrx_word' id='word_1_534' title='bbox 131 4205 413 4280; x_wconf 87' lang='lat' dir='ltr'><strong><em>Angelus.</em></strong></span> <span class='ocrx_word' id='word_1_535' title='bbox 451 4205 499 4262; x_wconf 96' lang='lat'><strong><em>0</em></strong></span> <span class='ocrx_word' id='word_1_536' title='bbox 524 4204 755 4276; x_wconf 85' lang='lat' dir='ltr'><strong><em>anima,</em></strong></span> <span class='ocrx_word' id='word_1_537' title='bbox 785 4216 970 4271; x_wconf 90' lang='lat' dir='ltr'><strong><em>cessa,</em></strong></span> <span class='ocrx_word' id='word_1_538' title='bbox 998 4201 1154 4259; x_wconf 90' lang='lat' dir='ltr'><strong><em>satis</em></strong></span> <span class='ocrx_word' id='word_1_539' title='bbox 1185 4200 1418 4258; x_wconf 88' lang='lat' dir='ltr'><strong><em>audisti</em></strong></span> <span class='ocrx_word' id='word_1_540' title='bbox 1436 4199 1784 4273; x_wconf 83' lang='lat' dir='ltr'><strong><em>prophetas.</em></strong></span> 
     </span>
    </p>
   </div>
   <div class='ocr_carea' id='block_1_72' title="bbox 131 4288 1790 4367">
    <p class='ocr_par' dir='ltr' id='par_1_72' title="bbox 131 4288 1790 4367">
     <span class='ocr_line' id='line_1_72' title="bbox 131 4288 1790 4367; baseline -0.005 -12"><span class='ocrx_word' id='word_1_541' title='bbox 131 4294 344 4355; x_wconf 84' lang='lat' dir='ltr'><strong><em>Omnis</em></strong></span> <span class='ocrx_word' id='word_1_542' title='bbox 361 4291 528 4367; x_wconf 89' lang='lat' dir='ltr'><strong><em>plebs</em></strong></span> <span class='ocrx_word' id='word_1_543' title='bbox 550 4289 1067 4364; x_wconf 88' lang='lat' dir='ltr'><strong><em>habebitformam</em></strong></span> <span class='ocrx_word' id='word_1_544' title='bbox 1087 4288 1352 4361; x_wconf 89' lang='lat' dir='ltr'><strong><em>triginta</em></strong></span> <span class='ocrx_word' id='word_1_545' title='bbox 1371 4302 1685 4358; x_wconf 89' lang='lat' dir='ltr'><strong><em>annorum,</em></strong></span> <span class='ocrx_word' id='word_1_546' title='bbox 1707 4288 1790 4346; x_wconf 83' lang='lat' dir='ltr'><strong><em>si-</em></strong></span> 
     </span>
    </p>
   </div>
   <div class='ocr_carea' id='block_1_73' title="bbox 126 4375 1783 4454">
    <p class='ocr_par' dir='ltr' id='par_1_73' title="bbox 126 4375 1783 4454">
     <span class='ocr_line' id='line_1_73' title="bbox 126 4375 1783 4454; baseline -0.007 -11"><span class='ocrx_word' id='word_1_547' title='bbox 126 4385 262 4442; x_wconf 88' lang='lat' dir='ltr'><strong><em>mul</em></strong></span> <span class='ocrx_word' id='word_1_548' title='bbox 290 4384 416 4441; x_wconf 89' lang='lat' dir='ltr'><strong><em>tam</em></strong></span> <span class='ocrx_word' id='word_1_549' title='bbox 431 4380 635 4454; x_wconf 86' lang='lat' dir='ltr'><strong><em>pueri,</em></strong></span> <span class='ocrx_word' id='word_1_550' title='bbox 655 4378 924 4450; x_wconf 82' lang='lat' dir='ltr'><strong><em>juvenes,</em></strong></span> <span class='ocrx_word' id='word_1_551' title='bbox 959 4375 1357 4436; x_wconf 89' lang='lat' dir='ltr'><strong><em>adolescentes</em></strong></span> <span class='ocrx_word' id='word_1_552' title='bbox 1385 4389 1571 4449; x_wconf 89' lang='lat' dir='ltr'><strong><em>quam</em></strong></span> <span class='ocrx_word' id='word_1_553' title='bbox 1595 4388 1783 4434; x_wconf 88' lang='lat' dir='ltr'><strong><em>senes.</em></strong></span> 
     </span>
    </p>
   </div>
   <div class='ocr_carea' id='block_1_74' title="bbox 132 4463 1781 4539">
    <p class='ocr_par' dir='ltr' id='par_1_74' title="bbox 132 4463 1781 4539">
     <span class='ocr_line' id='line_1_74' title="bbox 132 4463 1781 4539; baseline -0.006 -10"><span class='ocrx_word' id='word_1_554' title='bbox 132 4472 364 4529; x_wconf 87' lang='lat' dir='ltr'><strong><em>Anima.</em></strong></span> <span class='ocrx_word' id='word_1_555' title='bbox 412 4471 457 4528; x_wconf 94' lang='lat'><strong><em>0</em></strong></span> <span class='ocrx_word' id='word_1_556' title='bbox 482 4468 753 4539; x_wconf 88' lang='lat' dir='ltr'><strong><em>Domine,</em></strong></span> <span class='ocrx_word' id='word_1_557' title='bbox 792 4466 946 4539; x_wconf 89' lang='lat' dir='ltr'><strong><em>quid</em></strong></span> <span class='ocrx_word' id='word_1_558' title='bbox 976 4465 1275 4537; x_wconf 86' lang='lat' dir='ltr'><strong><em>faciemus</em></strong></span> <span class='ocrx_word' id='word_1_559' title='bbox 1306 4465 1478 4523; x_wconf 86' lang='lat' dir='ltr'><strong><em>tunc?</em></strong></span> <span class='ocrx_word' id='word_1_560' title='bbox 1505 4463 1781 4536; x_wconf 87' lang='lat' dir='ltr'><strong><em>Angelus.</em></strong></span> 
     </span>
    </p>
   </div>
   <div class='ocr_carea' id='block_1_75' title="bbox 1899 3050 3553 3124">
    <p class='ocr_par' dir='ltr' id='par_1_75' title="bbox 1899 3050 3553 3124">
     <span class='ocr_line' id='line_1_75' title="bbox 1899 3050 3553 3124; baseline 0.003 -16"><span class='ocrx_word' id='word_1_561' title='bbox 1899 3052 2075 3109; x_wconf 89' lang='lat' dir='ltr'><strong><em>nient</em></strong></span> <span class='ocrx_word' id='word_1_562' title='bbox 2094 3050 2232 3109; x_wconf 90' lang='lat' dir='ltr'><strong><em>boni</em></strong></span> <span class='ocrx_word' id='word_1_563' title='bbox 2256 3050 2438 3124; x_wconf 80' lang='lat' dir='ltr'><strong><em>lagci,</em></strong></span> <span class='ocrx_word' id='word_1_564' title='bbox 2454 3050 3094 3124; x_wconf 85' lang='lat' dir='ltr'><strong><em>etjudicabuntomnia</em></strong></span> <span class='ocrx_word' id='word_1_565' title='bbox 3110 3052 3277 3111; x_wconf 91' lang='lat' dir='ltr'><strong><em>bona.</em></strong></span> <span class='ocrx_word' id='word_1_566' title='bbox 3294 3050 3553 3113; x_wconf 87' lang='lat' dir='ltr'><strong><em>Illivero</em></strong></span> 
     </span>
    </p>
   </div>
   <div class='ocr_carea' id='block_1_76' title="bbox 1899 3138 3552 3212">
    <p class='ocr_par' dir='ltr' id='par_1_76' title="bbox 1899 3138 3552 3212">
     <span class='ocr_line' id='line_1_76' title="bbox 1899 3138 3552 3212; baseline 0.002 -17"><span class='ocrx_word' id='word_1_567' title='bbox 1899 3140 2010 3212; x_wconf 88' lang='lat' dir='ltr'><strong><em>qui</em></strong></span> <span class='ocrx_word' id='word_1_568' title='bbox 2029 3138 2175 3197; x_wconf 89' lang='lat' dir='ltr'><strong><em>sunt</em></strong></span> <span class='ocrx_word' id='word_1_569' title='bbox 2190 3138 2491 3211; x_wconf 82' lang='lat' dir='ltr'><strong><em>agricola,</em></strong></span> <span class='ocrx_word' id='word_1_570' title='bbox 2513 3139 2708 3196; x_wconf 89' lang='lat' dir='ltr'><strong><em>multa</em></strong></span> <span class='ocrx_word' id='word_1_571' title='bbox 2729 3138 2898 3211; x_wconf 91' lang='lat' dir='ltr'><strong><em>bona,</em></strong></span> <span class='ocrx_word' id='word_1_572' title='bbox 2923 3140 3125 3198; x_wconf 89' lang='lat' dir='ltr'><strong><em>omnia</em></strong></span> <span class='ocrx_word' id='word_1_573' title='bbox 3147 3140 3300 3198; x_wconf 89' lang='lat' dir='ltr'><strong><em>bona</em></strong></span> <span class='ocrx_word' id='word_1_574' title='bbox 3322 3140 3552 3200; x_wconf 85' lang='lat' dir='ltr'><strong><em>labora-</em></strong></span> 
     </span>
    </p>
   </div>
   <div class='ocr_carea' id='block_1_77' title="bbox 1897 3226 3549 3301">
    <p class='ocr_par' dir='ltr' id='par_1_77' title="bbox 1897 3226 3549 3301">
     <span class='ocr_line' id='line_1_77' title="bbox 1897 3226 3549 3301; baseline 0.002 -17"><span class='ocrx_word' id='word_1_575' title='bbox 1897 3227 2130 3299; x_wconf 86' lang='lat' dir='ltr'><strong><em>verunt,</em></strong></span> <span class='ocrx_word' id='word_1_576' title='bbox 2168 3228 2371 3285; x_wconf 86' lang='lat' dir='ltr'><strong><em>omnia</em></strong></span> <span class='ocrx_word' id='word_1_577' title='bbox 2404 3226 2556 3285; x_wconf 91' lang='lat' dir='ltr'><strong><em>bona</em></strong></span> <span class='ocrx_word' id='word_1_578' title='bbox 2579 3228 2941 3299; x_wconf 86' lang='lat' dir='ltr'><strong><em>receperunt.</em></strong></span> <span class='ocrx_word' id='word_1_579' title='bbox 2974 3228 3196 3286; x_wconf 88' lang='lat' dir='ltr'><strong><em>Anima.</em></strong></span> <span class='ocrx_word' id='word_1_580' title='bbox 3233 3230 3279 3286; x_wconf 97' lang='lat'><strong><em>0</em></strong></span> <span class='ocrx_word' id='word_1_581' title='bbox 3299 3228 3549 3301; x_wconf 88' lang='lat' dir='ltr'><strong><em>domine,</em></strong></span> 
     </span>
    </p>
   </div>
   <div class='ocr_carea' id='block_1_78' title="bbox 1902 3314 3555 3390">
    <p class='ocr_par' dir='ltr' id='par_1_78' title="bbox 1902 3314 3555 3390">
     <span class='ocr_line' id='line_1_78' title="bbox 1902 3314 3555 3390; baseline 0.001 -17"><span class='ocrx_word' id='word_1_582' title='bbox 1902 3314 2057 3389; x_wconf 90' lang='lat' dir='ltr'><strong><em>quid</em></strong></span> <span class='ocrx_word' id='word_1_583' title='bbox 2071 3315 2381 3390; x_wconf 89' lang='lat' dir='ltr'><strong><em>faciemus</em></strong></span> <span class='ocrx_word' id='word_1_584' title='bbox 2404 3316 2578 3373; x_wconf 89' lang='lat' dir='ltr'><strong><em>tunc?</em></strong></span> <span class='ocrx_word' id='word_1_585' title='bbox 2609 3314 2887 3385; x_wconf 87' lang='lat' dir='ltr'><strong><em>Angelus.</em></strong></span> <span class='ocrx_word' id='word_1_586' title='bbox 2914 3316 3076 3374; x_wconf 76' lang='lat' dir='ltr'><strong><em>Tunc</em></strong></span> <span class='ocrx_word' id='word_1_587' title='bbox 3092 3317 3555 3377; x_wconf 89' lang='lat' dir='ltr'><strong><em>venientmulie-</em></strong></span> 
     </span>
    </p>
   </div>
   <div class='ocr_carea' id='block_1_79' title="bbox 1896 3402 3552 3478">
    <p class='ocr_par' dir='ltr' id='par_1_79' title="bbox 1896 3402 3552 3478">
     <span class='ocr_line' id='line_1_79' title="bbox 1896 3402 3552 3478; baseline 0.003 -16"><span class='ocrx_word' id='word_1_588' title='bbox 1896 3416 2014 3462; x_wconf 89' lang='lat' dir='ltr'><strong><em>res.</em></strong></span> <span class='ocrx_word' id='word_1_589' title='bbox 2033 3403 2786 3462; x_wconf 86' lang='lat' dir='ltr'><strong><em>Anima.0Dominesancte</em></strong></span> <span class='ocrx_word' id='word_1_590' title='bbox 2794 3402 3079 3474; x_wconf 90' lang='lat' dir='ltr'><strong><em>Michael,</em></strong></span> <span class='ocrx_word' id='word_1_591' title='bbox 3095 3405 3248 3475; x_wconf 89' lang='lat' dir='ltr'><strong><em>quid</em></strong></span> <span class='ocrx_word' id='word_1_592' title='bbox 3242 3406 3552 3478; x_wconf 83' lang='lat' dir='ltr'><strong><em>faciemus</em></strong></span> 
     </span>
    </p>
   </div>
   <div class='ocr_carea' id='block_1_80' title="bbox 1901 3490 3550 3564">
    <p class='ocr_par' dir='ltr' id='par_1_80' title="bbox 1901 3490 3550 3564">
     <span class='ocr_line' id='line_1_80' title="bbox 1901 3490 3550 3564; baseline 0.002 -16"><span class='ocrx_word' id='word_1_593' title='bbox 1901 3491 2078 3548; x_wconf 88' lang='lat' dir='ltr'><strong><em>tunc?</em></strong></span> <span class='ocrx_word' id='word_1_594' title='bbox 2108 3490 2386 3562; x_wconf 88' lang='lat' dir='ltr'><strong><em>Angelus.</em></strong></span> <span class='ocrx_word' id='word_1_595' title='bbox 2411 3491 2558 3549; x_wconf 91' lang='lat' dir='ltr'><strong><em>Dico</em></strong></span> <span class='ocrx_word' id='word_1_596' title='bbox 2580 3490 2710 3550; x_wconf 86' lang='lat' dir='ltr'><strong><em>tibi.</em></strong></span> <span class='ocrx_word' id='word_1_597' title='bbox 2734 3491 2853 3550; x_wconf 90' lang='lat' dir='ltr'><strong><em>Ille</em></strong></span> <span class='ocrx_word' id='word_1_598' title='bbox 2878 3493 2987 3564; x_wconf 89' lang='lat' dir='ltr'><strong><em>qui</em></strong></span> <span class='ocrx_word' id='word_1_599' title='bbox 3008 3491 3207 3551; x_wconf 68' lang='lat' dir='ltr'><strong><em>dixit:</em></strong></span> <span class='ocrx_word' id='word_1_600' title='bbox 3249 3493 3407 3551; x_wconf 84' lang='lat' dir='ltr'><strong><em>Vade</em></strong></span> <span class='ocrx_word' id='word_1_601' title='bbox 3424 3509 3550 3552; x_wconf 87' lang='lat' dir='ltr'><strong><em>mu-</em></strong></span> 
     </span>
    </p>
   </div>
   <div class='ocr_carea' id='block_1_81' title="bbox 1901 3577 3552 3653">
    <p class='ocr_par' dir='ltr' id='par_1_81' title="bbox 1901 3577 3552 3653">
     <span class='ocr_line' id='line_1_81' title="bbox 1901 3577 3552 3653; baseline 0.002 -17"><span class='ocrx_word' id='word_1_602' title='bbox 1901 3577 2083 3651; x_wconf 82' lang='lat' dir='ltr'><strong><em>lier,j</em></strong></span> <span class='ocrx_word' id='word_1_603' title='bbox 2085 3593 2183 3637; x_wconf 91' lang='lat' dir='ltr'><strong><em>am</em></strong></span> <span class='ocrx_word' id='word_1_604' title='bbox 2194 3594 2267 3637; x_wconf 90' lang='lat' dir='ltr'><strong><em>no</em></strong></span> <span class='ocrx_word' id='word_1_605' title='bbox 2274 3580 2320 3637; x_wconf 91' lang='lat' dir='ltr'><strong><em>li</em></strong></span> <span class='ocrx_word' id='word_1_606' title='bbox 2324 3593 2574 3652; x_wconf 88' lang='lat' dir='ltr'><strong><em>peccare</em></strong></span> <span class='ocrx_word' id='word_1_607' title='bbox 2584 3593 2658 3637; x_wconf 92' lang='lat' dir='ltr'><strong><em>ne</em></strong></span> <span class='ocrx_word' id='word_1_608' title='bbox 2673 3579 2933 3639; x_wconf 88' lang='lat' dir='ltr'><strong><em>deterius</em></strong></span> <span class='ocrx_word' id='word_1_609' title='bbox 2947 3580 3059 3639; x_wconf 90' lang='lat' dir='ltr'><strong><em>tibi</em></strong></span> <span class='ocrx_word' id='word_1_610' title='bbox 3071 3582 3317 3653; x_wconf 90' lang='lat' dir='ltr'><strong><em>aliquid</em></strong></span> <span class='ocrx_word' id='word_1_611' title='bbox 3325 3583 3552 3640; x_wconf 88' lang='lat' dir='ltr'><strong><em>contin-</em></strong></span> 
     </span>
    </p>
   </div>
   <div class='ocr_carea' id='block_1_82' title="bbox 1893 3667 3546 3743">
    <p class='ocr_par' dir='ltr' id='par_1_82' title="bbox 1893 3667 3546 3743">
     <span class='ocr_line' id='line_1_82' title="bbox 1893 3667 3546 3743; baseline 0.002 -18"><span class='ocrx_word' id='word_1_612' title='bbox 1893 3667 2007 3741; x_wconf 90' lang='lat' dir='ltr'><strong><em>gat</em></strong></span> <span class='ocrx_word' id='word_1_613' title='bbox 2026 3667 2333 3740; x_wconf 66' lang='lat' dir='ltr'><strong><em>(Joannm,</em></strong></span> <span class='ocrx_word' id='word_1_614' title='bbox 2352 3669 2461 3740; x_wconf 68' lang='lat'><strong><em>14),</em></strong></span> <span class='ocrx_word' id='word_1_615' title='bbox 2474 3667 2787 3740; x_wconf 86' lang='lat' dir='ltr'><strong><em>judicabit</em></strong></span> <span class='ocrx_word' id='word_1_616' title='bbox 2803 3669 2968 3727; x_wconf 89' lang='lat' dir='ltr'><strong><em>illas.</em></strong></span> <span class='ocrx_word' id='word_1_617' title='bbox 2995 3669 3215 3726; x_wconf 85' lang='lat' dir='ltr'><strong><em>Anima.</em></strong></span> <span class='ocrx_word' id='word_1_618' title='bbox 3237 3671 3283 3728; x_wconf 95' lang='lat'><strong><em>0</em></strong></span> <span class='ocrx_word' id='word_1_619' title='bbox 3296 3669 3546 3743; x_wconf 90' lang='lat' dir='ltr'><strong><em>domine,</em></strong></span> 
     </span>
    </p>
   </div>
   <div class='ocr_carea' id='block_1_83' title="bbox 1897 3756 3549 3829">
    <p class='ocr_par' dir='ltr' id='par_1_83' title="bbox 1897 3756 3549 3829">
     <span class='ocr_line' id='line_1_83' title="bbox 1897 3756 3549 3829; baseline 0.003 -16"><span class='ocrx_word' id='word_1_620' title='bbox 1897 3756 2396 3827; x_wconf 89' lang='lat' dir='ltr'><strong><em>misericordiam,</em></strong></span> <span class='ocrx_word' id='word_1_621' title='bbox 2421 3756 2576 3828; x_wconf 90' lang='lat' dir='ltr'><strong><em>quid</em></strong></span> <span class='ocrx_word' id='word_1_622' title='bbox 2578 3757 2886 3829; x_wconf 90' lang='lat' dir='ltr'><strong><em>faciemus</em></strong></span> <span class='ocrx_word' id='word_1_623' title='bbox 2911 3757 3084 3816; x_wconf 88' lang='lat' dir='ltr'><strong><em>tunc?</em></strong></span> <span class='ocrx_word' id='word_1_624' title='bbox 3102 3757 3379 3829; x_wconf 91' lang='lat' dir='ltr'><strong><em>Angelus.</em></strong></span> <span class='ocrx_word' id='word_1_625' title='bbox 3401 3760 3549 3818; x_wconf 90' lang='lat' dir='ltr'><strong><em>Dico</em></strong></span> 
     </span>
    </p>
   </div>
   <div class='ocr_carea' id='block_1_84' title="bbox 1902 3844 3554 3918">
    <p class='ocr_par' dir='ltr' id='par_1_84' title="bbox 1902 3844 3554 3918">
     <span class='ocr_line' id='line_1_84' title="bbox 1902 3844 3554 3918; baseline 0.002 -15"><span class='ocrx_word' id='word_1_626' title='bbox 1902 3845 2029 3903; x_wconf 89' lang='lat' dir='ltr'><strong><em>tibi.</em></strong></span> <span class='ocrx_word' id='word_1_627' title='bbox 2044 3845 2205 3904; x_wconf 87' lang='lat' dir='ltr'><strong><em>Tunc</em></strong></span> <span class='ocrx_word' id='word_1_628' title='bbox 2215 3844 2791 3904; x_wconf 72' lang='lat' dir='ltr'><strong><em>dicetreaSalvator</em></strong></span> <span class='ocrx_word' id='word_1_629' title='bbox 2804 3847 3004 3904; x_wconf 90' lang='lat' dir='ltr'><strong><em>omnia</em></strong></span> <span class='ocrx_word' id='word_1_630' title='bbox 3019 3844 3169 3904; x_wconf 90' lang='lat' dir='ltr'><strong><em>bona</em></strong></span> <span class='ocrx_word' id='word_1_631' title='bbox 3181 3846 3279 3905; x_wconf 89' lang='lat' dir='ltr'><strong><em>his</em></strong></span> <span class='ocrx_word' id='word_1_632' title='bbox 3288 3847 3554 3918; x_wconf 90' lang='lat' dir='ltr'><strong><em>quisunt</em></strong></span> 
     </span>
    </p>
   </div>
   <div class='ocr_carea' id='block_1_85' title="bbox 1899 3932 3539 4006">
    <p class='ocr_par' dir='ltr' id='par_1_85' title="bbox 1899 3932 3539 4006">
     <span class='ocr_line' id='line_1_85' title="bbox 1899 3932 3539 4006; baseline 0.002 -16"><span class='ocrx_word' id='word_1_633' title='bbox 1899 3932 1982 3991; x_wconf 87' lang='lat' dir='ltr'><strong><em>ad</em></strong></span> <span class='ocrx_word' id='word_1_634' title='bbox 2008 3933 2336 4005; x_wconf 69' lang='lat' dir='ltr'><strong><em>dexteram,</em></strong></span> <span class='ocrx_word' id='word_1_635' title='bbox 2358 3934 2422 3990; x_wconf 91' lang='lat' dir='ltr'><strong><em>et</em></strong></span> <span class='ocrx_word' id='word_1_636' title='bbox 2435 3933 2638 3992; x_wconf 89' lang='lat' dir='ltr'><strong><em>omnia</em></strong></span> <span class='ocrx_word' id='word_1_637' title='bbox 2654 3934 2823 3992; x_wconf 89' lang='lat' dir='ltr'><strong><em>mala</em></strong></span> <span class='ocrx_word' id='word_1_638' title='bbox 2851 3933 2951 3992; x_wconf 90' lang='lat' dir='ltr'><strong><em>his</em></strong></span> <span class='ocrx_word' id='word_1_639' title='bbox 2978 3935 3087 4006; x_wconf 89' lang='lat' dir='ltr'><strong><em>qui</em></strong></span> <span class='ocrx_word' id='word_1_640' title='bbox 3104 3935 3252 3992; x_wconf 90' lang='lat' dir='ltr'><strong><em>sunt</em></strong></span> <span class='ocrx_word' id='word_1_641' title='bbox 3266 3935 3349 3992; x_wconf 90' lang='lat' dir='ltr'><strong><em>ad</em></strong></span> <span class='ocrx_word' id='word_1_642' title='bbox 3366 3936 3539 3994; x_wconf 87' lang='lat' dir='ltr'><strong><em>sinis-</em></strong></span> 
     </span>
    </p>
   </div>
   <div class='ocr_carea' id='block_1_86' title="bbox 1899 4020 3549 4095">
    <p class='ocr_par' dir='ltr' id='par_1_86' title="bbox 1899 4020 3549 4095">
     <span class='ocr_line' id='line_1_86' title="bbox 1899 4020 3549 4095; baseline 0.003 -18"><span class='ocrx_word' id='word_1_643' title='bbox 1899 4020 2076 4078; x_wconf 88' lang='lat' dir='ltr'><strong><em>tram.</em></strong></span> <span class='ocrx_word' id='word_1_644' title='bbox 2098 4022 2262 4079; x_wconf 86' lang='lat' dir='ltr'><strong><em>Tunc</em></strong></span> <span class='ocrx_word' id='word_1_645' title='bbox 2272 4022 2506 4079; x_wconf 68' lang='lat' dir='ltr'><strong><em>eritrezc</em></strong></span> <span class='ocrx_word' id='word_1_646' title='bbox 2514 4035 2653 4094; x_wconf 89' lang='lat' dir='ltr'><strong><em>mag</em></strong></span> <span class='ocrx_word' id='word_1_647' title='bbox 2660 4036 2771 4081; x_wconf 91' lang='lat' dir='ltr'><strong><em>nus</em></strong></span> <span class='ocrx_word' id='word_1_648' title='bbox 2785 4022 3049 4095; x_wconf 84' lang='lat' dir='ltr'><strong><em>etfortis,</em></strong></span> <span class='ocrx_word' id='word_1_649' title='bbox 3065 4024 3256 4081; x_wconf 89' lang='lat' dir='ltr'><strong><em>omnis</em></strong></span> <span class='ocrx_word' id='word_1_650' title='bbox 3254 4022 3427 4095; x_wconf 88' lang='lat' dir='ltr'><strong><em>plebs</em></strong></span> <span class='ocrx_word' id='word_1_651' title='bbox 3441 4024 3549 4082; x_wconf 88' lang='lat' dir='ltr'><strong><em>hu-</em></strong></span> 
     </span>
    </p>
   </div>
   <div class='ocr_carea' id='block_1_87' title="bbox 1894 4106 3547 4183">
    <p class='ocr_par' dir='ltr' id='par_1_87' title="bbox 1894 4106 3547 4183">
     <span class='ocr_line' id='line_1_87' title="bbox 1894 4106 3547 4183; baseline 0.003 -20"><span class='ocrx_word' id='word_1_652' title='bbox 1894 4106 2161 4166; x_wconf 85' lang='lat' dir='ltr'><strong><em>miliata.</em></strong></span> <span class='ocrx_word' id='word_1_653' title='bbox 2190 4108 2353 4167; x_wconf 86' lang='lat' dir='ltr'><strong><em>Tunc</em></strong></span> <span class='ocrx_word' id='word_1_654' title='bbox 2373 4109 2530 4168; x_wconf 89' lang='lat' dir='ltr'><strong><em>dicet</em></strong></span> <span class='ocrx_word' id='word_1_655' title='bbox 2544 4110 2833 4168; x_wconf 74' lang='lat' dir='ltr'><strong><em>Salvator</em></strong></span> <span class='ocrx_word' id='word_1_656' title='bbox 2853 4130 2874 4168; x_wconf 89' lang='lat'><strong><em>:</em></strong></span> <span class='ocrx_word' id='word_1_657' title='bbox 2895 4112 3103 4168; x_wconf 87' lang='lat' dir='ltr'><strong><em>Omnes</em></strong></span> <span class='ocrx_word' id='word_1_658' title='bbox 3114 4110 3323 4183; x_wconf 88' lang='lat' dir='ltr'><strong><em>gentes</em></strong></span> <span class='ocrx_word' id='word_1_659' title='bbox 3343 4112 3547 4171; x_wconf 85' lang='lat' dir='ltr'><strong><em>amavi</em></strong></span> 
     </span>
    </p>
   </div>
   <div class='ocr_carea' id='block_1_88' title="bbox 1895 4196 3550 4266">
    <p class='ocr_par' dir='ltr' id='par_1_88' title="bbox 1895 4196 3550 4266">
     <span class='ocr_line' id='line_1_88' title="bbox 1895 4196 3550 4266; baseline 0.004 -16"><span class='ocrx_word' id='word_1_660' title='bbox 1895 4208 1998 4253; x_wconf 89' lang='lat' dir='ltr'><strong><em>vos</em></strong></span> <span class='ocrx_word' id='word_1_661' title='bbox 2011 4211 2036 4263; x_wconf 86' lang='lat'><strong><em>;</em></strong></span> <span class='ocrx_word' id='word_1_662' title='bbox 2053 4196 2217 4253; x_wconf 88' lang='lat' dir='ltr'><strong><em>volui</em></strong></span> <span class='ocrx_word' id='word_1_663' title='bbox 2236 4196 2307 4253; x_wconf 92' lang='lat' dir='ltr'><strong><em>ut</em></strong></span> <span class='ocrx_word' id='word_1_664' title='bbox 2317 4209 2419 4253; x_wconf 89' lang='lat' dir='ltr'><strong><em>vos</em></strong></span> <span class='ocrx_word' id='word_1_665' title='bbox 2436 4196 2601 4254; x_wconf 90' lang='lat' dir='ltr'><strong><em>domo</em></strong></span> <span class='ocrx_word' id='word_1_666' title='bbox 2622 4197 2943 4266; x_wconf 87' lang='lat' dir='ltr'><strong><em>veniretis;</em></strong></span> <span class='ocrx_word' id='word_1_667' title='bbox 2961 4212 3063 4256; x_wconf 90' lang='lat' dir='ltr'><strong><em>vos</em></strong></span> <span class='ocrx_word' id='word_1_668' title='bbox 3082 4198 3386 4258; x_wconf 87' lang='lat' dir='ltr'><strong><em>noluistis.</em></strong></span> <span class='ocrx_word' id='word_1_669' title='bbox 3415 4200 3550 4257; x_wconf 88' lang='lat' dir='ltr'><strong><em>Ani-</em></strong></span> 
     </span>
    </p>
   </div>
   <div class='ocr_carea' id='block_1_89' title="bbox 1897 4284 3542 4362">
    <p class='ocr_par' dir='ltr' id='par_1_89' title="bbox 1897 4284 3542 4362">
     <span class='ocr_line' id='line_1_89' title="bbox 1897 4284 3542 4362; baseline 0.005 -23"><span class='ocrx_word' id='word_1_670' title='bbox 1897 4297 2006 4339; x_wconf 87' lang='lat' dir='ltr'><strong><em>ma.</em></strong></span> <span class='ocrx_word' id='word_1_671' title='bbox 2036 4285 2081 4340; x_wconf 95' lang='lat'><strong><em>0</em></strong></span> <span class='ocrx_word' id='word_1_672' title='bbox 2100 4284 2352 4357; x_wconf 87' lang='lat' dir='ltr'><strong><em>domine,</em></strong></span> <span class='ocrx_word' id='word_1_673' title='bbox 2382 4284 2538 4356; x_wconf 91' lang='lat' dir='ltr'><strong><em>quid</em></strong></span> <span class='ocrx_word' id='word_1_674' title='bbox 2555 4291 2693 4343; x_wconf 87' lang='lat' dir='ltr'><strong><em>tunc</em></strong></span> <span class='ocrx_word' id='word_1_675' title='bbox 2713 4284 2917 4344; x_wconf 89' lang='lat' dir='ltr'><strong><em>dicent</em></strong></span> <span class='ocrx_word' id='word_1_676' title='bbox 2932 4285 3053 4357; x_wconf 88' lang='lat' dir='ltr'><strong><em>illi,</em></strong></span> <span class='ocrx_word' id='word_1_677' title='bbox 3082 4286 3192 4359; x_wconf 87' lang='lat' dir='ltr'><strong><em>qui</em></strong></span> <span class='ocrx_word' id='word_1_678' title='bbox 3213 4286 3365 4346; x_wconf 87' lang='lat' dir='ltr'><strong><em>bona</em></strong></span> <span class='ocrx_word' id='word_1_679' title='bbox 3376 4288 3542 4362; x_wconf 85' lang='lat' dir='ltr'><strong><em>fece-</em></strong></span> 
     </span>
    </p>
   </div>
   <div class='ocr_carea' id='block_1_90' title="bbox 1895 4371 3544 4446">
    <p class='ocr_par' dir='ltr' id='par_1_90' title="bbox 1895 4371 3544 4446">
     <span class='ocr_line' id='line_1_90' title="bbox 1895 4371 3544 4446; baseline 0.004 -18"><span class='ocrx_word' id='word_1_680' title='bbox 1895 4371 2081 4428; x_wconf 87' lang='lat' dir='ltr'><strong><em>runt?</em></strong></span> <span class='ocrx_word' id='word_1_681' title='bbox 2100 4372 2382 4445; x_wconf 70' lang='lat' dir='ltr'><strong><em>Angelus.</em></strong></span> <span class='ocrx_word' id='word_1_682' title='bbox 2400 4372 2546 4430; x_wconf 89' lang='lat' dir='ltr'><strong><em>Dico</em></strong></span> <span class='ocrx_word' id='word_1_683' title='bbox 2570 4372 2701 4443; x_wconf 90' lang='lat' dir='ltr'><strong><em>tibi,</em></strong></span> <span class='ocrx_word' id='word_1_684' title='bbox 2731 4373 2870 4432; x_wconf 87' lang='lat' dir='ltr'><strong><em>tunc</em></strong></span> <span class='ocrx_word' id='word_1_685' title='bbox 2896 4374 3503 4446; x_wconf 86' lang='lat' dir='ltr'><strong><em>respondebuntjusti</em></strong></span> <span class='ocrx_word' id='word_1_686' title='bbox 3523 4396 3544 4434; x_wconf 83' lang='lat'><strong><em>.-</em></strong></span> 
     </span>
    </p>
   </div>
   <div class='ocr_carea' id='block_1_91' title="bbox 1896 4460 3548 4534">
    <p class='ocr_par' dir='ltr' id='par_1_91' title="bbox 1896 4460 3548 4534">
     <span class='ocr_line' id='line_1_91' title="bbox 1896 4460 3548 4534; baseline 0.002 -16"><span class='ocrx_word' id='word_1_687' title='bbox 1896 4461 2165 4533; x_wconf 89' lang='lat' dir='ltr'><strong><em>Domine,</em></strong></span> <span class='ocrx_word' id='word_1_688' title='bbox 2186 4460 2429 4534; x_wconf 87' lang='lat' dir='ltr'><strong><em>quando</em></strong></span> <span class='ocrx_word' id='word_1_689' title='bbox 2450 4461 2503 4518; x_wconf 90' lang='lat' dir='ltr'><strong><em>te</em></strong></span> <span class='ocrx_word' id='word_1_690' title='bbox 2521 4461 2822 4519; x_wconf 85' lang='lat' dir='ltr'><strong><em>vidimus?</em></strong></span> <span class='ocrx_word' id='word_1_691' title='bbox 2840 4461 3170 4533; x_wconf 83' lang='lat' dir='ltr'><strong><em>Nunquam</em></strong></span> <span class='ocrx_word' id='word_1_692' title='bbox 3183 4463 3548 4534; x_wconf 88' lang='lat' dir='ltr'><strong><em>tevidimus;</em></strong></span> 
     </span>
    </p>
   </div>
   <div class='ocr_carea' id='block_1_92' title="bbox 136 4544 3543 4618">
    <p class='ocr_par' dir='ltr' id='par_1_92' title="bbox 136 4544 3543 4618">
     <span class='ocr_line' id='line_1_92' title="bbox 136 4544 3543 4618; baseline -0.002 0"><span class='ocrx_word' id='word_1_693' title='bbox 136 4562 302 4618; x_wconf 83' lang='lat' dir='ltr'><strong><em>Tunc</em></strong></span> <span class='ocrx_word' id='word_1_694' title='bbox 312 4557 608 4617; x_wconf 88' lang='lat' dir='ltr'><strong><em>habebitis</em></strong></span> <span class='ocrx_word' id='word_1_695' title='bbox 620 4570 834 4615; x_wconf 86' lang='lat' dir='ltr'><strong><em>novam</em></strong></span> <span class='ocrx_word' id='word_1_696' title='bbox 845 4568 1100 4615; x_wconf 86' lang='lat' dir='ltr'><strong><em>carnem.</em></strong></span> <span class='ocrx_word' id='word_1_697' title='bbox 1115 4552 1577 4612; x_wconf 85' lang='lat' dir='ltr'><strong><em>Tuncveniemus</em></strong></span> <span class='ocrx_word' id='word_1_698' title='bbox 1587 4566 1787 4612; x_wconf 87' lang='lat' dir='ltr'><strong><em>coram</em></strong></span> <span class='ocrx_word' id='word_1_699' title='bbox 1813 4544 1867 4608; x_wconf 94' lang='lat' dir='ltr'><strong><em>D</em></strong></span> <span class='ocrx_word' id='word_1_700' title='bbox 1895 4563 2002 4609; x_wconf 91' lang='lat' dir='ltr'><strong><em>nec</em></strong></span> <span class='ocrx_word' id='word_1_701' title='bbox 2022 4550 2076 4608; x_wconf 91' lang='lat' dir='ltr'><strong><em>te</em></strong></span> <span class='ocrx_word' id='word_1_702' title='bbox 2092 4550 2351 4608; x_wconf 87' lang='lat' dir='ltr'><strong><em>vidimus</em></strong></span> <span class='ocrx_word' id='word_1_703' title='bbox 2369 4564 2475 4609; x_wconf 90' lang='lat' dir='ltr'><strong><em>nec</em></strong></span> <span class='ocrx_word' id='word_1_704' title='bbox 2490 4550 2767 4609; x_wconf 88' lang='lat' dir='ltr'><strong><em>minimos</em></strong></span> <span class='ocrx_word' id='word_1_705' title='bbox 2791 4550 2939 4608; x_wconf 85' lang='lat' dir='ltr'><strong><em>tuos.</em></strong></span> <span class='ocrx_word' id='word_1_706' title='bbox 2968 4550 3129 4609; x_wconf 86' lang='lat' dir='ltr'><strong><em>Tunc</em></strong></span> <span class='ocrx_word' id='word_1_707' title='bbox 3150 4550 3310 4609; x_wconf 89' lang='lat' dir='ltr'><strong><em>dicet</em></strong></span> <span class='ocrx_word' id='word_1_708' title='bbox 3322 4554 3543 4611; x_wconf 78' lang='lat' dir='ltr'><strong><em>Salva-</em></strong></span> 
     </span>
    </p>
   </div>
   <div class='ocr_carea' id='block_1_93' title="bbox 135 4641 1788 4719">
    <p class='ocr_par' dir='ltr' id='par_1_93' title="bbox 135 4641 1788 4719">
     <span class='ocr_line' id='line_1_93' title="bbox 135 4641 1788 4719; baseline -0.004 -13"><span class='ocrx_word' id='word_1_709' title='bbox 135 4650 387 4707; x_wconf 89' lang='lat' dir='ltr'><strong><em>Domino</em></strong></span> <span class='ocrx_word' id='word_1_710' title='bbox 408 4660 603 4705; x_wconf 89' lang='lat' dir='ltr'><strong><em>omnes</em></strong></span> <span class='ocrx_word' id='word_1_711' title='bbox 623 4644 829 4719; x_wconf 89' lang='lat' dir='ltr'><strong><em>angeli</em></strong></span> <span class='ocrx_word' id='word_1_712' title='bbox 851 4649 905 4702; x_wconf 83' lang='lat' dir='ltr'><strong><em>et</em></strong></span> <span class='ocrx_word' id='word_1_713' title='bbox 920 4641 1296 4714; x_wconf 86' lang='lat' dir='ltr'><strong><em>archangeli,</em></strong></span> <span class='ocrx_word' id='word_1_714' title='bbox 1322 4642 1462 4701; x_wconf 89' lang='lat' dir='ltr'><strong><em>tunc</em></strong></span> <span class='ocrx_word' id='word_1_715' title='bbox 1480 4641 1788 4700; x_wconf 89' lang='lat' dir='ltr'><strong><em>duodecim</em></strong></span> 
     </span>
    </p>
   </div>
   <div class='ocr_carea' id='block_1_94' title="bbox 132 4730 1788 4810">
    <p class='ocr_par' dir='ltr' id='par_1_94' title="bbox 132 4730 1788 4810">
     <span class='ocr_line' id='line_1_94' title="bbox 132 4730 1788 4810; baseline -0.005 -16"><span class='ocrx_word' id='word_1_716' title='bbox 132 4736 409 4810; x_wconf 80' lang='lat' dir='ltr'><strong><em>apostoli.</em></strong></span> <span class='ocrx_word' id='word_1_717' title='bbox 420 4736 640 4793; x_wconf 86' lang='lat' dir='ltr'><strong><em>Anima.</em></strong></span> <span class='ocrx_word' id='word_1_718' title='bbox 655 4730 1203 4807; x_wconf 74' lang='lat' dir='ltr'><strong><em>Quidfacientilli?</em></strong></span> <span class='ocrx_word' id='word_1_719' title='bbox 1218 4730 1489 4802; x_wconf 89' lang='lat' dir='ltr'><strong><em>Angelus.</em></strong></span> <span class='ocrx_word' id='word_1_720' title='bbox 1505 4730 1616 4788; x_wconf 86' lang='lat' dir='ltr'><strong><em>Illi</em></strong></span> <span class='ocrx_word' id='word_1_721' title='bbox 1626 4730 1788 4788; x_wconf 87' lang='lat' dir='ltr'><strong><em>sede.</em></strong></span> 
     </span>
    </p>
   </div>
   <div class='ocr_carea' id='block_1_95' title="bbox 134 4818 1787 4899">
    <p class='ocr_par' dir='ltr' id='par_1_95' title="bbox 134 4818 1787 4899">
     <span class='ocr_line' id='line_1_95' title="bbox 134 4818 1787 4899; baseline -0.004 -16"><span class='ocrx_word' id='word_1_722' title='bbox 134 4825 285 4884; x_wconf 86' lang='lat' dir='ltr'><strong><em>bunt</em></strong></span> <span class='ocrx_word' id='word_1_723' title='bbox 300 4839 481 4899; x_wconf 82' lang='lat' dir='ltr'><strong><em>super</em></strong></span> <span class='ocrx_word' id='word_1_724' title='bbox 498 4823 665 4882; x_wconf 88' lang='lat' dir='ltr'><strong><em>sedes</em></strong></span> <span class='ocrx_word' id='word_1_725' title='bbox 684 4820 1012 4893; x_wconf 88' lang='lat' dir='ltr'><strong><em>duodecim,</em></strong></span> <span class='ocrx_word' id='word_1_726' title='bbox 1030 4818 1463 4893; x_wconf 84' lang='lat' dir='ltr'><strong><em>etjudicabunt</em></strong></span> <span class='ocrx_word' id='word_1_727' title='bbox 1479 4818 1787 4877; x_wconf 85' lang='lat' dir='ltr'><strong><em>duodecim</em></strong></span> 
     </span>
    </p>
   </div>
   <div class='ocr_carea' id='block_1_96' title="bbox 134 4906 1787 4981">
    <p class='ocr_par' dir='ltr' id='par_1_96' title="bbox 134 4906 1787 4981">
     <span class='ocr_line' id='line_1_96' title="bbox 134 4906 1787 4981; baseline -0.002 -11"><span class='ocrx_word' id='word_1_728' title='bbox 134 4913 332 4973; x_wconf 84' lang='lat' dir='ltr'><strong><em>tribus</em></strong></span> <span class='ocrx_word' id='word_1_729' title='bbox 355 4914 573 4972; x_wconf 91' lang='lat' dir='ltr'><strong><em>Israel.</em></strong></span> <span class='ocrx_word' id='word_1_730' title='bbox 601 4912 823 4969; x_wconf 88' lang='lat' dir='ltr'><strong><em>Anima.</em></strong></span> <span class='ocrx_word' id='word_1_731' title='bbox 858 4913 903 4969; x_wconf 96' lang='lat'><strong><em>0</em></strong></span> <span class='ocrx_word' id='word_1_732' title='bbox 925 4910 1158 4968; x_wconf 89' lang='lat' dir='ltr'><strong><em>domine</em></strong></span> <span class='ocrx_word' id='word_1_733' title='bbox 1185 4910 1388 4969; x_wconf 89' lang='lat' dir='ltr'><strong><em>sancte</em></strong></span> <span class='ocrx_word' id='word_1_734' title='bbox 1403 4906 1787 4981; x_wconf 84' lang='lat' dir='ltr'><strong><em>Michaelpie</em></strong></span> 
     </span>
    </p>
   </div>
   <div class='ocr_carea' id='block_1_97' title="bbox 119 4996 1788 5075">
    <p class='ocr_par' dir='ltr' id='par_1_97' title="bbox 119 4996 1788 5075">
     <span class='ocr_line' id='line_1_97' title="bbox 119 4996 1788 5075; baseline -0.004 -14"><span class='ocrx_word' id='word_1_735' title='bbox 119 5003 324 5074; x_wconf 88' lang='lat' dir='ltr'><strong><em>pater,</em></strong></span> <span class='ocrx_word' id='word_1_736' title='bbox 338 5002 795 5075; x_wconf 88' lang='lat' dir='ltr'><strong><em>quidfaciemus</em></strong></span> <span class='ocrx_word' id='word_1_737' title='bbox 809 5001 972 5058; x_wconf 88' lang='lat' dir='ltr'><strong><em>tunc?</em></strong></span> <span class='ocrx_word' id='word_1_738' title='bbox 983 4997 1276 5058; x_wconf 88' lang='lat' dir='ltr'><strong><em>Dicmihi.</em></strong></span> <span class='ocrx_word' id='word_1_739' title='bbox 1287 4996 1562 5069; x_wconf 89' lang='lat' dir='ltr'><strong><em>Angelus.</em></strong></span> <span class='ocrx_word' id='word_1_740' title='bbox 1574 4997 1788 5056; x_wconf 89' lang='lat' dir='ltr'><strong><em>Omnia</em></strong></span> 
     </span>
    </p>
   </div>
   <div class='ocr_carea' id='block_1_98' title="bbox 132 5086 1787 5163">
    <p class='ocr_par' dir='ltr' id='par_1_98' title="bbox 132 5086 1787 5163">
     <span class='ocr_line' id='line_1_98' title="bbox 132 5086 1787 5163; baseline -0.003 -14"><span class='ocrx_word' id='word_1_741' title='bbox 132 5105 312 5163; x_wconf 90' lang='lat' dir='ltr'><strong><em>opera</em></strong></span> <span class='ocrx_word' id='word_1_742' title='bbox 323 5089 515 5148; x_wconf 90' lang='lat' dir='ltr'><strong><em>omnis</em></strong></span> <span class='ocrx_word' id='word_1_743' title='bbox 528 5089 697 5163; x_wconf 88' lang='lat' dir='ltr'><strong><em>plebs</em></strong></span> <span class='ocrx_word' id='word_1_744' title='bbox 712 5088 1223 5147; x_wconf 88' lang='lat' dir='ltr'><strong><em>habebitinmanu</em></strong></span> <span class='ocrx_word' id='word_1_745' title='bbox 1232 5101 1364 5147; x_wconf 87' lang='lat' dir='ltr'><strong><em>sua.</em></strong></span> <span class='ocrx_word' id='word_1_746' title='bbox 1383 5086 1605 5144; x_wconf 88' lang='lat' dir='ltr'><strong><em>Anima.</em></strong></span> <span class='ocrx_word' id='word_1_747' title='bbox 1627 5088 1671 5146; x_wconf 96' lang='lat'><strong><em>0</em></strong></span> <span class='ocrx_word' id='word_1_748' title='bbox 1687 5086 1787 5145; x_wconf 88' lang='lat' dir='ltr'><strong><em>do-</em></strong></span> 
     </span>
    </p>
   </div>
   <div class='ocr_carea' id='block_1_99' title="bbox 131 5174 1786 5253">
    <p class='ocr_par' dir='ltr' id='par_1_99' title="bbox 131 5174 1786 5253">
     <span class='ocr_line' id='line_1_99' title="bbox 131 5174 1786 5253; baseline -0.002 -17"><span class='ocrx_word' id='word_1_749' title='bbox 131 5181 311 5251; x_wconf 87' lang='lat' dir='ltr'><strong><em>mine,</em></strong></span> <span class='ocrx_word' id='word_1_750' title='bbox 334 5178 574 5253; x_wconf 91' lang='lat' dir='ltr'><strong><em>quando</em></strong></span> <span class='ocrx_word' id='word_1_751' title='bbox 594 5177 1129 5237; x_wconf 75' lang='lat' dir='ltr'><strong><em>venietSalvator?</em></strong></span> <span class='ocrx_word' id='word_1_752' title='bbox 1148 5175 1419 5247; x_wconf 87' lang='lat' dir='ltr'><strong><em>Angelus.</em></strong></span> <span class='ocrx_word' id='word_1_753' title='bbox 1440 5174 1652 5234; x_wconf 84' lang='lat' dir='ltr'><strong><em>Adhuc</em></strong></span> <span class='ocrx_word' id='word_1_754' title='bbox 1668 5189 1786 5233; x_wconf 90' lang='lat' dir='ltr'><strong><em>non</em></strong></span> 
     </span>
    </p>
   </div>
   <div class='ocr_carea' id='block_1_100' title="bbox 133 5263 1786 5337">
    <p class='ocr_par' dir='ltr' id='par_1_100' title="bbox 133 5263 1786 5337">
     <span class='ocr_line' id='line_1_100' title="bbox 133 5263 1786 5337; baseline -0.002 -14"><span class='ocrx_word' id='word_1_755' title='bbox 133 5270 314 5326; x_wconf 88' lang='lat' dir='ltr'><strong><em>venit.</em></strong></span> <span class='ocrx_word' id='word_1_756' title='bbox 343 5268 565 5324; x_wconf 84' lang='lat' dir='ltr'><strong><em>Anima.</em></strong></span> <span class='ocrx_word' id='word_1_757' title='bbox 594 5267 905 5336; x_wconf 88' lang='lat' dir='ltr'><strong><em>Odomine,</em></strong></span> <span class='ocrx_word' id='word_1_758' title='bbox 926 5265 1168 5337; x_wconf 90' lang='lat' dir='ltr'><strong><em>quando</em></strong></span> <span class='ocrx_word' id='word_1_759' title='bbox 1188 5264 1403 5331; x_wconf 87' lang='lat' dir='ltr'><strong><em>veniet,</em></strong></span> <span class='ocrx_word' id='word_1_760' title='bbox 1426 5263 1786 5337; x_wconf 87' lang='lat' dir='ltr'><strong><em>quidfacie-</em></strong></span> 
     </span>
    </p>
   </div>
   <div class='ocr_carea' id='block_1_101' title="bbox 133 5352 1789 5425">
    <p class='ocr_par' dir='ltr' id='par_1_101' title="bbox 133 5352 1789 5425">
     <span class='ocr_line' id='line_1_101' title="bbox 133 5352 1789 5425; baseline -0.002 -13"><span class='ocrx_word' id='word_1_761' title='bbox 133 5370 262 5414; x_wconf 88' lang='lat' dir='ltr'><strong><em>mus</em></strong></span> <span class='ocrx_word' id='word_1_762' title='bbox 275 5353 445 5414; x_wconf 87' lang='lat' dir='ltr'><strong><em>tunc?</em></strong></span> <span class='ocrx_word' id='word_1_763' title='bbox 460 5352 733 5425; x_wconf 86' lang='lat' dir='ltr'><strong><em>Angelus.</em></strong></span> <span class='ocrx_word' id='word_1_764' title='bbox 756 5356 919 5412; x_wconf 86' lang='lat' dir='ltr'><strong><em>Tunc</em></strong></span> <span class='ocrx_word' id='word_1_765' title='bbox 928 5354 1378 5411; x_wconf 85' lang='lat' dir='ltr'><strong><em>venietsanctus</em></strong></span> <span class='ocrx_word' id='word_1_766' title='bbox 1392 5353 1611 5411; x_wconf 74' lang='lat' dir='ltr'><strong><em>Petrus</em></strong></span> <span class='ocrx_word' id='word_1_767' title='bbox 1611 5352 1789 5424; x_wconf 89' lang='lat' dir='ltr'><strong><em>prin-</em></strong></span> 
     </span>
    </p>
   </div>
   <div class='ocr_carea' id='block_1_102' title="bbox 136 5439 1788 5518">
    <p class='ocr_par' dir='ltr' id='par_1_102' title="bbox 136 5439 1788 5518">
     <span class='ocr_line' id='line_1_102' title="bbox 136 5439 1788 5518; baseline -0.002 -18"><span class='ocrx_word' id='word_1_768' title='bbox 136 5456 265 5517; x_wconf 89' lang='lat' dir='ltr'><strong><em>ceps</em></strong></span> <span class='ocrx_word' id='word_1_769' title='bbox 276 5444 671 5518; x_wconf 87' lang='lat' dir='ltr'><strong><em>apostolorum</em></strong></span> <span class='ocrx_word' id='word_1_770' title='bbox 683 5439 1441 5514; x_wconf 76' lang='lat' dir='ltr'><strong><em>etdicet:0fratres,sedete</em></strong></span> <span class='ocrx_word' id='word_1_771' title='bbox 1451 5453 1788 5513; x_wconf 81' lang='lat' dir='ltr'><strong><em>omnesgen-</em></strong></span> 
     </span>
    </p>
   </div>
   <div class='ocr_carea' id='block_1_103' title="bbox 140 5529 1780 5606">
    <p class='ocr_par' dir='ltr' id='par_1_103' title="bbox 140 5529 1780 5606">
     <span class='ocr_line' id='line_1_103' title="bbox 140 5529 1780 5606; baseline -0.004 -14"><span class='ocrx_word' id='word_1_772' title='bbox 140 5530 240 5592; x_wconf 84' lang='lat' dir='ltr'><strong><em>tes.</em></strong></span> <span class='ocrx_word' id='word_1_773' title='bbox 255 5534 417 5593; x_wconf 87' lang='lat' dir='ltr'><strong><em>Tunc</em></strong></span> <span class='ocrx_word' id='word_1_774' title='bbox 426 5530 688 5592; x_wconf 88' lang='lat' dir='ltr'><strong><em>venietm</em></strong></span> <span class='ocrx_word' id='word_1_775' title='bbox 696 5546 892 5606; x_wconf 90' lang='lat' dir='ltr'><strong><em>agnus</em></strong></span> <span class='ocrx_word' id='word_1_776' title='bbox 900 5531 1078 5591; x_wconf 83' lang='lat' dir='ltr'><strong><em>Jesus</em></strong></span> <span class='ocrx_word' id='word_1_777' title='bbox 1086 5529 1354 5590; x_wconf 86' lang='lat' dir='ltr'><strong><em>salvator</em></strong></span> <span class='ocrx_word' id='word_1_778' title='bbox 1366 5529 1780 5604; x_wconf 84' lang='lat' dir='ltr'><strong><em>etredemptor.</em></strong></span> 
     </span>
    </p>
   </div>
   <div class='ocr_carea' id='block_1_104' title="bbox 144 5618 1785 5696">
    <p class='ocr_par' dir='ltr' id='par_1_104' title="bbox 144 5618 1785 5696">
     <span class='ocr_line' id='line_1_104' title="bbox 144 5618 1785 5696; baseline -0.001 -13"><span class='ocrx_word' id='word_1_779' title='bbox 144 5620 361 5684; x_wconf 80' lang='lat' dir='ltr'><strong><em>Anima.</em></strong></span> <span class='ocrx_word' id='word_1_780' title='bbox 383 5623 429 5684; x_wconf 94' lang='lat'><strong><em>0</em></strong></span> <span class='ocrx_word' id='word_1_781' title='bbox 442 5620 888 5696; x_wconf 82' lang='lat' dir='ltr'><strong><em>domine,quam</em></strong></span> <span class='ocrx_word' id='word_1_782' title='bbox 901 5632 1186 5695; x_wconf 79' lang='lat' dir='ltr'><strong><em>magnam</em></strong></span> <span class='ocrx_word' id='word_1_783' title='bbox 1199 5618 1549 5693; x_wconf 75' lang='lat' dir='ltr'><strong><em>angustiam</em></strong></span> <span class='ocrx_word' id='word_1_784' title='bbox 1564 5618 1785 5683; x_wconf 81' lang='lat' dir='ltr'><strong><em>videbi-</em></strong></span> 
     </span>
    </p>
   </div>
   <div class='ocr_carea' id='block_1_105' title="bbox 1899 4638 3544 4713">
    <p class='ocr_par' dir='ltr' id='par_1_105' title="bbox 1899 4638 3544 4713">
     <span class='ocr_line' id='line_1_105' title="bbox 1899 4638 3544 4713; baseline 0.001 -16"><span class='ocrx_word' id='word_1_785' title='bbox 1899 4639 2019 4697; x_wconf 87' lang='lat' dir='ltr'><strong><em>tor:</em></strong></span> <span class='ocrx_word' id='word_1_786' title='bbox 2036 4638 2281 4706; x_wconf 85' lang='lat' dir='ltr'><strong><em>Quando</em></strong></span> <span class='ocrx_word' id='word_1_787' title='bbox 2286 4638 2535 4711; x_wconf 84' lang='lat' dir='ltr'><strong><em>fecistis</em></strong></span> <span class='ocrx_word' id='word_1_788' title='bbox 2546 4639 2654 4696; x_wconf 90' lang='lat' dir='ltr'><strong><em>uni</em></strong></span> <span class='ocrx_word' id='word_1_789' title='bbox 2667 4638 2736 4696; x_wconf 90' lang='lat' dir='ltr'><strong><em>de</em></strong></span> <span class='ocrx_word' id='word_1_790' title='bbox 2746 4638 3017 4698; x_wconf 89' lang='lat' dir='ltr'><strong><em>minimis</em></strong></span> <span class='ocrx_word' id='word_1_791' title='bbox 3029 4638 3187 4710; x_wconf 89' lang='lat' dir='ltr'><strong><em>istis,</em></strong></span> <span class='ocrx_word' id='word_1_792' title='bbox 3201 4640 3351 4698; x_wconf 87' lang='lat' dir='ltr'><strong><em>mihi</em></strong></span> <span class='ocrx_word' id='word_1_793' title='bbox 3353 4641 3544 4713; x_wconf 87' lang='lat' dir='ltr'><strong><em>fecis-</em></strong></span> 
     </span>
    </p>
   </div>
   <div class='ocr_carea' id='block_1_106' title="bbox 1896 4726 3543 4802">
    <p class='ocr_par' dir='ltr' id='par_1_106' title="bbox 1896 4726 3543 4802">
     <span class='ocr_line' id='line_1_106' title="bbox 1896 4726 3543 4802; baseline 0.002 -17"><span class='ocrx_word' id='word_1_794' title='bbox 1896 4728 1976 4786; x_wconf 90' lang='lat' dir='ltr'><strong><em>tis</em></strong></span> <span class='ocrx_word' id='word_1_795' title='bbox 1988 4727 2227 4800; x_wconf 87' lang='lat' dir='ltr'><strong><em>(Matth.</em></strong></span> <span class='ocrx_word' id='word_1_796' title='bbox 2245 4743 2379 4800; x_wconf 83' lang='lat' dir='ltr'><strong><em>xxv,</em></strong></span> <span class='ocrx_word' id='word_1_797' title='bbox 2395 4728 2505 4799; x_wconf 78' lang='grc'><strong><em>40).</em></strong></span> <span class='ocrx_word' id='word_1_798' title='bbox 2521 4726 2743 4784; x_wconf 87' lang='lat' dir='ltr'><strong><em>Anima.</em></strong></span> <span class='ocrx_word' id='word_1_799' title='bbox 2764 4728 2808 4785; x_wconf 96' lang='lat'><strong><em>0</em></strong></span> <span class='ocrx_word' id='word_1_800' title='bbox 2821 4727 3076 4800; x_wconf 88' lang='lat' dir='ltr'><strong><em>domine,</em></strong></span> <span class='ocrx_word' id='word_1_801' title='bbox 3088 4726 3241 4801; x_wconf 89' lang='lat' dir='ltr'><strong><em>quid</em></strong></span> <span class='ocrx_word' id='word_1_802' title='bbox 3234 4729 3543 4802; x_wconf 87' lang='lat' dir='ltr'><strong><em>faciemus</em></strong></span> 
     </span>
    </p>
   </div>
   <div class='ocr_carea' id='block_1_107' title="bbox 1894 4819 3542 4892">
    <p class='ocr_par' dir='ltr' id='par_1_107' title="bbox 1894 4819 3542 4892">
     <span class='ocr_line' id='line_1_107' title="bbox 1894 4819 3542 4892; baseline -0.001 -13"><span class='ocrx_word' id='word_1_803' title='bbox 1894 4827 2067 4880; x_wconf 77' lang='lat' dir='ltr'><strong><em>tunc?</em></strong></span> <span class='ocrx_word' id='word_1_804' title='bbox 2080 4820 2350 4891; x_wconf 88' lang='lat' dir='ltr'><strong><em>Angelus.</em></strong></span> <span class='ocrx_word' id='word_1_805' title='bbox 2365 4820 2533 4879; x_wconf 73' lang='lat' dir='ltr'><strong><em>Iusti</em></strong></span> <span class='ocrx_word' id='word_1_806' title='bbox 2547 4819 2704 4891; x_wconf 91' lang='lat' dir='ltr'><strong><em>bene,</em></strong></span> <span class='ocrx_word' id='word_1_807' title='bbox 2720 4819 3043 4892; x_wconf 84' lang='lat' dir='ltr'><strong><em>benejusti.</em></strong></span> <span class='ocrx_word' id='word_1_808' title='bbox 3056 4821 3221 4880; x_wconf 82' lang='lat' dir='ltr'><strong><em>Tunc</em></strong></span> <span class='ocrx_word' id='word_1_809' title='bbox 3235 4820 3509 4879; x_wconf 71' lang='lat' dir='ltr'><strong><em>dicetren</em></strong></span> <span class='ocrx_word' id='word_1_810' title='bbox 3520 4840 3542 4878; x_wconf 81' lang='lat'><strong><em>.-</em></strong></span> 
     </span>
    </p>
   </div>
   <div class='ocr_carea' id='block_1_108' title="bbox 1905 4909 3545 4983">
    <p class='ocr_par' dir='ltr' id='par_1_108' title="bbox 1905 4909 3545 4983">
     <span class='ocr_line' id='line_1_108' title="bbox 1905 4909 3545 4983; baseline 0.001 -16"><span class='ocrx_word' id='word_1_811' title='bbox 1905 4910 2124 4982; x_wconf 84' lang='lat' dir='ltr'><strong><em>Venite,</em></strong></span> <span class='ocrx_word' id='word_1_812' title='bbox 2141 4909 2431 4967; x_wconf 89' lang='lat' dir='ltr'><strong><em>benedicti</em></strong></span> <span class='ocrx_word' id='word_1_813' title='bbox 2436 4910 2646 4983; x_wconf 69' lang='lat' dir='ltr'><strong><em>panis</em></strong></span> <span class='ocrx_word' id='word_1_814' title='bbox 2662 4910 2799 4982; x_wconf 90' lang='lat' dir='ltr'><strong><em>mei,</em></strong></span> <span class='ocrx_word' id='word_1_815' title='bbox 2806 4909 3109 4982; x_wconf 90' lang='lat' dir='ltr'><strong><em>possidete</em></strong></span> <span class='ocrx_word' id='word_1_816' title='bbox 3119 4924 3367 4983; x_wconf 88' lang='lat' dir='ltr'><strong><em>regnum</em></strong></span> <span class='ocrx_word' id='word_1_817' title='bbox 3384 4910 3545 4983; x_wconf 90' lang='lat' dir='ltr'><strong><em>quod</em></strong></span> 
     </span>
    </p>
   </div>
   <div class='ocr_carea' id='block_1_109' title="bbox 1890 4997 3536 5072">
    <p class='ocr_par' dir='ltr' id='par_1_109' title="bbox 1890 4997 3536 5072">
     <span class='ocr_line' id='line_1_109' title="bbox 1890 4997 3536 5072; baseline -0.002 -15"><span class='ocrx_word' id='word_1_818' title='bbox 1890 4998 2060 5058; x_wconf 89' lang='lat' dir='ltr'><strong><em>vobis</em></strong></span> <span class='ocrx_word' id='word_1_819' title='bbox 2080 5000 2311 5072; x_wconf 88' lang='lat' dir='ltr'><strong><em>paravi</em></strong></span> <span class='ocrx_word' id='word_1_820' title='bbox 2347 4999 2422 5056; x_wconf 92' lang='lat' dir='ltr'><strong><em>ab</em></strong></span> <span class='ocrx_word' id='word_1_821' title='bbox 2459 4998 2695 5071; x_wconf 87' lang='lat' dir='ltr'><strong><em>origine</em></strong></span> <span class='ocrx_word' id='word_1_822' title='bbox 2730 4997 2942 5057; x_wconf 88' lang='lat' dir='ltr'><strong><em>mundi</em></strong></span> <span class='ocrx_word' id='word_1_823' title='bbox 2982 4997 3222 5069; x_wconf 89' lang='lat' dir='ltr'><strong><em>(Matth.</em></strong></span> <span class='ocrx_word' id='word_1_824' title='bbox 3259 5015 3391 5069; x_wconf 83' lang='lat' dir='ltr'><strong><em>xxv,</em></strong></span> <span class='ocrx_word' id='word_1_825' title='bbox 3424 4999 3536 5070; x_wconf 78' lang='grc'><strong><em>34).</em></strong></span> 
     </span>
    </p>
   </div>
   <div class='ocr_carea' id='block_1_110' title="bbox 1899 5086 3532 5161">
    <p class='ocr_par' dir='ltr' id='par_1_110' title="bbox 1899 5086 3532 5161">
     <span class='ocr_line' id='line_1_110' title="bbox 1899 5086 3532 5161; baseline -0.001 -15"><span class='ocrx_word' id='word_1_826' title='bbox 1899 5088 2061 5146; x_wconf 83' lang='lat' dir='ltr'><strong><em>Tunc</em></strong></span> <span class='ocrx_word' id='word_1_827' title='bbox 2071 5088 2231 5159; x_wconf 90' lang='lat' dir='ltr'><strong><em>eritg</em></strong></span> <span class='ocrx_word' id='word_1_828' title='bbox 2240 5088 2395 5146; x_wconf 85' lang='lat' dir='ltr'><strong><em>toria</em></strong></span> <span class='ocrx_word' id='word_1_829' title='bbox 2405 5101 2630 5161; x_wconf 89' lang='lat' dir='ltr'><strong><em>magna</em></strong></span> <span class='ocrx_word' id='word_1_830' title='bbox 2639 5102 2816 5160; x_wconf 84' lang='lat' dir='ltr'><strong><em>super</em></strong></span> <span class='ocrx_word' id='word_1_831' title='bbox 2828 5100 2939 5147; x_wconf 90' lang='lat' dir='ltr'><strong><em>eos.</em></strong></span> <span class='ocrx_word' id='word_1_832' title='bbox 2958 5086 3184 5146; x_wconf 82' lang='lat' dir='ltr'><strong><em>Anima.</em></strong></span> <span class='ocrx_word' id='word_1_833' title='bbox 3201 5087 3362 5156; x_wconf 87' lang='lat' dir='ltr'><strong><em>Post,</em></strong></span> <span class='ocrx_word' id='word_1_834' title='bbox 3372 5086 3532 5145; x_wconf 89' lang='lat' dir='ltr'><strong><em>domi</em></strong></span> 
     </span>
    </p>
   </div>
   <div class='ocr_carea' id='block_1_111' title="bbox 1890 5174 3539 5248">
    <p class='ocr_par' dir='ltr' id='par_1_111' title="bbox 1890 5174 3539 5248">
     <span class='ocr_line' id='line_1_111' title="bbox 1890 5174 3539 5248; baseline -0.001 -14"><span class='ocrx_word' id='word_1_835' title='bbox 1890 5190 1983 5248; x_wconf 90' lang='lat' dir='ltr'><strong><em>ne,</em></strong></span> <span class='ocrx_word' id='word_1_836' title='bbox 1998 5175 2151 5247; x_wconf 91' lang='lat' dir='ltr'><strong><em>quid</em></strong></span> <span class='ocrx_word' id='word_1_837' title='bbox 2147 5176 2397 5247; x_wconf 86' lang='lat' dir='ltr'><strong><em>facient</em></strong></span> <span class='ocrx_word' id='word_1_838' title='bbox 2408 5178 2431 5235; x_wconf 89' lang='lat' dir='ltr'><strong><em>i</em></strong></span> <span class='ocrx_word' id='word_1_839' title='bbox 2438 5176 2507 5234; x_wconf 91' lang='lat' dir='ltr'><strong><em>lli</em></strong></span> <span class='ocrx_word' id='word_1_840' title='bbox 2520 5175 3232 5248; x_wconf 90' lang='lat' dir='ltr'><strong><em>adsinistram.Angelus.</em></strong></span> <span class='ocrx_word' id='word_1_841' title='bbox 3254 5177 3299 5234; x_wconf 97' lang='lat'><strong><em>0</em></strong></span> <span class='ocrx_word' id='word_1_842' title='bbox 3310 5174 3539 5246; x_wconf 88' lang='lat' dir='ltr'><strong><em>anima,</em></strong></span> 
     </span>
    </p>
   </div>
   <div class='ocr_carea' id='block_1_112' title="bbox 1892 5263 3536 5335">
    <p class='ocr_par' dir='ltr' id='par_1_112' title="bbox 1892 5263 3536 5335">
     <span class='ocr_line' id='line_1_112' title="bbox 1892 5263 3536 5335; baseline -0.004 -10"><span class='ocrx_word' id='word_1_843' title='bbox 1892 5278 2077 5325; x_wconf 88' lang='lat' dir='ltr'><strong><em>cessa.</em></strong></span> <span class='ocrx_word' id='word_1_844' title='bbox 2113 5264 2335 5321; x_wconf 87' lang='lat' dir='ltr'><strong><em>Anima.</em></strong></span> <span class='ocrx_word' id='word_1_845' title='bbox 2372 5266 2417 5323; x_wconf 97' lang='lat'><strong><em>0</em></strong></span> <span class='ocrx_word' id='word_1_846' title='bbox 2438 5265 2668 5323; x_wconf 86' lang='lat' dir='ltr'><strong><em>domine</em></strong></span> <span class='ocrx_word' id='word_1_847' title='bbox 2690 5266 2895 5324; x_wconf 87' lang='lat' dir='ltr'><strong><em>sancte</em></strong></span> <span class='ocrx_word' id='word_1_848' title='bbox 2922 5264 3209 5335; x_wconf 86' lang='lat' dir='ltr'><strong><em>Michael,</em></strong></span> <span class='ocrx_word' id='word_1_849' title='bbox 3243 5263 3341 5322; x_wconf 90' lang='lat' dir='ltr'><strong><em>dic</em></strong></span> <span class='ocrx_word' id='word_1_850' title='bbox 3362 5263 3536 5322; x_wconf 87' lang='lat' dir='ltr'><strong><em>mihi.</em></strong></span> 
     </span>
    </p>
   </div>
   <div class='ocr_carea' id='block_1_113' title="bbox 1894 5351 3535 5424">
    <p class='ocr_par' dir='ltr' id='par_1_113' title="bbox 1894 5351 3535 5424">
     <span class='ocr_line' id='line_1_113' title="bbox 1894 5351 3535 5424; baseline -0.002 -14"><span class='ocrx_word' id='word_1_851' title='bbox 1894 5352 2171 5424; x_wconf 86' lang='lat' dir='ltr'><strong><em>Angelus.</em></strong></span> <span class='ocrx_word' id='word_1_852' title='bbox 2203 5354 2347 5410; x_wconf 88' lang='lat' dir='ltr'><strong><em>Dico</em></strong></span> <span class='ocrx_word' id='word_1_853' title='bbox 2380 5351 2508 5410; x_wconf 90' lang='lat' dir='ltr'><strong><em>tibi.</em></strong></span> <span class='ocrx_word' id='word_1_854' title='bbox 2542 5351 2732 5411; x_wconf 85' lang='lat' dir='ltr'><strong><em>Ibunt</em></strong></span> <span class='ocrx_word' id='word_1_855' title='bbox 2746 5354 2814 5411; x_wconf 90' lang='lat' dir='ltr'><strong><em>in</em></strong></span> <span class='ocrx_word' id='word_1_856' title='bbox 2840 5353 3207 5424; x_wconf 86' lang='lat' dir='ltr'><strong><em>supplicium</em></strong></span> <span class='ocrx_word' id='word_1_857' title='bbox 3235 5352 3535 5409; x_wconf 82' lang='lat' dir='ltr'><strong><em>aternum.</em></strong></span> 
     </span>
    </p>
   </div>
   <div class='ocr_carea' id='block_1_114' title="bbox 1894 5438 3543 5517">
    <p class='ocr_par' dir='ltr' id='par_1_114' title="bbox 1894 5438 3543 5517">
     <span class='ocr_line' id='line_1_114' title="bbox 1894 5438 3543 5517; baseline -0.003 -18"><span class='ocrx_word' id='word_1_858' title='bbox 1894 5441 2117 5499; x_wconf 86' lang='lat' dir='ltr'><strong><em>Anima.</em></strong></span> <span class='ocrx_word' id='word_1_859' title='bbox 2143 5442 2401 5500; x_wconf 89' lang='lat' dir='ltr'><strong><em>Osancte</em></strong></span> <span class='ocrx_word' id='word_1_860' title='bbox 2414 5440 2699 5511; x_wconf 88' lang='lat' dir='ltr'><strong><em>Michael,</em></strong></span> <span class='ocrx_word' id='word_1_861' title='bbox 2716 5440 2813 5498; x_wconf 90' lang='lat' dir='ltr'><strong><em>dic</em></strong></span> <span class='ocrx_word' id='word_1_862' title='bbox 2822 5440 2974 5498; x_wconf 91' lang='lat' dir='ltr'><strong><em>mihi</em></strong></span> <span class='ocrx_word' id='word_1_863' title='bbox 2986 5438 3087 5498; x_wconf 87' lang='lat' dir='ltr'><strong><em>ubi</em></strong></span> <span class='ocrx_word' id='word_1_864' title='bbox 3099 5441 3368 5514; x_wconf 85' lang='lat' dir='ltr'><strong><em>pergunt</em></strong></span> <span class='ocrx_word' id='word_1_865' title='bbox 3382 5438 3543 5517; x_wconf 72' lang='lat' dir='ltr'><strong><em>illa?</em></strong></span> 
     </span>
    </p>
   </div>
   <div class='ocr_carea' id='block_1_115' title="bbox 1899 5527 3542 5603">
    <p class='ocr_par' dir='ltr' id='par_1_115' title="bbox 1899 5527 3542 5603">
     <span class='ocr_line' id='line_1_115' title="bbox 1899 5527 3542 5603; baseline -0.002 -13"><span class='ocrx_word' id='word_1_866' title='bbox 1899 5530 2066 5599; x_wconf 83' lang='lat' dir='ltr'><strong><em>Quod</em></strong></span> <span class='ocrx_word' id='word_1_867' title='bbox 2081 5532 2140 5592; x_wconf 89' lang='lat' dir='ltr'><strong><em>si</em></strong></span> <span class='ocrx_word' id='word_1_868' title='bbox 2158 5531 2279 5591; x_wconf 87' lang='lat' dir='ltr'><strong><em>erit</em></strong></span> <span class='ocrx_word' id='word_1_869' title='bbox 2292 5530 2424 5591; x_wconf 85' lang='lat' dir='ltr'><strong><em>illis</em></strong></span> <span class='ocrx_word' id='word_1_870' title='bbox 2444 5530 2610 5589; x_wconf 55' lang='lat' dir='ltr'><strong><em>ulna</em></strong></span> <span class='ocrx_word' id='word_1_871' title='bbox 2638 5528 2855 5603; x_wconf 89' lang='lat' dir='ltr'><strong><em>aliqua</em></strong></span> <span class='ocrx_word' id='word_1_872' title='bbox 2872 5530 3166 5590; x_wconf 89' lang='lat' dir='ltr'><strong><em>remissio.</em></strong></span> <span class='ocrx_word' id='word_1_873' title='bbox 3194 5527 3451 5602; x_wconf 87' lang='lat' dir='ltr'><strong><em>Angelus</em></strong></span> <span class='ocrx_word' id='word_1_874' title='bbox 3495 5529 3542 5587; x_wconf 94' lang='lat'><strong><em>0</em></strong></span> 
     </span>
    </p>
   </div>
   <div class='ocr_carea' id='block_1_116' title="bbox 1899 5615 3545 5695">
    <p class='ocr_par' dir='ltr' id='par_1_116' title="bbox 1899 5615 3545 5695">
     <span class='ocr_line' id='line_1_116' title="bbox 1899 5615 3545 5695; baseline -0.005 -4"><span class='ocrx_word' id='word_1_875' title='bbox 1899 5621 2131 5695; x_wconf 76' lang='lat' dir='ltr'><strong><em>anima.</em></strong></span> <span class='ocrx_word' id='word_1_876' title='bbox 2154 5618 2284 5683; x_wconf 75' lang='lat' dir='ltr'><strong><em>dico</em></strong></span> <span class='ocrx_word' id='word_1_877' title='bbox 2305 5617 2434 5683; x_wconf 66' lang='lat' dir='ltr'><strong><em>tibi.</em></strong></span> <span class='ocrx_word' id='word_1_878' title='bbox 2466 5617 2862 5693; x_wconf 67' lang='lat' dir='ltr'><strong><em>Indullentia</em></strong></span> <span class='ocrx_word' id='word_1_879' title='bbox 2888 5618 3002 5690; x_wconf 78' lang='lat' dir='ltr'><strong><em>Dei</em></strong></span> <span class='ocrx_word' id='word_1_880' title='bbox 3018 5615 3458 5687; x_wconf 69' lang='lat' dir='ltr'><strong><em>suocurttiliis.</em></strong></span> <span class='ocrx_word' id='word_1_881' title='bbox 3482 5615 3545 5677; x_wconf 75' lang='lat' dir='ltr'><strong><em>et</em></strong></span> 
     </span>
    </p>
   </div>
   <div class='ocr_carea' id='block_1_117' title="bbox 3439 328 3673 436">
    <p class='ocr_par' dir='ltr' id='par_1_117' title="bbox 3439 328 3673 436">
     <span class='ocr_line' id='line_1_117' title="bbox 3439 328 3673 436; baseline 0 0"><span class='ocrx_word' id='word_1_882' title='bbox 3439 367 3559 436; x_wconf 74' lang='lat' dir='ltr'><strong><em>sse</em></strong></span> <span class='ocrx_word' id='word_1_883' title='bbox 3670 328 3673 329; x_wconf 19' lang='grc' dir='ltr'>ί</span> 
     </span>
    </p>
   </div>
  </div>
