3922 6410
407 371 521 434 22⁸7
1376 369 1663 431 HUGON
1669 369 1742 428 IS
1783 368 2136 429 ABBATIS
2177 367 2857 430 FLAVINIACENSIS
3715 369 3835 428 228

410 505 612 575 angeli
624 504 736 560 Dei
740 502 985 575 facient
1008 501 1603 573 raptumsuperillos.
1629 502 1837 558 Omnes
1856 500 2055 560 sancti
2082 503 2138 564 Α
2170 500 2388 556 Anima.
2411 499 2715 569 Odomine,
2734 499 3220 571 qualesin/irmi?
3243 498 3510 566 Angelus.
3535 500 3832 565 Quisatis

410 592 779 649 intercedent
794 591 876 647 ad
894 592 1081 647 Deum
1098 605 1205 661 pro
1224 591 1376 648 illis.
1406 590 1623 645 Anima.
1662 591 1707 647 0
1727 590 1974 659 domine,
2001 589 2057 648 si
2168 588 2607 646 excusationem
2630 602 2743 643 non
2765 589 2984 645 habent
3001 588 3070 644 de
3076 589 3310 659 peccati
3315 599 3343 644 s
3361 586 3507 655 suis,
3535 587 3638 643 illi
3664 588 3830 644 sede-

415 694 608 736 omnes
621 678 861 735 liberati
879 680 1084 735 erunt?
1108 678 1379 748 Angelus.
1405 679 1728 736 Possumus
1747 689 2059 736 succm-ere
2169 677 2315 734 bunt
2328 677 2789 749 superrivulum
2817 677 3019 735 istum.
3057 677 3278 732 Anima.
3317 677 3361 731 0
3383 677 3634 743 domine,
3666 677 3831 745 quid

412 768 564 825 illis.
592 768 976 824 Paucumest.
1004 766 1223 823 Anima.
1254 768 1542 824 Odomine
1556 768 1757 825 sancte
1770 765 2054 835 Michael,
2152 767 2489 838 faciemus?
2510 766 2783 836 Angelus.
2822 767 2981 836 Veni,
3008 764 3313 824 ostendam
3333 763 3461 822 tibi.
3501 763 3667 822 Vide.
3700 765 3831 819 Ani-

418 858 514 913 dic
539 856 712 925 mihi,
746 859 853 927 qui
868 855 1116 929 facient
1133 856 1409 934 raptum?
1442 855 1717 925 Angelus.
1748 857 1894 913 Dico
1923 854 2053 911 tibi.
2168 869 2276 911 ma.
2306 855 2611 925 Odomine,
2637 855 2789 926 quid
2809 855 3053 913 esthoc?
3077 854 3349 925 Angelus.
3375 854 3520 912 Ηωσ
3536 854 3693 911 sunt
3711 853 3831 909 tor-

2097 951 2102 957 '
2165 944 2366 1001 menta
2381 961 2396 1011 ;
2410 942 3226 1016 ibisedebuntimpuri,'utibi
3232 944 3371 1015 peni
3379 942 3736 1017 teantsupcr
3745 944 3830 1000 ri-

2166 1033 3246 1105 vulumistumusqueindiemjudicii
3257 1032 3387 1090 Dei.
3415 1032 3638 1089 Anima.
3669 1034 3831 1089 Odo-

2168 1123 2347 1191 mine,
2378 1135 2603 1193 magna
2631 1122 2777 1179 sunt
2800 1122 2924 1180 ista
2955 1123 3261 1179 tormenta.
3313 1122 3467 1187 Quid
3474 1122 3829 1194 faciemus?

2172 1210 2445 1279 Angelus.
2503 1210 2664 1280 Veni,
2708 1211 3014 1269 ostendam
3053 1210 3183 1269 tibi.
3223 1212 3487 1284 Sequere
3522 1224 3631 1267 me.
3682 1211 3828 1268 Vide

415 1034 472 1089 et
492 1034 800 1091 duodecim
826 1033 1081 1105 apostoli
1102 1032 1343 1106 facient
1367 1034 1630 1105 raptum,
1655 1033 1715 1090 et
1731 1045 1926 1090 omnes
1955 1045 2061 1089 an-

411 1122 552 1193 geli.
582 1120 1674 1192 Anima.0dominesancteMichael,.
1756 1163 1768 1176 .
1851 1163 1863 1175 .
1946 1161 1959 1175 .
2042 1162 2054 1175 .

421 1299 639 1354 Anima.
668 1300 713 1354 0
731 1298 980 1369 domine,
1001 1302 1109 1370 qui
1130 1299 1367 1355 liberati
1384 1312 1501 1356 non
1504 1297 1949 1371 fuerint,,quid
1952 1298 2063 1369 fa-
2170 1298 2368 1370 ignem
2386 1311 2689 1369 magnum.
2717 1299 2938 1356 Anima.
2962 1298 3272 1368 Odomine,
3296 1299 3436 1370 quis
3447 1299 3689 1357 estille?
3716 1302 3756 1353 A
3770 1315 3829 1353 n-

415 1386 717 1444 cientilli?
741 1385 1010 1456 Angelus.
1040 1387 1459 1445 Certemalum.
1485 1386 1703 1443 Anima.
1730 1384 2057 1442 0domine..
2170 1384 2356 1455 gelus.
2388 1387 2782 1455 VideJudam,
2798 1389 2907 1459 qui
2922 1387 3396 1445 tradiditDeum.
3417 1386 3827 1443 Anima.0J1.r-

418 1475 557 1531 tunc
576 1475 730 1545 quid
733 1475 981 1546 facient
994 1474 1098 1532 ”'?
1122 1475 1394 1545 Angelus.
1424 1477 1469 1531 0
1489 1475 1714 1543 anima,
1739 1487 1930 1545 quare
1949 1487 2064 1530 non
2174 1473 2271 1543 da,
2287 1476 2817 1545 quarevendidisti
2828 1491 3040 1548 corpus
3051 1476 3469 1548 etsanguinem
3481 1475 3715 1532 domini
3728 1490 3827 1530 no-

418 1564 646 1621 cessas?
680 1565 778 1620 Vis
796 1564 1011 1621 audire
1030 1567 1139 1635 qui
1145 1564 1184 1620 d
1187 1565 1463 1637 facient?
1483 1563 1661 1634 Deus,
1682 1565 1841 1621 Deus
1856 1563 2067 1619 reddet
2171 1564 2287 1620 stri
2307 1563 2453 1620 Jesu
2478 1563 2743 1621 Christi?
2765 1566 2961 1631 Quare
2974 1564 3289 1622 tradidisti
3304 1565 3602 1621 dominum
3619 1564 3823 1619 tuum?

418 1653 551 1710 illis
575 1653 897 1709 secundum
923 1666 1101 1724 opera
1120 1666 1234 1710 sua
1253 1652 1707 1710 retributionem
1735 1652 2065 1722 Postquam
2179 1650 2375 1716 Quare
2379 1653 2598 1726 fecisti
2617 1653 2757 1709 hoc?
2785 1652 3060 1722 Angelus.
3093 1653 3293 1709 Multa
3311 1652 3476 1709 mala
3482 1652 3664 1724 fecit,
3682 1666 3825 1723 pro-

425 1741 583 1798 dicet
602 1741 688 1798 eis
710 1739 779 1774 ’9'
804 1760 816 1794 :
840 1741 1143 1799 Discedite
1159 1742 1468 1798 maledicti
1482 1743 1550 1798 in
1568 1744 1763 1812 ignem
1783 1741 2065 1797 aeternum
2092 1803 2142 1812 5
2165 1740 2375 1811 pterea
2397 1740 2649 1811 recipiet
2672 1740 2874 1798 omnia
2902 1741 3086 1798 mala.
3140 1741 3313 1799 Vides
3343 1741 3488 1800 istos
3516 1740 3825 1797 homines?

422 1829 663 1897 (Matth.
682 1843 809 1898 xxv,
826 1828 937 1899 61),
961 1829 1193 1886 reddite
1204 1842 1380 1901 opera
1390 1803 1838 1900 vestra'angelis
1850 1828 2064 1885 vestris
2092 1803 2146 1864 Β
2165 1803 2294 1886 ἳιιο
2298 1828 2441 1900 fuit
2459 1803 2640 1899 dives,
2662 1829 2830 1885 modo
2850 1830 2943 1887 est
2954 1843 3207 1900 pauper.
3235 1829 3454 1886 Anima.
3494 1830 3539 1886 0
3560 1826 3820 1897 domine,

421 1916 639 1987 quibus
650 1918 988 1975 servivistis
999 1926 1020 1974 ,ι
1032 1931 1151 1974 non
1171 1918 1463 1975 eritultra
1478 1917 1608 1973 ulla
1625 1916 2059 1975 misericordia.
2176 1917 2327 1988 quid
2334 1916 2404 1950 ³⁸⁸
2420 1917 2630 1987 faciet,
2655 1916 2898 1975 habebit
2910 1919 3316 1977 remissionem
3337 1918 3406 1974 de
3414 1918 3660 1989 peccato
3683 1919 3826 1974 suo?

426 2004 518 2060 Ibi
547 2005 670 2060 erit
694 2004 962 2062 luctuosa
989 2005 1050 2062 et
1066 2004 1370 2064 tenebrosa
1398 2007 1645 2063 mansio.
1685 2006 1847 2062 Tunc
1873 2005 2070 2061 veniet
2176 2006 2449 2076 Angelus.
2476 2006 2609 2065 Non
2628 2006 2752 2063 nisi
2772 2008 2838 2063 in
2856 2007 3125 2077 judicio;
3158 2008 3298 2065 tunc
3318 2006 3703 2066 dimittentur
3723 2006 3825 2063 illi

420 2093 726 2152 Salvator.
764 2094 985 2150 Anima.
1024 2095 1069 2151 0
1095 2093 1344 2165 domine,
1385 2094 1537 2166 quid
1562 2093 1770 2167 faciet
1793 2094 2067 2152 dominus
2174 2093 2376 2149 omnia
2396 2092 2648 2164 peccata
2675 2106 2806 2149 sua.
2845 2093 3066 2149 Anima.
3102 2095 3146 2149 0
3175 2093 3425 2162 domine,
3460 2093 3611 2165 quid
3620 2094 3830 2165 facie-

422 2182 604 2239 Deus?
618 2181 890 2252 Angelus.
913 2183 1757 2254 0anima,quarenoncessas?
1770 2180 2059 2238 Animam.
2173 2180 2340 2237 mus?
2372 2180 2644 2249 Angelus.
2680 2182 2827 2237 Dico
2859 2181 2988 2239 tibi.
3029 2182 3259 2239 Eamus
3286 2182 3358 2238 de
3384 2183 3500 2239 isto
3519 2183 3823 2253 periculo.

427 2272 472 2328 0
495 2271 746 2340 domine,
771 2270 870 2328 dic
885 2271 1058 2341 mihi,
1092 2271 1246 2342 quid
1258 2272 1566 2344 faciemus
1594 2271 1763 2328 tunc?
1786 2270 2061 2342 Angelus.

424 2360 565 2417 Dico
581 2356 711 2416 tibi.
741 2359 901 2417 Tunc
923 2358 1082 2417 dicet
1095 2360 1413 2417 Salvator:
1443 2360 1643 2417 Venite
1663 2359 1744 2417 ad
1760 2372 1853 2416 me
1871 2372 2067 2417 omnes

419 2447 526 2518 qui
561 2445 852 2503 laboratis
882 2446 944 2503 et
967 2447 1200 2504 onerati
1240 2447 1401 2517 estis,
1437 2447 1497 2503 et
1518 2460 1622 2519 ego
1649 2448 1921 2521 reﬁciam
1965 2459 2067 2504 vos

419 2533 659 2604 (Matth.
680 2534 889 2605 Χ1,28).
924 2534 1031 2592 Vos
1051 2536 1160 2605 qui
1169 2536 1409 2606 sequuti
1427 2535 1569 2593 estis
1579 2549 1671 2592 me
1680 2533 2067 2593 sedebitissu-

416 2633 523 2691 per
548 2621 717 2679 sedes
750 2619 1095 2691 [duodecim,
1130 2622 1502 2693 judicantes]
1537 2621 1844 2680 duodecim
1873 2620 2067 2678 tribus

419 2711 622 2769 Israel
632 2709 870 2779 (Matth.
888 2725 1001 2781 xxx,
1018 2712 1127 2780 28).
1154 2710 1532 2769 Modovenite
1547 2711 1761 2780 adme;
1777 2724 1879 2785 ego
1893 2711 2068 2767 dovo-

421 2797 754 2871 bisgaudia
768 2798 1009 2870 aeterna,
1025 2799 1094 2856 in
1105 2799 1322 2871 quibus
1319 2798 1771 2872 permanebitis.
1783 2798 2004 2856 Anima.
2022 2799 2069 2855 0

421 2886 669 2956 domine,
694 2886 1112 2958 quidfacient,
1138 2888 1431 2959 quiiliam
1449 2901 1642 2945 vocem
1663 2887 1940 2945 audiunt.
1958 2888 2068 2943 An-

419 2975 603 3045 gelus.
632 2976 777 3032 Dico
799 2975 928 3033 tibi.
955 2974 1323 3033 Letabuntur
1340 2975 1471 3034 sine
1479 2978 1625 3049 ﬁne,
1654 2976 1874 3032 Anima.
1906 2976 1951 3032 0
1972 2975 2068 3032 do-

417 3064 790 3121 minesancte
808 3062 1092 3135 Michael,
1118 3063 1585 3138 quidfaciemus
1603 3065 1760 3121 tunc.
1791 3063 2061 3135 Angelus.

2172 2268 2436 2339 Sequere
2462 2282 2566 2326 me.
2603 2267 2776 2325 Modo
2797 2268 3105 2327 ostendam
3128 2269 3239 2327 tibi
3258 2283 3480 2341 magna
3497 2268 3829 2326 mirabilia

2174 2369 2307 2429 quae
2344 2356 2542 2414 adhuc
2578 2371 2692 2413 non
2728 2357 2959 2415 vidisti.
3003 2356 3173 2415 'Vide.
3218 2357 3436 2413 Anima.
3482 2358 3526 2413 0
3563 2357 3825 2425 domine,

2175 2444 2326 2515 quid
2345 2445 2589 2501 esthoc?
2619 2446 2893 2515 Angelus.
2927 2445 3220 2519 Infernus
3248 2446 3590 2516 malignus;
3618 2445 3711 2503 ibi
3741 2460 3830 2503 se-

2175 2532 2318 2589 dent
2343 2533 2630 2604 adulteri,
2645 2534 2905 2605 perjuri,
2925 2534 3091 2606 falsi
3113 2535 3386 2606 episcopi,
3423 2535 3572 2593 valsi
3590 2534 3831 2606 presbi-

2176 2620 2308 2691 teri,
2318 2622 2483 2694 falsi
2502 2621 2796 2691 monachi,
2813 2622 2901 2679 ibi
2916 2620 3085 2680 sedeb
3093 2623 3200 2679 unt
3212 2636 3401 2694 usque
3416 2622 3499 2679 ad
3505 2622 3825 2692 judicium

2176 2710 2298 2766 Dei.
2333 2710 2552 2766 Anima.
2583 2713 2628 2768 0
2647 2711 2849 2768 sancte
2877 2710 3161 2779 Michael,
3188 2710 3338 2781 quid
3350 2711 3691 2782 faciemus?
3712 2712 3827 2765 An-

2174 2797 2359 2868 gelus.
2399 2800 2664 2871 Sequere
2699 2812 2807 2855 me.
2861 2798 3068 2855 Adhuc
3112 2798 3419 2856 ostendam
3460 2798 3573 2857 tibi
3610 2802 3821 2855 omnia

2173 2887 2356 2942 mala.
2385 2885 2606 2942 Anima.
2637 2887 2681 2942 0
2702 2883 2955 2955 domine,
2983 2899 3099 2956 que
3120 2886 3293 2943 sunt?
3315 2885 3586 2955 Angelus.
3609 2886 3826 2943 Adhuc

2174 2973 2528 3032 monstrabo.
2564 2973 2735 3031 Vides
2754 2974 3020 3045 quantas
3035 2973 3306 3032 animas?
3329 2974 3546 3031 Anima.
3577 2975 3828 3032 Odomi-

2176 3077 2269 3133 ne,
2317 3063 2475 3120 unde
2508 3064 2828 3120 venerunt?
2868 3062 3142 3134 Angelus.
3185 3065 3314 3121 Hoc
3353 3063 3442 3121 est
3475 3063 3598 3120 tota
3635 3067 3822 3121 terra.

422 3153 468 3210 0
487 3151 712 3222 anima,
739 3165 1052 3224 quarenon
1064 3154 1294 3212 cessas?
1316 3154 1537 3210 Anima.
1559 3155 1603 3211 0
1622 3153 2069 3211 dominesancte
2097 3155 2147 3218 C
2175 3150 2387 3208 Adhuc
2398 3164 2513 3209 non
2525 3151 2613 3208 est
2624 3150 2884 3222 plenum,
2906 3150 3104 3208 adhuc
3119 3165 3233 3207 non
3250 3151 3617 3209 suntomnes.
3651 3152 3828 3208 Vides

418 3239 700 3310 Michael,
717 3240 916 3298 adhuc
936 3239 1034 3299 dic
1044 3241 1211 3299 mihi.
1229 3242 1503 3313 Angelus.
1520 3243 1786 3315 Sequere
1798 3255 1907 3299 me.
1935 3242 2069 3298 Ani-

419 3341 529 3386 ma.
558 3330 604 3387 0
622 3328 825 3386 sancte
844 3327 1128 3400 Michael,
1153 3328 1258 3387 ubi
1279 3330 1451 3387 debeo
1470 3331 1643 3403 sequi
1667 3330 1756 3387 te?
1787 3330 2063 3401 Angelus.

417 3417 546 3489 Ego
568 3416 696 3476 dico
716 3417 843 3475 tibi.
878 3418 1090 3476 Adhuc
1109 3419 1348 3476 ostendo
1371 3418 1483 3477 tibi
1502 3432 1728 3491 magna
1750 3418 1918 3491 bona,
1941 3432 2070 3477 ma-

413 3521 602 3579 gnum
607 3507 991 3581 paradisum.
1023 3507 1183 3565 Vide.
1201 3508 1420 3566 Anima.
1450 3510 1494 3566 0
1512 3508 1716 3567 sancte
1736 3508 2021 3578 Michael,
2037 3521 2069 3564 o

2175 3240 2355 3297 illum
2364 3253 2651 3311 magnum
2661 3241 2769 3311 qui
2782 3240 2870 3297 est
2882 3240 3111 3310 ligatus
3122 3239 3382 3296 catenis?
3397 3241 3435 3294 A
3446 3239 3613 3295 nima.
3632 3240 3779 3295 Dom
3788 3240 3823 3295 i-

2175 3340 2268 3398 ne,
2280 3328 2468 3385 video.
2486 3327 2666 3398 Angel
2677 3343 2760 3384 us.
2776 3327 2893 3384 Ille
2906 3341 3156 3399 magnus
3161 3328 3303 3400 fuit
3318 3328 3687 3385 Colonieusis
3700 3329 3826 3399 epi-

2174 3424 2383 3488 sc0pus
2408 3417 2541 3488 (94).
2576 3416 2796 3473 Anima.
2834 3417 2879 3473 0
2900 3417 3150 3487 domine,
3184 3418 3325 3490 quis
3348 3417 3507 3483 fuit?
3546 3416 3827 3486 Angelus.

2177 3506 2398 3562 Pastor
2402 3506 2559 3578 fuit,
2582 3520 2700 3563 non
2701 3505 2846 3578 fuit
2847 3507 3078 3577 pastor,
3098 3506 3203 3563 sed
3225 3505 3705 3573 mercennarius;
3724 3506 3828 3561 ille

424 3593 676 3665 domine,
699 3609 884 3668 quam
892 3595 1113 3669 pulcra
1134 3597 1223 3655 est
1237 3596 1363 3655 ista
1379 3597 1647 3655 mansio!
1682 3597 1841 3663 Quid
1858 3596 1967 3655 hoc
1985 3595 2075 3654 est
2182 3594 2355 3665 lupus
2359 3595 2517 3668 fuit.
2541 3594 2763 3650 Anima.
2792 3596 2836 3651 0
2853 3595 3105 3664 domine,
3125 3594 3637 3662 misericordiam;
3659 3594 3823 3650 habe-

427 3683 692 3740 domine?
713 3682 985 3753 Angelus.
1010 3684 1147 3743 Non
1159 3684 1288 3742 dico
1302 3684 1412 3742 tibi
1425 3685 1629 3753 modo;
1647 3685 1753 3743 sed
1769 3685 1908 3743 vide
1924 3684 2073 3743 alte-

2180 3682 2270 3738 bit
2301 3683 2776 3755 indulgentiam?
2819 3683 3091 3753 Angelus.
3132 3684 3282 3741 Non.
3326 3682 3584 3753 Magnus
3617 3683 3821 3753 pastor

427 3772 810 3829 rum.Animn.
832 3772 2072 3846 Video,domine,quiapulcraestistaman-
2162 3771 2321 3841 fuit,
2352 3771 2455 3829 sed
2479 3786 2597 3828 non
2621 3771 2945 3829 custodivit
2966 3771 3260 3843 praecepta
3291 3770 3553 3829 Domini.
3594 3770 3811 3825 Anima.

434 3858 711 3933 sio,quia
722 3860 1329 3935 pulcherparadisus.
1345 3862 1907 3933 Dicmihi,domine,
1922 3861 2074 3935 quid
2183 3863 2227 3917 0
2248 3862 2516 3931 Domine,
2542 3862 2696 3933 quid
2709 3862 3049 3935 faciemus?
3078 3862 3347 3933 Angelus.
3378 3863 3638 3931 Eamus;
3654 3863 3816 3919 modo

435 3947 657 4006 esthoc.
678 3946 950 4018 Angelus.
968 3948 1097 4006 Hoc
1116 3949 1207 4006 est
1220 3950 1612 4023 refrigerium
1618 3950 1932 4021 justarum
1942 3949 2074 4007 ani-

2179 3948 2484 4007 ostendam
2502 3947 2647 4017 tibi;
2666 3963 2913 4021 sequere
2928 3964 3038 4007 me.
3061 3950 3235 4008 Modo
3255 3950 3408 4019 sede,
3427 3951 3649 4020 anima,
3663 3950 3809 4008 sede.

434 4050 687 4094 marum.
710 4036 979 4095 Tercium
989 4050 1106 4093 non
1119 4038 1514 4110 potesvidere.
1540 4039 1759 4096 Anima.
1788 4038 2075 4097 Odomine
2182 4037 2403 4094 Anima.
2433 4039 2477 4094 0
2497 4038 2748 4109 domine,
2775 4052 2967 4109 quare
2980 4053 3098 4096 non
3118 4039 3377 4097 dimittis
3399 4039 3522 4095 me?
3545 4037 3809 4108 Angelus.

434 4124 928 4197 sancteMichael,
949 4125 1444 4186 misericordiam.
1472 4126 1744 4198 Angelus.
1769 4128 1916 4186 Dico
1938 4125 2073 4196 tibi,

430 4226 547 4272 non
559 4212 790 4271 videbis
813 4213 1079 4286 terciu/m,
1094 4213 1268 4274 donec
1276 4215 1483 4274 veniat
1496 4214 1862 4288 diesjudicii
1876 4215 2072 4272 Domi-

2179 4126 2390 4184 Adhuc
2415 4127 2609 4184 multa
2636 4127 2941 4185 miracula
2967 4126 3376 4185 demonstrabo
3407 4126 3534 4184 tibi.
3560 4128 3816 4198 Sequere

2179 4229 2287 4272 me.
2327 4214 2486 4273 Vide.
2514 4217 2735 4272 Anima.
2766 4218 2811 4272 0
2831 4216 3084 4286 domine,
3109 4216 3263 4291 quid
3280 4214 3372 4274 est
3386 4216 3522 4273 hoc?
3550 4214 3813 4285 Angelus.

429 4302 515 4361 ni.
538 4301 761 4359 Anima.
782 4303 826 4361 0
837 4302 1087 4375 domine,
1103 4305 1255 4376 quid
1259 4304 1600 4379 faciemus?
1614 4303 1887 4377 Angelus.
1901 4303 2075 4363 Modo
2181 4304 2311 4361 Hoc
2326 4308 2465 4362 sunt
2479 4304 2587 4376 qui
2603 4305 2805 4362 omnia
2823 4302 2973 4362 bona
2992 4303 3431 4374 laboraverunt,
3447 4304 3712 4361 etsedcnt
3724 4301 3818 4360 hic

422 4390 653 4449 ibimus
665 4391 747 4449 ad
763 4391 1097 4465 infernum.
1125 4392 1347 4451 Anima.
1376 4393 1679 4465 Odomine,
1704 4392 1857 4466 quid
1871 4393 1961 4451 ibi
1965 4394 2077 4467 fa-

2182 4406 2373 4465 usque
2405 4392 2487 4450 ad
2505 4392 2814 4466 judicium
2850 4394 2983 4450 Dei.
3029 4393 3249 4451 Anima.
3284 4395 3329 4451 0
3354 4393 3604 4463 domine,
3636 4405 3818 4464 quare

424 4480 645 4577 ciemus
662 4479 973 4577 ?Angelus.
992 4482 1439 4577 _0stendamtibi
1454 4482 2075 4577 tormenta.Anims.“0
2101 4511 2155 4577 Β
2182 4496 2301 4577 non
2327 4482 2561 4577 vadunt
2576 4484 2913 4577 iniregnum
2943 4483 3089 4577 Dei?
3120 4481 3411 4577 Angelus.~
3428 4482 3663 4577 Anima,
3684 4483 3815 4577 dico

429 4569 678 4640 domine,
694 4583 767 4626 ne
783 4570 1099 4641 permittas
1109 4585 1201 4629 me
1211 4571 1463 4630 intrare.
1482 4571 1751 4643 Angelus.
1768 4572 1915 4630 Dico
1937 4570 2069 4644 tibi,

2183 4571 2313 4630 tibi.
2329 4572 2553 4632 Nullus
2567 4571 2834 4630 intrabit
2843 4585 3032 4644 usque
3046 4572 3115 4629 in
3119 4572 3426 4643 judicium
3441 4571 3569 4629 Dei.
3597 4570 3815 4627 Animae

425 4672 543 4715 non
557 4664 641 4715 est
653 4658 819 4716 homo
831 4660 898 4717 in
912 4660 1096 4731 terra,
1109 4660 1216 4735 qui
1228 4674 1345 4717 non
1356 4658 1790 4719 debeatvidere.
1810 4662 2074 4734 Sequere
2184 4662 2229 4720 0
2241 4660 2491 4732 domine,
2504 4661 2657 4732 quid
2662 4661 3000 4732 faciemus?
3020 4660 3294 4732 Angelus.
3315 4659 3484 4719 Sede.
3516 4660 3614 4717 Vis
3626 4659 3813 4716 adhuc

423 4760 532 4804 me.
563 4748 723 4805 Vide.
753 4748 974 4805 Anima.
1002 4750 1308 4823 Odomine,
1333 4750 1767 4822 quidsuntha?
1785 4750 2063 4821 Angelus.

429 4837 774 4895 Mansiones
793 4836 899 4894 ubi
919 4837 1204 4896 habitant
1219 4838 1467 4897 diaboli.
1494 4840 1713 4897 Anima.
1751 4840 1797 4897 0
1818 4838 2068 4911 domine,

428 4926 580 4997 quid
590 4926 931 4999 faciemus?
958 4928 1232 5001 Angelus.
1264 4929 1530 5002 Sequere
1548 4942 1655 4987 me.
1680 4927 1854 4986 Modo
1880 4928 2073 4987 venie-

423 5029 555 5073 mus
568 5015 651 5074 ad
660 5028 944 5088 magnam
958 5016 1248 5089 etfortem
1260 5031 1501 5090 aquam.
1520 5018 1740 5075 Anima.
1760 5019 1806 5075 0
1818 5017 2066 5092 domine,

2180 4750 2379 4810 dicam
2404 4749 2547 4808 tibi?
2568 4750 2788 4808 Anima.
2827 4750 2978 4807 Volo.
3010 4749 3287 4820 Angelus.
3316 4749 3462 4807 Dico
3487 4748 3613 4806 tibi.
3642 4748 3813 4805 Mulli

2180 4836 2443 4897 homines
2469 4837 2611 4897 sunt
2633 4838 2703 4896 in
2731 4838 3017 4895 mundum
3034 4837 3125 4907 ³⁸⁸,
3152 4839 3261 4911 qui
3284 4836 3389 4895 hoc
3409 4850 3527 4893 non
3545 4834 3812 4893 viderunt

2178 4927 2339 5002 quod
2367 4928 2433 4985 tu
2456 4928 2642 4985 vides.
2696 4927 2918 4983 Anima.
2957 4927 3002 4983 0
3032 4924 3282 4994 domine,
3333 4925 3521 4998 quid?
3551 4923 3807 4994 Angelus.

2179 5018 2326 5075 Dico
2338 5016 2470 5075 tibi.
2485 5015 2671 5074 Multi
2683 5014 2948 5073 homines
2960 5015 3238 5086 sunt.qui
3251 5028 3369 5071 non
3384 5011 3815 5084 videruntquod

426 5116 616 5174 quare
630 5117 749 5162 non
769 5104 1030 5163 dimittis
1057 5107 1183 5163 me?
1214 5106 1488 5177 Angelus.
1531 5106 1672 5164 Veni
1694 5106 1753 5164 et
1767 5107 2073 5165 ostendam
2182 5106 2440 5163 tuvides.
2459 5104 2679 5162 Anima.
2699 5105 2745 5160 0
2768 5103 3020 5173 domine,
3039 5103 3273 5160 dimitte
3284 5116 3376 5159 me
3402 5102 3496 5158 ire
3514 5102 3596 5158 ad
3591 5101 3814 5174 fratres

428 5189 558 5247 tibi.
596 5192 748 5250 Vide.
775 5192 998 5250 Anima.
1027 5194 1072 5252 0
1094 5193 1342 5265 domine,
1364 5195 1517 5269 quid
1525 5195 1784 5268 faciunt
1799 5194 1930 5269 hic?
1962 5197 2072 5252 An-

436 5278 623 5346 gelus-
659 5279 757 5339 Ibi
784 5281 1072 5342 sedebunt
1093 5284 1328 5355 inﬁrmi
1355 5297 1544 5357 usque
1569 5285 1637 5342 in
1668 5282 1824 5339 diem
1839 5282 2073 5354 judicii

2178 5208 2334 5252 meos
2355 5193 2414 5251 et
2431 5193 2628 5251 dicam
2651 5191 2787 5249 illis
2812 5193 3018 5249 omnia
3054 5205 3187 5263 quae
3206 5190 3366 5248 vidi.
3391 5190 3661 5259 Angelus.
3700 5192 3816 5247 Non

2182 5284 2328 5342 .nisi
2346 5282 2621 5339 dominus
2636 5280 2728 5339 Sa
2737 5280 2929 5338 lvator
2938 5280 3209 5339 voluerit.
3228 5281 3375 5338 Dico
3404 5277 3543 5348 tibi;
3564 5278 3715 5336 sicut
3738 5280 3812 5335 leo

1783 5387 2022 5445 VARLE
2061 5388 2463 5447 LECTIONES.

496 5477 569 5516 ’⁸⁸
593 5494 711 5543 vos;
739 5484 998 5547 evanuit.
1074 5484 1144 5522 ’θ’
1170 5500 1287 5547 vos:
1314 5485 1553 5549 evanui.
1629 5483 1699 5523 ³⁸⁷
1726 5499 1845 5547 vos;
1871 5486 2048 5547 deest.
2124 5486 2195 5521 ’⁸⁸
2222 5486 2316 5548 ita
2340 5502 2387 5549 c.
2464 5486 2535 5522 ²⁹⁰
2560 5488 2634 5562 qd
2667 5501 2698 5546 c

2018 5584 2243 5647 NO'LE.

502 5649 615 5726 (ei)
664 5652 1021 5726 Evergerum
1051 5654 1296 5717 innuero
1323 5653 1576 5715 videtur.
