3922 6408
311 360 423 426 281

1276 358 1645 429 HUGONIS
1686 353 2041 425 ABBAT-IS
2081 352 2764 425 FLAVINIAOENSIS

3600 355 3729 421 ἰδὲ

317 495 508 568 spatio
532 492 781 564 contigit
798 491 1137 551 intlrmasse.
1168 492 1274 562 Qui
1295 494 1469 551 nimio
1514 494 1959 566 ingravescente
1986 497 2043 560 Α
2073 490 2140 549 ti.
2165 489 2325 549 Deus
2356 503 2459 564 ego
2484 502 2634 549 sum.
2660 488 2803 549 Scio
2824 486 2981 547 enim
3008 486 3208 545 munia
3222 484 3593 560 qua/emit,
3617 498 3736 545 nec

317 582 616 654 languoris
635 583 724 638 sui
741 581 943 639 dolore
966 582 1037 639 ad
1061 582 1251 654 ipsum
1272 583 1656 640 Kalendarum
1673 585 1960 653 Augusta-

234 684 237 687 '
316 687 440 728 rum
467 671 633 742 (Aug.
656 672 707 743 l)
731 670 828 742 qui
845 686 950 743 pro
968 670 1220 729 vinculis
1246 672 1573 728 beatiPetri
1595 668 1959 728 venerationi

315 762 563 817 debetur
600 759 959 816 evocationis
989 773 1111 816 suae
1144 760 1465 832 perductus
1497 764 1589 817 est
1630 759 1802 830 diem,
1828 770 1958 815 cum

315 845 709 920 praesentibus
732 847 1015 904 fratribus
1035 848 1246 905 mentis
1260 862 1510 905 excessu
1532 853 1755 920 raptus,
1775 859 1963 904 emor-

315 945 418 994 tuo
442 935 677 1009 penitus
690 935 873 993 exivit
894 949 923 991 e
947 950 1213 1009 corpore,
1239 936 1481 1008 locaque
1503 937 1769 993 revisens
1789 935 1963 991 infer-

317 1025 373 1080 ni
399 1024 541 1081 vidit
566 1023 745 1081 multa
771 1039 899 1096 quae
923 1025 1091 1082 nobis
1119 1039 1314 1081 coram
1343 1025 1601 1081 testibus
1623 1024 1835 1096 positis
1859 1038 1963 1094 pro

318 1113 568 1170 veritate
593 1112 1008 1184 conﬁrmando,
1034 1111 1157 1170 sola
1173 1113 1415 1170 absente
1434 1113 1647 1185 spiritu
1671 1113 1962 1170 referebat

322 1201 540 1274 lingua,
565 1206 625 1258 et
649 1201 1011 1271 postmodum
1037 1205 1277 1275 peracto
1302 1201 1473 1273 pleno
1491 1202 1668 1258 trium
1690 1201 1963 1257 horarum

321 1291 521 1362 spacio
542 1291 597 1347 in
629 1305 691 1346 se
733 1304 1025 1361 reversus,
1060 1290 1256 1347 verius
1287 1290 1371 1347 sic
1415 1290 1795 1347 conﬁrmabat
1840 1288 1964 1345 visa

321 1393 600 1449 praesens,
616 1382 679 1436 ut
694 1378 817 1435 haec
837 1392 1007 1450 quam
1026 1392 1096 1435 eo
1115 1378 1244 1450 ipso
1259 1382 1412 1433 teste
1428 1378 1608 1435 inscio
1624 1375 1969 1450 praenotavi-

321 1483 451 1524 mus
473 1465 853 1523 subtitulabit
893 1464 1187 1539 paginula.
1214 1466 1550 1536 Egredienti
1571 1466 1778 1523 animai
1802 1464 1965 1521 missi

320 1570 391 1612 ex
414 1555 601 1612 officio
624 1555 1001 1612 tenebrarum
1028 1554 1321 1627 principes
1342 1555 1610 1626 extitere,
1662 1554 1967 1627 paratique

320 1641 669 1713 conducere,
705 1643 854 1715 ipsis
890 1642 1275 1700 infernalibus
1307 1642 1584 1701 claustris
1602 1642 1765 1699 dicto
1792 1641 1971 1699 citius

321 1732 562 1803 afluere,
593 1731 763 1801 cujus
783 1746 918 1788 mox
941 1731 1197 1787 debitam
1222 1746 1499 1804 penarum
1523 1746 1758 1789 causam
1779 1729 1970 1788 acturi

323 1819 779 1877 introduxerunt
802 1819 858 1876 in
891 1819 1142 1889 domum,
1178 1834 1327 1890 quae,
1353 1820 1509 1877 sicut
1535 1834 1609 1877 ex
1628 1820 1803 1877 nimia
1835 1817 1973 1875 cali-

322 1907 479 1978 ginis
500 1912 558 1965 et
584 1907 824 1964 fetentis
845 1908 984 1965 fumi
1001 1908 1293 1965 densitate
1310 1908 1649 1980 expressius
1661 1906 1853 1977 colligi
1873 1921 1973 1978 po-

322 1997 457 2066 tuit,
479 1999 655 2054 tanta.1
675 1996 1092 2066 magnitudinis
1114 1996 1393 2054 immensa
1410 1997 1621 2054 civitas
1640 1997 1766 2053 fuit.
1791 1997 1974 2068 Hujus

322 2084 580 2157 parietes
602 2088 661 2140 et
686 2084 914 2140 interna
938 2084 1182 2141 munitio
1198 2084 1356 2142 velut
1380 2085 1563 2142 muris
1582 2087 1872 2155 extructa,
1892 2085 1977 2141 in-

325 2174 512 2232 terius
542 2172 801 2244 undique
824 2173 1370 2230 litterisvidebatur
1391 2173 1643 2246 depicta,
1670 2173 1977 2231 continens

323 2279 351 2320 a
378 2261 667 2335 principio
687 2262 872 2319 totius
894 2262 1093 2318 mundi
1109 2269 1369 2334 peccata,
1393 2262 1502 2319 nisi
1525 2276 1655 2333 quas
1676 2275 1819 2335 pura
1841 2276 1975 2319 con-

324 2351 578 2410 fessione
601 2356 662 2408 et
695 2351 1018 2422 penitentia
1067 2356 1203 2409 sunt
1256 2351 1522 2422 remissa,
1555 2351 1801 2422 quedam
1832 2365 1973 2408 vero

323 2439 687 2510 conculcata,
722 2444 785 2497 ut
806 2438 1120 2510 iterentur,
1152 2439 1340 2497 adhuc
1365 2439 1683 2497 viventium
1703 2439 1973 2495 servabat

323 2528 680 2587 memoriam.
710 2530 831 2585 Huc
858 2523 1178 2586 deductam
1191 2528 1439 2585 animam
1454 2527 1723 2585 diabolus
1743 2531 1972 2598 tenens,

323 2617 482 2677 illam
500 2616 769 2674 horribili
791 2616 964 2673 nimis
989 2617 1245 2689 impulsu
1269 2616 1684 2689 cepitagitare,
1703 2617 1972 2687 tondere,

323 2706 685 2778 gravissimis
701 2706 1000 2776 virgarum
1024 2704 1212 2777 plagis
1230 2705 1526 2777 insistere,
1549 2708 1609 2761 et
1634 2710 1849 2778 praeter
1870 2704 1978 2761 hec

326 2795 656 2868 appositum
680 2795 832 2865 ignis
857 2798 1211 2851 tormentum
1227 2792 1636 2865 comminitari,
1655 2806 1791 2851 suas
1804 2793 1977 2849 etiam

325 2882 410 2940 illi
434 2884 763 2957 improbare
793 2882 1015 2955 culpas,
1060 2888 1489 2956 repraesentans
1543 2880 1822 2954 quasdam
1870 2895 1984 2938 soe-

327 2972 496 3029 dulas
524 2978 584 3029 et
610 2971 1035 3045 quaterniolos,
1070 2985 1219 3042 quos
1262 2970 1628 3041 negligenter
1673 2975 1730 3027 et
1759 2971 1982 3041 absque

329 3060 546 3135 prioris
565 3060 811 3118 licencia
839 3060 1077 3133 proprio
1100 3074 1208 3118 usu
1244 3059 1637 3117 contrectavit
1661 3059 1975 3116 habendas.

326 3149 621 3222 Pluraque
648 3149 761 3207 alia
783 3149 1103 3207 autoritate
1138 3148 1297 3206 illius
1327 3163 1389 3206 se
1412 3148 1730 3205 retinuisse
1753 3148 1808 3204 in
1836 3162 1982 3220 prae-

328 3239 488 3297 dicto
510 3239 733 3311 pariete
751 3237 918 3309 juxta
932 3238 1387 3308 signabatinscri
1396 3242 1515 3311 pta,
1532 3252 1660 3309 quae
1684 3237 1865 3295 frater
1880 3235 1978 3293 ille

329 3329 385 3387 in
416 3327 783 3388 confessione
804 3342 1114 3399 numquam
1134 3328 1326 3400 potuit
1349 3326 1707 3385 comminisci
1731 3342 1836 3399 pro
1858 3327 1978 3383 vita

327 3433 450 3476 sua.
483 3419 597 3475 Pro
619 3417 836 3490 quibus
879 3431 1011 3475 cum
1041 3415 1385 3490 multiplicia
1427 3416 1832 3487 inﬂigerentur
1862 3420 1979 3474 tor-

328 3510 656 3565 mentorum
683 3505 935 3578 ﬂagella,
967 3506 1259 3564 consciam
1281 3508 1508 3563 tantum
1534 3505 1831 3562 fatebatur
1857 3502 1978 3562 cul-

332 3610 480 3668 pam,
517 3594 888 3666 divinamque
938 3592 1354 3652 miserabiliter
1384 3594 1494 3651 sibi
1527 3608 1739 3664 rogans
1770 3594 1979 3651 subve-

328 3684 452 3740 nire
482 3682 869 3740 clementiam.
927 3682 1157 3740 Sciebat
1214 3682 1365 3738 enim
1395 3681 1505 3739 hoc
1555 3695 1619 3737 se
1646 3679 1973 3753 promereri

328 3775 529 3829 reatus
558 3770 649 3828 sui
671 3770 1046 3841 exigentibus
1074 3769 1287 3842 culpis,
1318 3783 1384 3826 ac
1409 3771 1649 3842 propter
1668 3768 1776 3826 hec
1808 3781 1980 3840 ange-

328 3858 458 3917 licae
488 3858 820 3932 praesentia:
848 3856 1067 3915 auxilio
1098 3872 1161 3915 se
1195 3857 1459 3928 destitui,
1483 3856 1783 3929 solamque
1805 3858 1979 3915 relin-

331 3947 448 4018 qui.
483 3945 587 4005 llle
618 3961 755 4004 vero
786 3945 1038 4019 amplius
1070 3943 1394 4003 insultabat
1421 3946 1644 4017 dicens,
1670 3944 1826 4003 illam
1844 3946 1978 4018 jure

327 4036 593 4101 humanae
624 4034 848 4095 militiae
882 4048 1042 4093 suam
1068 4034 1284 4092 debere
1307 4033 1453 4106 fleri,
1479 4034 1709 4107 sibique
1732 4034 1975 4107 servire,

331 4132 435 4182 nec
462 4124 657 4197 aliquo
688 4124 858 4182 modo
890 4124 963 4182 ab
987 4122 1170 4181 illatis
1193 4137 1366 4196 posse
1385 4124 1694 4181 tormentis
1714 4123 1975 4195 liberari,

328 4212 439 4271 nisi
472 4213 767 4286 adoraret,
803 4227 833 4269 a
866 4227 981 4285 quo
1012 4227 1126 4269 non
1158 4212 1401 4269 haberet
1426 4212 1483 4269 in
1511 4218 1856 4287 perpetuum
1889 4227 1979 4271 se-

331 4301 543 4375 parari.
572 4301 672 4360 Cui
698 4306 939 4360 econtra
988 4300 1175 4358 anima
1200 4300 1605 4359 illaimmensae
1622 4301 1981 4359 Deiclemen-

330 4390 428 4449 tiae
451 4390 717 4449 recolens
742 4394 1128 4462 sacramenta,
1164 4404 1268 4463 spe
1298 4390 1545 4462 quadam
1568 4394 1628 4448 et
1665 4390 1979 4448 credulita-

329 4479 408 4537 tis
463 4478 815 4537 conﬁdentia
880 4479 1121 4552 confisa,
1173 4484 1347 4552 sputa
1401 4479 1456 4534 in
1516 4479 1718 4536 faciem
1779 4479 1975 4550 dabat,

2010 3201 2059 3265 C

2070 578 2201 637 ulla
2210 580 2447 651 peccati
2458 577 2831 651 negligentia
2841 573 3350 649 eoenitfratribus
3362 574 3481 632 tuis
3493 576 3732 633 cuinon

2069 667 2378 738 intersim;
2394 681 2488 725 me
2516 666 2738 733 adora;
2768 664 2953 723 habeo
2970 662 3273 738 siquidem
3300 663 3356 720 te
3383 664 3451 720 in
3467 676 3600 721 mea
3620 678 3730 737 μου

2073 756 2371 827 testate,et
2384 756 2454 813 de
2460 753 2781 828 fratribus
2805 754 2928 813 tuis
2946 764 3149 812 unum.
3170 753 3345 810 Hem!
3357 752 3516 811 Num
3529 768 3624 812 me
3635 752 3729 811 ibi

2073 844 2297 902 dudum
2314 843 2660 915 cidisti,ubi
2681 844 2831 915 quia
2843 842 2903 900 et
2917 842 2987 901 in
2993 841 3284 915 potestate
3294 854 3427 899 mea
3446 855 3583 899 eras
3595 840 3731 898 hor-

2068 946 2207 992 rens
2233 932 2626 1005 prasensisti,
2652 932 2713 989 et
2731 930 2998 1005 fratrem
3027 930 3192 988 tuum
3204 943 3320 1002 per
3348 928 3730 988 subitaneam

2070 1023 2315 1080 mortem
2342 1022 2415 1079 ut
2439 1036 2571 1079 eum
2596 1019 2753 1079 mihi
2766 1019 3014 1093 perdere
3036 1017 3297 1077 deberem
3316 1017 3611 1091 sujocare
3632 1018 3731 1077 de-

2075 1110 2212 1169 bui?
2249 1111 2335 1168 Tu
2382 1111 2565 1167 etiam
2596 1109 2702 1168 hec
2724 1109 2963 1182 fecisti,
2997 1122 3130 1180 quae
3156 1109 3224 1166 in
3258 1108 3489 1180 pariete
3508 1108 3616 1167 hoc
3634 1109 3732 1167 in-

2073 1200 2303 1271 scripta
2328 1199 2563 1258 vidisti.
2579 1198 2705 1256 Sed
2731 1198 2786 1256 si
2809 1198 2903 1256 vis
2924 1196 2998 1254 ab
3020 1197 3117 1256 his
3131 1196 3436 1255 tormentis
3450 1196 3726 1267 liberari,

2072 1302 2165 1345 me
2184 1289 2391 1358 adora,
2442 1301 2615 1359 quem
2641 1287 2918 1357 angelum
2936 1286 3051 1343 Dei
3090 1298 3214 1344 esse
3238 1286 3585 1356 cognovisti.
3622 1287 3726 1342 Hic

2077 1377 2264 1435 anima
2296 1376 2393 1433 illa
2428 1375 2482 1431 in
2516 1380 2761 1432 mortem
2788 1390 2973 1447 usque
2997 1374 3193 1444 ﬂagris
3223 1379 3279 1429 et
3306 1374 3569 1432 adhibito
3593 1375 3727 1445 igne

2073 1465 2189 1537 jam
2219 1468 2496 1537 superata
2530 1464 2764 1522 dicebat
2790 1483 2802 1519 :
2841 1466 2886 1521 0
2917 1463 3148 1521 domine
3184 1464 3363 1534 Deus,
3394 1463 3731 1521 misericor-

2078 1555 2261 1613 diam.
2291 1556 2501 1625 Ardeo,
2520 1555 2793 1624 Domine,
2830 1566 2962 1611 mea
2981 1552 3194 1626 culpa;
3210 1554 3412 1611 sancte
3438 1553 3725 1622 Michael,

2077 1642 2523 1703 succurremihi
2543 1652 2565 1700 ,ι
2604 1647 2699 1700 et:
2725 1643 2921 1708 Quare
2948 1656 3040 1700 me
3054 1641 3286 1699 domine
3311 1642 3733 1713 derelequisii?

2078 1732 2443 1802 multasunt,
2458 1732 2601 1801 scio,
2616 1732 2884 1801 Domine,
2918 1734 3160 1802 peccata
3181 1744 3333 1798 mea,
3362 1730 3608 1787 domn-us
3628 1728 3730 1787 ab-

2000 1849 2053 1909 B
2084 1821 2189 1879 bas
2209 1822 2329 1879 scit
2353 1834 2444 1892 ea,
2480 1822 2525 1878 0
2543 1821 2724 1890 Deus,
2741 1834 2926 1892 quam
2948 1832 3172 1909 magna
3186 1817 3733 1909 suntjudiciatua?

2085 1911 2131 1967 0
2155 1910 2373 1979 Satan,
2406 1921 2599 1981 quare
2639 1923 2756 1965 non
2811 1908 3072 1967 dimittis
3120 1910 3247 1966 me?
3271 1909 3404 1966 Non
3433 1909 3487 1965 te
3516 1907 3736 1979 adoro;

2080 2000 2203 2057 scio
2233 1997 2293 2055 et
2318 2012 2421 2069 ego
2436 1998 2587 2069 quia
2616 1997 2681 2054 tu
2691 1999 2891 2055 omnia
2920 1998 3059 2067 scis,
3082 1997 3189 2055 sed
3207 1997 3448 2055 Domini
3460 1997 3734 2070 potestas

2082 2088 2175 2146 est
2191 2089 2258 2145 in
2286 2087 2424 2144 calo
2453 2086 2510 2143 et
2535 2088 2606 2144 in
2632 2086 2815 2157 terra,
2834 2086 2890 2143 et
2902 2088 3040 2158 ipsa
3065 2085 3573 2157 judicetinterme
3584 2085 3643 2142 et
3654 2086 3727 2142 te.

2088 2176 2319 2242 Quodsi
2340 2176 2405 2233 tu
2415 2177 2577 2233 Deus
2588 2187 2666 2246 es,
2681 2174 2786 2233 ubi
2796 2176 3151 2247 suntangeli
3164 2175 3291 2233 tui?
3315 2174 3560 2233 Ostende
3575 2175 3735 2232 mihi

2068 2264 2303 2337 faciem
2316 2264 2500 2321 tuam.
2524 2263 2677 2322 Phi!
2688 2263 3268 2322 mentiris/Alterum
3296 2262 3737 2336 angelmnoidi;

2080 2352 2391 2411 mentiris!
2411 2367 2529 2411 non
2556 2366 2617 2411 es
2646 2353 2915 2425 angelus.
2950 2353 3079 2425 Ego
3108 2353 3162 2409 te
3205 2364 3583 2425 recognosco;
3601 2351 3736 2409 dia-

2087 2441 2254 2501 bolus
2268 2454 2345 2499 es.
2378 2442 2523 2500 Scio
2553 2444 2704 2513 quia
2725 2440 3308 2513 angelusfuisti,sed
3326 2440 3605 2512 superbia
3626 2441 3735 2520 tua

2086 2531 2156 2589 de
2172 2530 2291 2589 celo
2319 2530 2606 2589 cecidisti.
2620 2529 2787 2595 Quod
2804 2542 2941 2600 ergo
2960 2530 3026 2586 in
3036 2528 3298 2585 vinculis
3319 2530 3443 2587 tuis
3453 2543 3603 2599 sum,
3617 2530 3735 2585 Do-

2085 2621 2239 2678 mini
2246 2618 2516 2692 potestas
2537 2618 2629 2675 est
2639 2618 2699 2675 et
2735 2617 3035 2687 voluntas,
3055 2617 3308 2674 nontua.
3325 2617 3414 2673 Et
3445 2617 3730 2687 dicmihi,

2085 2709 2225 2782 quis
2238 2707 2708 2780 estfratermeus
2726 2706 2828 2764 illi
2842 2718 3017 2777 quem
3036 2704 3248 2763 habes?
3261 2708 3319 2761 et
3344 2720 3520 2776 quum
3544 2705 3733 2762 totius

2089 2797 2352 2855 scientia
2373 2800 2431 2853 et
2456 2795 2746 2852 memoriae
2794 2799 2888 2850 est
2936 2793 3123 2850 anima
3151 2798 3383 2850 terrena
3420 2793 3527 2851 hac
3593 2794 3735 2851 babi

2088 2886 2311 2943 tatione
2342 2884 2554 2944 soluta.
2598 2883 3107 2941 Reminiscebatur
3127 2882 3300 2954 enim,
3322 2882 3454 2955 quia
3478 2888 3537 2939 et
3555 2883 3738 2940 inter-

2090 2975 2219 3045 fuit,
2243 2974 2399 3046 quod
2433 2974 2615 3029 frater
2648 2971 2746 3028 ille
2773 2969 2980 3028 no'vem
3012 2971 3332 3028 transactis
3355 2970 3578 3042 diebus,
3599 2987 3736 3029 cum

2089 3062 2327 3137 expleto
2361 3061 2779 3118 matutinarum
2810 3060 3000 3118 officio
3032 3059 3329 3132 paululum
3359 3075 3489 3117 cum
3520 3060 3740 3117 ceteris

2092 3167 2155 3211 se
2188 3150 2506 3209 reclinaret
2537 3150 2590 3206 in
2624 3149 2799 3221 lecto,
2835 3149 3005 3205 nobis
3059 3148 3459 3206 nescientibus
3510 3164 3622 3219 quo
3656 3149 3741 3204 in-

2091 3240 2387 3298 firmitatis
2430 3240 2656 3311 morbo,
2692 3239 2792 3295 sed
2854 3252 2985 3295 cum
3020 3237 3298 3310 prmsenti
3357 3237 3562 3293 mortis
3614 3252 3740 3295 suae

2087 3327 2352 3401 periculo
2381 3327 2629 3384 emissus
2659 3341 2689 3382 a
2712 3325 2995 3382 fratribus
3030 3325 3237 3381 fuisset
3270 3339 3301 3380 e
3333 3323 3505 3393 lecto,
3524 3327 3582 3380 et
3605 3330 3740 3396 post

2088 3416 2260 3475 unius
2290 3416 2449 3474 horae
2473 3414 2732 3489 spacium
2778 3414 2877 3471 vix
2916 3414 3241 3485 recepisset
3265 3413 3402 3469 vitae
3434 3412 3735 3483 spiritum;

2087 3505 2216 3577 ejus
2239 3504 2566 3562 subitaneze
2589 3502 2759 3560 morti
2785 3516 2856 3559 eo
2876 3501 3126 3573 amplius
3139 3499 3739 3571 condolens,mortife-

2087 3607 2183 3651 ras
2213 3592 2401 3650 hostis
2455 3590 2703 3648 insidias
2735 3590 3132 3662 exprobrabat
3166 3589 3369 3645 dicens
3398 3607 3410 3642 :
3445 3590 3489 3646 0
3515 3589 3731 3657 Satan,

2085 3680 2288 3740 omnia
2310 3679 2508 3739 trahis
2530 3680 2612 3737 ad
2639 3681 2713 3736 te.
2749 3679 2945 3745 Quare
2974 3677 3256 3750 decepisti
3275 3676 3485 3734 illum?
3527 3678 3605 3734 In
3630 3677 3738 3734 hoc

2087 3770 2148 3829 et
2172 3770 2238 3828 tu
2257 3768 2556 3839 mentiris,
2587 3769 2738 3840 quia
2765 3781 2972 3825 servus
3003 3767 3141 3825 tuus
3159 3780 3276 3824 non
3302 3765 3452 3837 erit;
3476 3779 3738 3823 mansue-

2088 3859 2183 3917 tus
2211 3858 2301 3917 est
2322 3858 2579 3915 multum
2609 3857 2666 3914 et
2706 3856 2976 3928 humilis,
3012 3856 3073 3913 et
3093 3869 3327 3929 magna
3354 3867 3501 3928 erga
3545 3869 3735 3913 omnes

2086 3945 2436 4005 obedientice
2458 3945 2520 4003 et
2536 3946 2812 4019 pietatis,
2846 3959 2919 4003 ac
2928 3958 3040 4017 per
3062 3944 3170 4003 hoc
3196 3944 3560 4002 convertetur
3580 3943 3638 4000 et
3651 3944 3735 4001 ci-

2085 4034 2219 4107 oet;
2234 4035 2292 4093 et
2315 4035 2465 4108 quia
2492 4034 2699 4093 nullus
2731 4034 2819 4092 est
2844 4031 3265 4092 misericordia
3298 4033 3411 4091 Dei
3426 4033 3599 4105 ﬁnis,
3630 4032 3735 4103 qui

2083 4136 2204 4183 non
2226 4124 2472 4183 mortem
2491 4123 2598 4181 sed
2634 4122 3037 4195 penitentiam
3065 4120 3373 4180 desiderat
3384 4120 3731 4193 peccatoris,

2087 4214 2224 4272 tuus
2244 4226 2365 4271 non
2385 4213 2520 4283 erit,
2535 4212 2641 4270 sed
2650 4209 3022 4269 concertetur
3035 4209 3275 4268 etoivet.
3295 4211 3340 4267 0
3335 4210 3565 4283 frater,
3578 4222 3735 4279 case,

2085 4302 2454 4376 caoefrater
2477 4299 2747 4360 insidias
2776 4302 2928 4373 ejus,
2959 4313 3036 4357 ne
3063 4298 3326 4372 decipiat
3354 4299 3425 4356 te.
3456 4298 3740 4358 Salvator

2085 4390 2317 4462 mundi,
2348 4402 2630 4449 succurre
2656 4389 2832 4460 mihi,
2863 4388 3089 4446 Sancte
3115 4386 3399 4458 Michael,
3433 4400 3622 4459 quare
3648 4385 3737 4444 de-

2086 4479 2397 4552 reliquisti
2416 4478 2741 4536 me?Pater
2764 4477 2987 4549 sancte,
3019 4476 3523 4535 misericordiam!
3547 4474 3735 4532 Domi-

331 4566 501 4625 simul
522 4572 583 4625 et
606 4567 909 4625 inhonesta
951 4572 1130 4640 prout
1161 4565 1371 4637 dignus
1392 4570 1481 4622 est
1504 4565 1853 4639 improperia
1878 4566 1980 4623 im—
2008 4561 2061 4621 D
2089 4582 2182 4640 ne,
2200 4568 2400 4639 ardeo,
2424 4568 2627 4626 ardeo.
2655 4568 2699 4624 0
2716 4567 2939 4638 Satan,
2953 4566 3026 4623 ut
3043 4566 3196 4637 quid
3207 4578 3299 4624 me
3315 4566 3440 4623 tota
3454 4564 3552 4623 die
3557 4564 3737 4638 punis

333 4669 604 4728 precans,
640 4656 890 4726 singulis
923 4656 1083 4714 illius
1112 4655 1310 4713 verbis
1326 4668 1430 4712 sua
1455 4653 1682 4726 singula
1705 4654 1977 4728 reddens,

334 4744 443 4801 hoc
466 4744 596 4817 ipso
622 4758 892 4801 sermone
914 4742 1186 4803 dicebat:
1213 4744 1301 4801 Tu
1319 4743 1477 4800 enim
1500 4744 1681 4801 totius
1693 4743 1984 4817 superbia

330 4833 392 4890 et
406 4833 581 4906 perdi
588 4833 768 4890 tionis
787 4832 1061 4905 spiritus,
1077 4833 1186 4906 qui
1206 4831 1487 4905 decepisti
1497 4833 1708 4903 anm,
1725 4833 1791 4889 tu
1795 4833 1985 4906 fecis-

334 4922 382 4979 ti
396 4922 786 4992 multamala,
801 4935 936 4994 qua
936 4934 1049 4993 per
1066 4922 1121 4979 te
1131 4920 1609 4994 humanogeneri
1618 4921 1952 4980 suntillata
1960 4940 1986 4994 ;

332 5010 387 5068 te
405 5024 523 5069 non
542 5010 745 5079 adoro,
790 5010 942 5081 quia
964 5011 1028 5067 tu
1049 5009 1238 5081 θείων
1256 5011 1317 5067 et
1333 5010 1524 5081 latro,-
1562 5010 1732 5069 modo
1757 5010 1988 5068 tantam

328 5099 677 5170 potestatem
698 5098 880 5156 habes
900 5098 967 5155 in
985 5112 1096 5169 me,
1121 5100 1178 5156 et
1196 5098 1352 5157 hanc
1370 5113 1487 5157 non
1503 5099 1750 5157 haberes
1770 5100 1893 5158 nisi
1915 5099 1989 5157 ti-

334 5186 394 5244 bi
417 5187 563 5245 data
569 5188 1081 5261 fuissetdesuper.
1123 5188 1281 5246 Deus
1310 5188 1602 5261 estfortis
1622 5189 1679 5246 et
1686 5188 1898 5260 potens
1932 5187 1991 5245 et

331 5275 630 5332 immensae
648 5275 1093 5347 misericordiae,
1111 5276 1169 5333 et
1186 5277 1384 5348 ipsum
1411 5279 1519 5350 qui
1533 5291 1645 5348 pro
1665 5290 1755 5333 me
1762 5288 1989 5349 passus

319 5362 1138 5435 fuitadoro.0domineDeus
1148 5378 1530 5437 meus,quare
1541 5379 1630 5422 me
1642 5365 1993 5437 dereliquis.

334 5448 418 5508 li?
445 5451 532 5507 Tu
537 5450 833 5524 formasti
852 5466 943 5510 me
963 5454 1020 5510 et
1038 5455 1261 5512 creasti
1280 5466 1397 5525 me;
1418 5452 1614 5511 multa
1631 5454 1775 5511 sunt
1780 5462 1990 5526 pecca-

338 5538 565 5611 tamea,
591 5541 857 5613 Domine,
893 5557 1026 5602 mea
1050 5543 1246 5617 culpa.
1303 5542 1407 5602 Cui
1437 5546 1676 5602 econtra
1717 5542 1986 5602 diabolus

337 5628 732 5702 respondebat
755 5649 767 5689 :
782 5631 920 5696 Non
937 5630 1057 5692 erit
1072 5632 1166 5694 ita
1177 5631 1407 5704 ,°tuuon
1426 5645 1498 5696 ea
1519 5632 1823 5709 confessus
1822 5626 1994 5707 fuis-

2093 4659 2153 4717 et
2162 4659 2515 4731 punis?llec
2536 4662 2595 4714 et
2626 4656 2740 4713 alia
2776 4656 2946 4729 plura
2977 4654 3069 4711 his
3101 4653 3313 4711 similia
3337 4669 3464 4726 qua:
3505 4657 3735 4727 propter

2094 4746 2596 4820 importunitatem
2614 4744 3072 4817 multiplicitatis
3087 4742 3410 4801 lectoribus
3427 4757 3572 4799 nova
3592 4755 3735 4813 qua:-

2095 4850 2208 4909 que
2241 4834 2684 4892 fastidientibus
2733 4833 2924 4893 minus
2953 4847 3277 4903 congruum
3328 4831 3591 4903 ingerere
3618 4827 3737 4887 vili-

2097 4923 2424 4997 pendimus.
2452 4924 2591 4980 Cum
2627 4923 2910 4996 ejusmodi
2935 4920 3349 4980 confabulatus
3397 4920 3736 4978 altrinsecus

2098 5011 2449 5084 infatigabili
2472 5011 2858 5070 altercatione
2872 5010 3455 5069 consererentanima
3469 5014 3526 5065 et
3550 5007 3735 5065 diabo-

2097 5099 2210 5171 lus,
2234 5104 2700 5173 consumptaque
2722 5100 2923 5172 ﬂagris
2953 5114 3085 5158 cum
3128 5100 3244 5172 jam
3288 5112 3432 5171 pene
3453 5112 3515 5156 se
3534 5096 3733 5153 victam

2100 5191 2162 5245 ut
2216 5201 2346 5246 eum
2396 5188 2671 5246 adoraret
2716 5188 3114 5261 profiteretur,
3149 5201 3319 5259 quam
3351 5200 3463 5244 non
3495 5185 3734 5257 impetus

2100 5276 2253 5346 ignis
2282 5276 2544 5334 ardentis
2575 5281 2634 5334 et
2666 5277 2918 5334 lucentis
2942 5291 2972 5334 a
3005 5276 3176 5345 longe
3212 5277 3282 5333 ad
3315 5275 3443 5345 ejus
3472 5272 3735 5331 auxilium

2098 5364 2342 5421 veniens
2371 5366 2529 5438 cepit
2559 5379 2901 5437 comparare
2933 5364 3195 5435 angelus,
3230 5363 3398 5431 cujus
3432 5360 3738 5434 placidissi-

2101 5466 2207 5510 mae
2238 5455 2566 5527 praesentia:
2597 5454 2804 5525 gratite
2846 5454 3165 5527 resumptis
3196 5451 3423 5510 viribus
3470 5448 3737 5507 conviciis

2099 5544 2352 5621 amplius
2401 5544 2741 5615 insistebat,
2795 5544 3033 5618 perfidis
3066 5541 3283 5602 inimici
3344 5538 3738 5615 praesumptio-

2104 5635 2277 5694 nibus
2307 5633 2591 5694 resistens
2623 5637 2681 5693 et
2713 5631 2912 5692 dicens
2939 5651 2951 5687 :
2989 5635 3033 5692 0
3071 5631 3271 5705 Satan
3294 5630 3513 5705 Saturi,
3556 5628 3738 5688 multa
