3922 6402
186 310 315 372 233

1454 311 1953 403 CHRONICON.
1984 349 2065 362 —
2092 316 2247 385 LIB.
2285 320 2365 384 u.

3497 329 3613 391 22H

195 444 253 500 te
274 444 342 500 in
362 443 462 501 die
489 443 731 501 Domini
761 444 1081 515 expectant
1103 445 1290 516 mala,
1340 446 1489 517 quia
1510 460 1571 503 es
1601 446 1851 503 humani
1881 446 1935 506 A
1964 452 2155 505 tutum
2188 458 2374 509 mater
2405 454 2624 512 caritas
2657 459 2887 515 sancta.
2927 457 3061 515 Visa
3094 459 3205 517 hoc
3228 460 3451 519 interea
3486 477 3614 519 san-

179 532 429 602 generis
437 531 619 605 perdi
627 531 707 589 tio
730 532 787 588 et
803 532 1175 605 perditionis
1206 548 1409 592 causa.
1433 533 1607 591 Modo
1627 549 1743 591 non
1761 548 1855 592 me

185 621 433 693 tenebis,
487 622 555 677 de
589 635 681 677 me
711 622 942 680 diutius
970 636 1084 681 non
1116 623 1429 696 gaudebis,
1461 624 1628 681 modo
1662 625 1715 681 te
1739 638 1856 681 non

185 711 411 781 adoro;
433 711 584 782 quia
610 710 674 766 tu
700 711 853 768 Deus
873 712 977 781 sis,
999 713 1311 782 mentiris;
1331 713 1529 770 nichil
1534 714 1856 785 potestatis

190 798 378 857 habes
401 800 664 871 amplius
710 800 901 856 inme.
942 801 987 856 0
1011 802 1216 858 sancte
1239 800 1524 873 Michael,
1558 802 1660 859 ubi
1687 803 1780 860 es?
1813 803 1857 859 0

190 890 471 959 Domine,
491 888 1009 961 misericordiam,-
1026 904 1158 946 mea
1171 891 1366 962 culpa,
1390 892 1669 961 Domine;
1686 892 1856 949 video

187 979 429 1035 malum
454 991 667 1048 meum,
703 978 855 1049 quia
888 980 1356 1052 praceptisltuis
1386 994 1501 1036 non
1530 980 1775 1038 obedici.
1815 984 1860 1040 0

188 1067 399 1124 sancte
418 1065 707 1137 Michael,
740 1069 1237 1125 misericordiam.
1271 1070 1552 1139 Emendo,
1588 1071 1858 1140 Domine,

195 1156 479 1227 emendo;
524 1157 644 1212 Deo
663 1157 951 1228 promitto
1000 1157 1059 1214 et
1110 1157 1315 1215 sancto
1372 1158 1549 1215 Petro
1578 1159 1638 1216 et
1658 1159 1861 1216 sancto

198 1246 404 1302 Paulo
419 1244 475 1302 et
493 1244 762 1303 omnibus
783 1246 1029 1316 sanctis,
1052 1248 1255 1303 omnia
1266 1248 1527 1319 quidqui
1535 1247 1758 1320 drogas
1755 1249 1864 1320 fa-

195 1335 382 1391 ciam.
418 1332 657 1405 Adjur-a
710 1347 819 1404 me,
876 1335 1142 1404 Domine,
1179 1349 1282 1407 ego
1336 1335 1546 1393 ardea!
1577 1337 1659 1392 Ad
1694 1351 1863 1407 quem

200 1423 449 1494 angelus
477 1444 489 1479 :
550 1425 716 1495 Tace,
745 1424 852 1482 hoc
899 1424 987 1481 est
1013 1426 1287 1483 voluntas
1314 1426 1462 1498 Dei;
1486 1425 1594 1484 sed
1618 1440 1864 1498 sequere

204 1527 319 1569 me.
358 1514 427 1569 Et
445 1512 542 1567 illa
559 1533 578 1569 .-
588 1513 823 1583 Sequor
838 1513 908 1583 te,
929 1513 1178 1584 domine,
1196 1514 1451 1571 ettecum
1462 1528 1617 1586 para
1627 1516 1722 1572 tus
1733 1529 1865 1572 sum

193 1594 269 1660 in
295 1602 543 1659 mortem
564 1615 755 1672 usque
774 1603 884 1661 ire.
916 1602 1042 1661 Sed
1064 1602 1233 1673 quid,
1269 1602 1365 1660 dic
1390 1602 1563 1675 mihi,
1609 1604 1859 1676 domine,

188 1691 305 1748 ille
317 1690 528 1764 frater
546 1703 711 1748 meus
721 1691 941 1763 faciet,
968 1690 1038 1747 de
1057 1706 1173 1762 quo
1195 1692 1362 1749 dixit
1376 1693 1531 1751 mihi
1561 1692 1853 1765 diabolus,

1966 544 2077 596 ctze
2148 543 2440 599 memoriae
2506 543 2810 615 miraculo,
2882 545 3108 617 placida
3168 552 3614 619 prmmonitione

1967 631 2317 687 ammonitus
2345 633 2417 688 ab
2449 633 2674 704 angelo,
2727 634 2841 690 alio
2887 642 3257 694 secesserunt
3285 640 3337 694 in
3364 639 3521 707 loco;
3548 657 3611 697 ac

1967 723 2099 790 post
2131 720 2427 791 paululum
2463 723 2757 794 progressi
2793 743 2805 778 :
2850 724 3011 795 Vide,
3046 727 3112 782 in
3128 728 3256 799 fuit
3278 731 3550 801 angelus,
3585 747 3615 787 ο

1967 809 2196 879 anima,
2231 823 2300 865 ea
2321 824 2453 881 qua
2476 811 2864 870 miseratione
2883 815 2997 871 Dei
3019 815 3132 871 tibi
3155 816 3525 890 largiuntur,
3556 822 3621 877 ut

1967 895 2173 954 videas
2194 897 2426 969 inferni
2440 899 2748 971 tormenta,
2770 916 2883 972 que
2898 902 3439 964 licetsinthumano
3445 923 3558 979 gen
3569 924 3618 963 e—

1965 985 2443 1058 riincredibilia,
2467 990 2671 1047 sciant
2689 991 2887 1048 tamen
2910 993 3000 1049 ita
3030 993 3159 1057 sibi
3179 1009 3303 1053 esse
3331 998 3620 1068 praedicta

1957 1088 2070 1145 per
2088 1076 2389 1147 erangeld
2406 1091 2475 1135 sa
2491 1078 2634 1149 [ora]
2652 1080 2869 1136 menta.
2895 1081 2962 1134 Et
2988 1080 3106 1137 ille:
3142 1084 3335 1155 Video,
3368 1086 3618 1157 domine,

1968 1163 2120 1233 quia
2139 1164 2332 1220 multa
2351 1166 2499 1222 sunt
2509 1167 2751 1237 peccata
2766 1168 2824 1224 et
2840 1170 3025 1226 mala.
3041 1171 3167 1229 Sed
3174 1173 3413 1230 remitte
3424 1174 3489 1231 in
3510 1177 3624 1231 alio

1971 1252 2351 1324 quantulum,
2366 1254 2517 1325 quia
2536 1255 2729 1312 multa
2752 1270 2883 1314 sum
2892 1273 3136 1329 passus.
3158 1260 3450 1321 Diabolus
3470 1266 3625 1320 enim

1972 1343 2885 1416 nonminimummejlagellacit.
2906 1349 2970 1403 Et
2987 1349 3231 1420 angelus
3249 1371 3261 1406 :
3281 1354 3515 1425 Anima,
3530 1356 3624 1412 ris

1973 1427 2392 1487 sedere?Sede.
2421 1434 2494 1488 At
2526 1432 2624 1489 ille
2649 1437 2810 1490 tanta
2835 1439 3069 1507 tamque
3088 1438 3345 1495 inaudita
3373 1457 3625 1514 przeseu-

1974 1516 2119 1574 tium
2135 1521 2558 1576 tormentorum
2578 1522 2976 1592 magnitudine
2992 1529 3366 1600 perterritus,
3386 1535 3624 1603 pr0pter

1977 1604 2186 1662 nimios
2217 1606 2513 1677 ejusmodi
2546 1609 2833 1667 mirabilis
2865 1616 2922 1668 et
2948 1612 3390 1674 innumerabilis
3423 1621 3620 1691 populi

1979 1693 2214 1751 dolores
2230 1698 2286 1751 et
2311 1695 2509 1754 luctus
2526 1698 2771 1769 quodam
2797 1703 3215 1773 compassionis
3232 1711 3624 1777 prtemoveba-

215 1778 945 1852 quod‘decepissetillum?
970 1779 1866 1854 0sancteMichael,indulgen-
1897 1800 1946 1862 Β
1980 1787 2076 1839 tur
2130 1784 2363 1856 affectu,
2415 1801 2876 1846 commemorans
2920 1790 3073 1848 intra
3122 1809 3185 1849 se
3233 1793 3620 1868 illiusjudicii

218 1869 388 1938 tiam,
412 1869 908 1937 misericordiam,
926 1868 1176 1939 domine,
1196 1869 1265 1926 de
1277 1868 1525 1942 eo,,'dimi
1533 1870 1611 1925 tte
1628 1884 1864 1943 meper-

199 1971 349 2030 gere
369 1957 451 2015 ad
458 1956 1289 2028 fratresmeos;emendabunt
1312 1960 1401 2015 se!
1426 1959 1540 2015 Dic
1563 1959 1738 2031 mihi,
1772 1959 1867 2017 do-

199 2046 386 2103 mine.
422 2047 674 2105 Possum
726 2047 808 2104 ad
835 2046 1013 2104 illum
1044 2046 1259 2120 loqui:
1319 2045 1458 2104 bene
1485 2049 1703 2105 omnia.
1738 2048 1866 2103 Mox

210 2138 457 2207 recepto
489 2135 544 2191 in
578 2150 826 2207 corpore
888 2135 1101 2206 spiritu
1135 2134 1377 2205 resedit,
1433 2140 1760 2206 vocatoque
1793 2150 1865 2191 ex

198 2224 435 2280 nomine
486 2223 585 2281 illo
619 2225 713 2296 qui
766 2226 1026 2296 praesens
1058 2224 1135 2279 ibi
1167 2223 1370 2280 aderat
1425 2224 1627 2295 fratre,
1660 2224 1809 2280 dixit
1848 2248 1861 2283 :

209 2311 519 2386 Cave/tat,
546 2327 617 2370 ne
647 2313 915 2386 decipiat
955 2312 1009 2369 te
1030 2311 1307 2371 diabolus
1350 2312 1503 2386 quia
1511 2326 1627 2386 per
1672 2313 1869 2384 ipsum

197 2401 1863 2475 fuittibiproatima..................

202 2499 281 2558 ab
307 2501 523 2572 angelo
541 2501 797 2573 spiritus
814 2500 1155 2558 remanente
1180 2501 1436 2563 emortuo
1455 2515 1693 2573 corpore
1711 2484 1873 2559 sicut

197 2591 419 2663 prius;
443 2590 502 2646 et
519 2590 720 2647 dixit:
753 2590 796 2647 0
817 2590 1022 2648 sancte
1040 2588 1323 2660 Michael,
1335 2587 1450 2661 fui
1470 2588 1749 2660 adillam
1789 2631 1802 2645 .
1848 2632 1860 2646 .

196 2728 211 2743 .
263 2728 276 2741 .
324 2727 337 2742 .
369 2685 831 2759 fratresomnes
850 2685 998 2744 nidi.
1020 2686 1102 2741 Ad
1122 2701 1290 2757 quem
1315 2684 1867 2759 angelus-Sequere

197 2798 315 2841 me.
344 2784 413 2838 Et
444 2783 543 2839 illa
567 2805 586 2841 .-
623 2785 858 2855 Sequor
879 2784 951 2855 te,
985 2783 1236 2841 domine.
1269 2783 1369 2841 IIis
1394 2783 1566 2841 dictis
1595 2786 1866 2849 tenebra-

208 2888 338 2929 rum
366 2877 426 2929 to
468 2914 480 2928 .
527 2912 541 2926 .
586 2914 599 2929 .
644 2914 659 2928 .
704 2914 717 2927 .
763 2913 776 2926 .
823 2914 836 2927 .
886 2913 899 2927 .
946 2914 960 2928 .
1004 2913 1017 2926 .
1062 2871 1271 2928 abinde
1298 2872 1686 2943 procedentes
1719 2872 1864 2930 duce

210 2968 440 3040 angelo,
500 2982 707 3026 rursus
754 2969 812 3025 in
844 2967 1014 3024 aliam
1064 2968 1440 3026 introductus
1487 2972 1574 3025 est
1607 2969 1839 3027 domum

207 3072 340 3129 quae
372 3057 505 3128 quia
539 3056 690 3121 lucis
720 3072 786 3114 ac
818 3057 1152 3114 serenissim
1194 3098 1208 3112 .
1263 3099 1277 3114 .
1328 3057 1389 3129 pl
1439 3099 1453 3114 .
1508 3100 1521 3114 .
1577 3099 1588 3113 .
1645 3099 1658 3114 .
1713 3100 1727 3114 .
1778 3100 1791 3114 .

202 3154 452 3210 nimium
510 3154 828 3224 renitebat,
863 3154 994 3223 ejus
1040 3153 1434 3225 pulcritudine
1465 3153 1711 3211 miratus
1760 3170 1866 3213 nec
1898 3153 1947 3215 C

208 3243 359 3300 satis
379 3242 603 3314 expleri
621 3257 728 3299 nec
752 3257 856 3314 pro
871 3245 1011 3299 voto
1024 3242 1214 3313 potuit
1239 3242 1470 3312 saeiari,
1497 3242 1603 3304 sed.
1623 3242 1699 3304 du
1734 3286 1746 3299 .
1794 3285 1806 3299 .
1849 3298 1862 3311 ,

227 3355 335 3412 pou
372 3381 384 3395 .
426 3382 439 3396 .
475 3340 763 3412 stupende
784 3355 850 3397 ac
867 3339 1172 3396 tremendo
1194 3339 1557 3411 prospiciens
1580 3340 1870 3397 intellexit

216 3429 388 3499 cujus
416 3432 578 3484 esset
600 3428 874 3499 officium,
900 3432 958 3483 et
988 3428 1061 3484 ad
1092 3427 1230 3497 quid
1264 3426 1429 3485 locus
1460 3427 1558 3484 ille
1592 3428 1740 3485 lucis
1772 3445 1871 3500 po-

212 3517 430 3573 tuisset
483 3515 704 3573 haberi.
768 3517 1013 3573 Videbat
1066 3531 1321 3586 namque.
1343 3516 1400 3571 in
1451 3532 1517 3573 ea
1582 3517 1869 3588 parietum

215 3604 531 3676 superficie
567 3604 903 3676 conscripta
952 3605 1136 3662 totius
1164 3604 1396 3661 humani
1452 3605 1687 3674 generis
1721 3606 1869 3663 bona

208 3706 411 3765 Opera,
448 3692 549 3750 sed
579 3698 636 3749 et
690 3692 1080 3765 quodcunque
1127 3692 1332 3750 usibus
1362 3693 1629 3751 humanis
1659 3694 1717 3750 in
1749 3696 1873 3766 qui-

216 3782 474 3839 buslibet
538 3787 628 3840 est
674 3783 967 3840 creaturis
1000 3783 1164 3853 utile,
1223 3783 1379 3854 quod
1425 3782 1870 3841 elemosinarum

211 3885 450 3929 munera
484 3872 845 3944 pauperibus
868 3872 1084 3929 Christi
1123 3876 1321 3943 potest
1344 3872 1595 3944 expendi
1628 3889 1733 3945 pro
1755 3874 1873 3930 ani-

209 3973 435 4016 marum
466 3960 676 4030 salute,
724 3959 997 4031 quodque
1023 3960 1189 4031 quasi
1229 3960 1602 4017 substantiali
1633 3961 1872 4019 edicens

210 4048 455 4104 materia
488 4047 625 4103 mihi
679 4048 987 4105 videbatur
1016 4062 1385 4118 expressum,
1427 4063 1615 4119 equos
1646 4049 1872 4105 scilicet

210 4139 275 4192 et
290 4136 583 4209 jumenta,
620 4135 817 4192 asinos
867 4150 1124 4205 ovesque
1153 4141 1211 4191 et
1245 4136 1477 4192 diversa
1507 4136 1873 4193 diversorum

212 4224 574 4294 animalium,
609 4238 813 4281 aurum
849 4238 1102 4295 quoque,
1159 4228 1489 4295 argentum,
1538 4230 1739 4281 vestes
1770 4238 1876 4297 per

215 4312 505 4386 pluraque
539 4313 803 4385 preciosa
829 4312 957 4382 ejus
989 4312 1224 4382 generis
1252 4326 1512 4383 munera,
1544 4314 1877 4384 peregrino-

211 4417 347 4459 rum
368 4401 647 4473 hospitia,
667 4415 988 4472 pauperum
1010 4399 1395 4471 lectisternia,
1411 4405 1726 4472 ceteraque
1747 4418 1878 4472 gra-

214 4490 298 4547 tis
323 4490 589 4562 impensa
617 4504 722 4562 pro
745 4488 963 4546 Christi
994 4487 1227 4545 nomine
1250 4488 1553 4561 beneﬁcia,
1578 4490 1875 4547 straminis
1907 4507 1957 4567 ι)

209 4593 282 4637 ac
310 4578 424 4635 feni
458 4578 807 4649 manipulos,
832 4581 1105 4634 vetustos
1136 4576 1312 4633 etiam
1335 4576 1546 4649 socios,
1574 4583 1633 4634 et
1658 4577 1877 4635 virides

213 4667 444 4725 olerum
472 4666 727 4740 plantas,
774 4667 1027 4738 desuper
1049 4665 1213 4736 quasi
1268 4665 1365 4723 filo
1397 4680 1734 4738 suspensas,
1771 4681 1875 4724 nec

217 4770 332 4813 non
359 4761 558 4829 potum
583 4770 749 4826 aqum
772 4755 1002 4825 frigidm
1017 4754 1088 4811 de
1112 4769 1228 4825 quo
1249 4754 1528 4812 Dominus
1549 4755 1675 4827 ipse
1699 4760 1878 4829 testa_

214 4851 315 4903 tur
348 4844 556 4902 fideles
601 4860 742 4901 suos
768 4845 825 4900 in
850 4848 1068 4900 aeterna
1091 4844 1211 4901 vita
1244 4846 1571 4901 mercedem
1604 4860 1716 4901 non
1751 4860 1879 4916 per-

213 4934 373 4991 dere.
409 4934 680 4990 Ceterum
704 4932 835 5003 quia
861 4931 1098 5001 longum
1130 4936 1219 4988 est
1256 4931 1490 4989 edicere
1521 4932 1734 5002 omnia,
1771 4934 1876 4990 hec

215 5028 275 5079 et
301 5023 469 5094 plura
490 5021 607 5078 alia
635 5022 865 5079 Christo
890 5022 947 5076 in
967 5022 1245 5078 membris
1268 5021 1392 5079 suis
1412 5020 1625 5079 collata
1648 5028 1879 5079 sancta-

218 5126 347 5168 rum
371 5111 823 5169 elemosinarum
848 5109 994 5166 vidit
1017 5109 1278 5179 donaria,
1304 5125 1549 5182 quarum
1577 5126 1682 5184 pro
1706 5116 1877 5171 mter-

216 5214 306 5256 na:
338 5200 474 5256 vitae
532 5199 924 5256 netributionc
959 5198 1013 5254 in
1056 5204 1377 5270 conspectu
1407 5200 1511 5256 Dei
1543 5200 1728 5258 solum
1756 5215 1876 5258 ser-
1940 5230 1949 5235 -

220 5300 391 5354 vatur
442 5294 847 5367 inmemor-ia,
880 5298 943 5352 ut
1002 5294 1186 5365 major
1215 5296 1443 5352 scilicet
1497 5296 1599 5353 Dei
1660 5298 1875 5370 populo

218 5396 420 5452 futuro
479 5397 537 5448 et
590 5393 868 5464 praesenti
929 5393 1173 5449 daretur
1222 5392 1455 5464 ﬁducia,
1514 5395 1735 5452 nullius
1780 5397 1871 5453 sui

217 5494 352 5551 licet
380 5491 597 5546 minimi
648 5493 826 5549 Deum
850 5489 1244 5547 immemorem
1274 5505 1405 5547 esse
1436 5492 1702 5549 beneﬁcii
1732 5494 1779 5550 si
1814 5495 1867 5552 in

218 5590 441 5647 honore
463 5586 651 5644 laudis
671 5586 798 5658 ejus
820 5590 876 5643 et
899 5584 1085 5657 gloria
1116 5584 1405 5657 quidlibet
1435 5587 1720 5660 optulerit
1748 5584 1864 5646 vir-

463 5682 730 5747 Persen.
762 5682 972 5746 CLIV.

1978 1870 2151 1943 diem,
2206 1879 2420 1944 quanta
2474 1875 2694 1932 istunc
2737 1878 2936 1947 judice
2980 1881 3250 1939 veniente
3303 1886 3620 1944 cumulabit

1976 1960 2285 2033 supplicia,
2320 1977 2466 2033 quos
2496 1968 2658 2020 tanta
2689 1966 2760 2022 ab
2791 1966 2921 2038 ipso
2954 1969 3132 2026 ferme
3155 1973 3351 2029 mundi
3383 1975 3622 2032 exordio

1977 2050 2166 2106 adhuc
2190 2050 2345 2106 videt
2373 2052 2675 2123 possidere
2698 2057 3012 2128 tormenta,
3037 2063 3096 2129 et
3115 2058 3403 2117 clamabat
3429 2082 3440 2116 :
3469 2065 3627 2129 Quid

1976 2152 2007 2194 o
2033 2138 2259 2209 miseri,
2292 2140 2497 2197 miseri
2544 2154 2675 2198 cum
2716 2147 3127 2214 supervenerit
3155 2147 3422 2208 districti
3445 2153 3505 2207 et
3526 2167 3626 2209 no-

1974 2228 2209 2285 vissimi
2230 2228 2465 2300 judicii
2511 2231 2623 2287 Dei
2649 2233 3146 2305 inrecuperabilis
3186 2238 3335 2296 hora
3364 2241 3425 2296 et
3446 2243 3625 2314 impe-

1976 2317 2175 2373 nitens
2206 2316 2333 2374 dies
2353 2317 2663 2377 illa?Dies
2703 2322 2829 2392 im,
2863 2324 2990 2381 dies
3010 2325 3125 2383 illa
3169 2328 3541 2388 calamitatis
3570 2334 3631 2388 et

1974 2404 2253 2475 miseriae,
2286 2405 2414 2462 dies
2432 2421 2652 2479 magna
2674 2409 2735 2465 et
2748 2423 2961 2468 amara
2989 2414 3195 2472 ralde!

2055 2493 2519 2563 «[Eratnimirum
2551 2498 2697 2552 tanti
2713 2513 2818 2569 per
2858 2499 3198 2559 immensum
3232 2506 3414 2577 spacii
3457 2505 3621 2565 locus

1977 2579 2417 2655 ipse'penarum,
2455 2587 2735 2657 tantaque
2767 2589 3029 2646 confusis
3052 2594 3108 2646 et
3151 2592 3624 2655 immemorabilis

1979 2670 2304 2740 frequentia
2340 2671 3044 2749 lugentiumpopulorum,
3079 2686 3356 2751 quantum
3388 2700 3500 2741 non
3530 2693 3621 2743 est

1977 2771 2166 2829 neque
2210 2759 2468 2816 continet
2517 2762 2781 2833 cujusvis
2808 2764 3032 2837 imperii
3082 2784 3354 2840 regnum;
3388 2774 3488 2830 sed
3515 2791 3620 2832 nec

1979 2851 2166 2902 totum
2212 2847 2301 2904 his
2335 2851 2560 2920 putavit
2594 2853 2845 2909 conferri
2880 2870 3010 2911 cum
3042 2856 3274 2916 homine
3322 2863 3617 2937 mundum,

1976 2934 2084 3026 Ubi
2142 2935 2411 3008 plurimis
2458 2938 2757 2997 distinctis
2802 2945 3226 3003 tormentorum
3281 2934 3617 3026 generibus,

1977 3024 2283 3082 adstantes
2314 3026 2424 3083 Slbl
2472 3041 2544 3083 ex
2576 3028 2804 3100 legione
2847 3047 2949 3089 sua
3002 3033 3217 3105 singuli
3252 3040 3502 3096 ministri
3536 3024 3619 3099 sic

1976 3112 2095 3169 suis
2127 3113 2630 3187 principiabantur
2662 3118 2985 3191 ordinibus,
3012 3127 3075 3179 ut
3105 3139 3243 3196 pars
3270 3130 3513 3198 quedam
3539 3136 3621 3188 te-

1976 3202 2176 3258 nebris
2200 3217 2329 3259 cum
2372 3205 2559 3261 fetore
2584 3221 2690 3263 suo
2717 3212 3165 3288 tenerenturho:
3184 3216 3622 3287 rentibus,alte-

1964 3304 2039 3369 ra
2075 3289 2255 3362 piceis
2287 3293 2531 3349 ﬂammis
2562 3295 2829 3351 obnoxiis
2866 3298 3233 3357 condebatur
3273 3303 3623 3377 hominibus,

1979 3377 2090 3434 alia
2141 3395 2281 3436 vero
2306 3382 2469 3453 puris
2494 3383 2747 3456 ignibus,
2773 3390 2829 3441 et
2854 3385 2967 3442 alia
3000 3388 3215 3460 frigore
3239 3394 3296 3446 et
3322 3395 3486 3462 quasi
3513 3394 3630 3450 hie-

1979 3466 2231 3524 malibus
2254 3469 2482 3539 pruinis
2499 3471 2834 3529 cruciandis
2853 3476 3625 3549 augebaturpeccatoribus.

1980 3554 2071 3610 Sic
2098 3571 2200 3627 pro
2224 3557 2450 3614 meritis
2472 3560 2684 3631 cuique
2718 3577 2862 3634 pena
2887 3577 2914 3618 a
2941 3563 3064 3621 suis
3103 3568 3425 3637 parabatur
3458 3584 3632 3642 appa-

1982 3642 2498 3718 ritoribus,et:ejus
2544 3664 2751 3707 rursus
2775 3650 2884 3707 alia
2911 3668 3046 3724 pars
3093 3655 3255 3725 quasi
3282 3658 3628 3727 quibusdam

1978 3735 2271 3791 extructis
2296 3736 2693 3795 mansionibus
2718 3739 3137 3811 refrigerandis
3162 3743 3355 3802 inutili
3374 3746 3634 3805 minaba-

1978 3824 2078 3878 tur
2109 3824 2432 3881 animabus.
2459 3826 2666 3882 Preter
2695 3827 2800 3884 hcc
2834 3830 3224 3888 indellcientia
3260 3836 3539 3899 vermium
3574 3842 3631 3892 et

1984 3910 2340 3969 flammarum
2366 3918 2703 3986 eternmque
2729 3918 2936 3973 mortis
2958 3919 3223 3976 incendia
3259 3921 3410 3992 ignis
3442 3938 3473 3980 e
3504 3939 3636 3981 con-

1988 3998 2146 4067 tigue
2182 4001 2467 4058 maximus
2487 4017 2597 4058 non
2632 4002 2805 4074 lignis
2838 4008 3241 4065 materialibus
3275 4010 3375 4066 sed
3408 4013 3635 4069 crebris

1985 4087 2173 4144 adhuc
2205 4088 2523 4147 viventium
2555 4091 2747 4164 culpis
2779 4094 3202 4153 conﬁciebatur
3233 4101 3290 4154 et
3324 4100 3635 4158 cotidianis

1983 4174 2420 4233 offensionibus.
2457 4178 2581 4245 Quo
2603 4179 2730 4235 viso
2762 4195 2873 4236 non
2896 4184 3043 4239 satis
3066 4185 3154 4240 sui
3181 4184 3320 4243 ﬁsus
3352 4189 3634 4261 periculo,

1984 4262 2209 4319 audivit
2231 4264 2302 4319 ab
2323 4265 2528 4335 angelo
2557 4284 2568 4320 :
2606 4268 2749 4325 Veni
2770 4269 2829 4324 et
2852 4270 3004 4327 cide.
3031 4273 3102 4327 Et
3127 4272 3225 4328 ille
3249 4296 3269 4332 .-
3313 4276 3506 4348 Video,
3543 4278 3639 4335 do—

1982 4352 2162 4423 mine,
2202 4354 2353 4424 quia
2391 4355 2620 4411 malum
2647 4357 2762 4421 est;
2809 4360 3010 4417 omnia
3053 4361 3224 4418 video
3252 4364 3310 4420 et
3343 4367 3511 4424 mala
3541 4367 3642 4424 hic

1986 4443 2204 4499 Omnia.
2227 4442 2354 4499 Sed
2373 4442 2470 4500 dic
2488 4444 2662 4511 mihi,
2687 4446 2938 4518 domine,
2963 4449 3117 4519 quid
3126 4451 3217 4507 est
3234 4451 3341 4509 hoc
3360 4456 3471 4510 aut
3489 4458 3641 4526 quid

1984 4531 2312 4604 signiﬁcat.
2348 4532 2450 4589 Cui
2494 4547 2623 4589 cum
2684 4533 2947 4606 dixisset,
2984 4538 3135 4608 quod
3168 4540 3513 4598 Frandrensi
3546 4561 3638 4600 co-

1988 4620 2115 4676 miti
2135 4619 2418 4677 Balduino
2441 4626 2753 4693 pararetur
2774 4627 2830 4679 et
2855 4631 3034 4696 esset,
3061 4626 3189 4696 ejus
3213 4628 3409 4684 subito
3461 4631 3640 4688 admi-

1990 4722 2128 4765 rans
2152 4723 2265 4766 non
2313 4708 2588 4782 imparem
2623 4712 2767 4782 regii
2798 4712 2993 4771 cultus
3021 4730 3348 4787 personam,
3384 4718 3639 4776 denomi-

1990 4800 2180 4852 natam
2205 4798 2377 4854 etiam
2403 4814 2532 4855 cum
2556 4799 2781 4859 divitiis
2801 4802 3120 4860 ethumana
3140 4804 3417 4862 felicitate
3437 4814 3641 4878 poten-

1988 4886 2150 4955 tiam,
2187 4886 2236 4943 si
2268 4891 2471 4944 tantus
2525 4888 2616 4944 vir
2672 4892 2807 4963 post
2863 4893 3241 4951 transitorios
3296 4895 3546 4953 honores
3578 4903 3636 4955 et

1986 4974 2230 5045 gloriam
2292 4976 2581 5033 infelicem
2633 4977 2917 5050 ejusmodi
2950 4982 3265 5041 sortiretur
3320 4999 3547 5058 penam,
3579 4991 3637 5044 et

1987 5062 2278 5119 exitialem
2313 5065 2527 5121 debita)
2578 5066 2784 5124 mortis
2818 5069 3130 5145 miseriam,
3185 5072 3293 5129 hac
3323 5075 3637 5131 verborum

1985 5166 2128 5208 voce
2157 5153 2444 5209 clamabat
2471 5173 2483 5209 :
2522 5156 2565 5212 0
2585 5157 2835 5227 domine,
2862 5161 3011 5230 quia
3029 5162 3195 5219 mala
3230 5162 3411 5219 habet
3418 5164 3639 5236 facta?

1985 5242 2053 5297 Et
2086 5242 2372 5311 angelus:
2434 5243 2588 5309 Quia
2614 5244 2841 5302 malum
2883 5248 3065 5320 fecit,
3110 5252 3338 5308 malum
3366 5253 3633 5325 recipiet.

1984 5329 2126 5384 Item
2154 5330 2250 5385 ille
2274 5352 2292 5387 .-
2325 5333 2590 5395 Domine,
2616 5334 2671 5389 si
2693 5334 2954 5392 dimittis
2973 5352 3080 5406 me,
3109 5352 3211 5409 ego
3235 5339 3640 5410 pronunciabo

1983 5419 2085 5474 illi
2116 5421 2186 5474 ut
2209 5421 2587 5476 COh’Eei'tullii‘
2609 5423 2668 5477 et
2692 5422 2875 5480 sicut.
2900 5425 3125 5484 Sancte
3152 5427 3439 5499 Michael,
3469 5431 3641 5487 mise-

1984 5507 2312 5563 ricordiam
2331 5508 2401 5563 de
2413 5509 2520 5565 illo
2529 5524 2555 5578 ;
2565 5508 2858 5568 Dominus
2876 5525 2996 5571 non
3012 5514 3269 5587 despicit
3272 5518 3635 5588 peccatores.

1967 5592 2112 5654 Scio
2142 5594 2203 5653 et
2219 5596 2390 5656 credo
2407 5595 2559 5670 quia
2585 5597 2716 5669 ipse
2741 5596 2946 5661 dicit:
2976 5599 3130 5665 Noto
3155 5605 3405 5664 mortem
3417 5615 3639 5679 pecca-
