3922 6410
361 343 478 411 235

1341 343 1710 412 HUGONIS
1749 341 2104 410 ΑΒΒΑΤΙΒ
2147 344 2825 411 FLAVINIACENSIS

3651 343 3769 420 236

362 484 512 544 toris
536 483 642 543 sed
657 482 732 541 ut
753 498 829 540 m.
866 497 915 540 ο.
950 483 1010 540 et
1034 477 1221 540 oioat.
1246 485 1330 541 Ac
1346 497 1462 555 per
1483 481 1610 554 hoc,
1632 482 1886 554 domine,
1922 481 2010 541 di-
2038 481 2095 544 A
2125 481 2286 550 tudo,
2305 485 2579 554 quantam
2599 481 2729 555 quis
2751 487 2985 556 putaret
3008 485 3135 542 toto
3159 499 3271 543 non
3290 499 3459 558 posse
3478 490 3765 548 contineri

358 575 528 631 mitte
552 588 677 642 me;
704 575 945 630 ueniam
974 573 1057 630 ad
1111 573 1307 643 illum,
1339 573 1396 630 et
1441 574 1638 630 dicam
1667 574 1739 630 ut
1769 588 1833 631 se
1855 586 2010 630 reco-

352 663 1072 734 gnoscatetpenitentiam
1085 663 1249 733 agat.
1277 663 1379 718 Cui
1403 663 1646 731 angelus
1661 681 1674 710 τ
1693 663 1872 721 Nihil
1870 677 2010 734 pro-

357 751 692 822 derit,quia
703 765 818 807 non
831 751 1040 808 credit.
1061 753 1134 806 At
1148 749 1268 806 ille:
1280 751 1506 821 Etiam,
1524 751 1774 807 domine:
1791 766 2010 808 aurum

357 840 415 896 et
426 839 740 912 argentum
755 839 935 896 habet
962 833 1250 907 multum;
1267 839 1595 911 possibilia
1607 839 1790 896 etiam
1814 841 2006 897 multa

353 933 420 988 in
433 930 595 987 terra
605 947 630 998 ,ο
643 929 782 986 bene
781 929 1320 1002 possetemendare.
1349 931 1415 984 Et
1432 929 1638 999 angelu
1648 945 1698 986 s:
1710 931 1857 987 Dico
1871 929 2000 1000 tibi,

351 1034 462 1078 sua
493 1033 611 1078 non
638 1019 798 1088 sunt,
813 1019 922 1076 sed
941 1018 1344 1088 diaboli.Sed,
1371 1020 1596 1088 anima,
1613 1033 1858 1090 sequere
1882 1033 2006 1087 me;

349 1109 486 1166 ceni
509 1109 570 1164 et
593 1107 748 1164 cide.
783 1109 920 1163 Erat
951 1107 1236 1178 siquidem
1261 1107 1670 1176 adjacentibus
1703 1108 1862 1164 mirae
1893 1123 2005 1164 ma-

351 1197 678 1267 gnitudinis
723 1196 941 1269 spaciis
989 1196 1262 1252 diffusum
1297 1211 1401 1267 per
1446 1197 1784 1253 immensum
1835 1199 2000 1268 quasi

354 1277 748 1356 frigidissimae
767 1301 932 1356 aquae
953 1289 1243 1354 stagnum,
1262 1285 1432 1355 cujus
1449 1285 2002 1355 congelascentibus

353 1374 524 1431 undis
551 1389 653 1445 per
674 1378 1030 1443 exurgentes
1043 1388 1172 1430 cum
1199 1375 1384 1428 fetore
1411 1376 1650 1444 pruinas
1666 1375 2000 1431 mortiferos

350 1463 510 1519 celos
535 1478 724 1533 usque
745 1463 1056 1519 videbatur
1069 1467 1340 1518 eructare
1363 1477 1630 1534 vapores.
1652 1465 1998 1520 Continebat

349 1567 596 1624 namque
647 1567 750 1625 per
781 1553 1116 1608 innumeros
1149 1552 1388 1608 ordines
1423 1551 1533 1608 loci
1565 1553 1739 1623 hujus
1779 1553 2002 1625 suppli-

347 1642 498 1698 cium
535 1642 880 1699 muliebrem
906 1656 1128 1710 sexum,
1156 1641 1344 1696 solum
1375 1641 1598 1698 scilicet
1625 1643 1995 1700 meretricum

347 1737 723 1800 conventum,
750 1745 878 1800 quae
901 1744 1003 1801 per
1023 1729 1499 1786 incontinentiam
1526 1731 1777 1802 propriae
1800 1733 1996 1788 carnis

2123 573 2370 641 mundo;
2395 587 2638 643 quorum
2662 571 2914 629 omnium
2937 574 3198 644 penalem
3221 575 3538 634 condolens
3569 577 3762 648 ﬁnem,

2121 667 2177 718 et
2200 661 2487 734 quandam
2512 661 2884 733 aliquatenus
2904 661 3022 719 illis
3039 664 3093 718 in
3129 664 3613 736 adventujudicis
3636 685 3765 742 spe-

2122 767 2257 808 rans
2288 751 2706 820 remissionem,
2762 751 3022 807 dicebat:
3054 753 3282 811 Sancte
3309 755 3582 828 Michael,
3615 759 3766 830 quid

2115 840 2347 908 facient
2353 840 2694 911 peccatores
2715 838 2812 896 oel
2829 841 3070 913 quando
3086 843 3324 913 cenietj
3332 844 3600 902 udicium
3613 849 3762 907 Dei?

2118 928 2372 998 Angelus
2391 949 2402 983 :
2430 931 2666 1000 Anima,
2691 929 2853 998 tace;
2871 931 3026 1000 ceni,
3043 944 3286 1002 sequere
3300 947 3408 1003 me,
3425 934 3760 1008 etoidequee

2115 1019 2459 1076 ostensurus
2469 1033 2602 1076 sum
2621 1017 2752 1076 tibi.
2780 1021 3075 1077 Exeuntes
3093 1035 3231 1076 vero
3248 1021 3300 1076 in
3314 1023 3454 1077 l’erni
3471 1025 3755 1084 stationes

2115 1113 2171 1164 et
2221 1123 2496 1180 penarum
2529 1107 2652 1164 loca
2677 1123 2749 1163 ex
2779 1107 3027 1164 adverso
3059 1109 3350 1182 deorsum,
3384 1113 3566 1169 totius
3598 1116 3755 1186 pacis

2115 1195 2262 1254 lucis
2289 1203 2345 1254 et
2379 1197 2594 1268 quietis
2629 1197 3066 1254 accommodum
3115 1200 3514 1269 praeminentis
3541 1205 3752 1261 montis

2115 1285 2470 1356 superabant
2503 1284 2782 1341 verticem
2843 1285 3054 1356 ipsum,
3109 1286 3206 1342 ubi
3253 1302 3358 1358 per
3387 1290 3750 1349 amenissima

2112 1375 2568 1445 circumquaque
2593 1374 2788 1446 spacia
2817 1390 2920 1446 pro
2953 1375 3124 1432 unius
3145 1377 3432 1448 cujusque
3456 1380 3663 1438 merito
3695 1381 3748 1438 in

2111 1469 2373 1520 eternam
2411 1465 2669 1534 requiem
2700 1478 2971 1520 mansura
3013 1464 3400 1522 ediﬂcabatur
3431 1469 3670 1526 mansio.
3708 1474 3750 1526 A

2112 1568 2224 1623 quo
2247 1568 2377 1609 cum
2405 1552 2798 1624 placidissimo
2811 1553 3124 1608 verborum
3149 1553 3410 1625 alloquio
3423 1555 3750 1614 sciscitare-

2108 1645 2226 1712 tur,
2264 1641 2399 1712 quid
2424 1641 2533 1696 hoc
2565 1645 2744 1710 esset,
2784 1639 2875 1696 vel
2908 1641 3121 1711 quibus
3153 1640 3266 1698 illae
3289 1647 3468 1700 tanta;
3499 1646 3752 1716 magniﬁ-

2107 1731 2314 1786 centiae
2346 1733 2831 1786 construerentur
2863 1730 3218 1801 mansiones,
3238 1732 3534 1803 respondit
3561 1753 3574 1789 :
3611 1736 3750 1792 Ani-

351 1819 763 1888 adulterando,
809 1819 1074 1874 humana:
1103 1824 1326 1874 natura:
1357 1819 1584 1875 modum
1617 1813 1990 1891 excedentes,
2023 1843 2078 1903 Β
2105 1833 2224 1888 ma,
2258 1834 2398 1876 num
2431 1818 2532 1876 hic
2549 1819 2773 1875 dudum
2788 1819 3004 1891 fuisti,
3039 1819 3099 1875 et
3123 1834 3240 1876 non
3269 1821 3324 1876 te
3347 1825 3749 1893 recognoscis?

349 1908 447 1965 siti
475 1907 825 1964 mercatoris
847 1923 958 1962 non
991 1908 1420 1978 pertimuerunt
1442 1924 1818 1980 corrumpere
1840 1909 1996 1980 leges

345 2001 402 2052 et
423 1997 576 2066 jura.
596 1999 809 2052 Harum
827 1995 1130 2066 mamillas,
1155 1997 1447 2052 anteriora
1473 2012 1702 2068 quoque
1721 2001 1778 2053 et
1805 2003 1998 2070 poste-

347 2085 501 2141 riora
530 2085 938 2158 perhorrentia
965 2085 1129 2140 multi
1154 2085 1386 2153 generis
1405 2090 1665 2142 monstra
1688 2091 1748 2141 et
1764 2087 1998 2142 cohabi-

348 2174 594 2230 tantium
633 2174 880 2230 maxima
929 2174 1244 2230 multitudo
1267 2175 1626 2246 serpentium
1651 2182 2000 2247 acceperant

283 2257 294 2268 ’
347 2263 700 2320 devoranda.
733 2263 958 2329 Quibus
981 2264 1106 2319 visu
1134 2264 1454 2334 percursis,
1477 2264 1791 2333 przemissis
1807 2266 1998 2336 angeli

346 2353 547 2410 verbis
564 2353 864 2423 respondit
881 2351 1082 2408 dicens
1099 2372 1109 2406 :
1125 2353 1360 2423 Sequor
1373 2353 1428 2409 te
1438 2353 2001 2424 dominum,etoideo

345 2443 496 2516 quia
515 2441 813 2498 tormenta
825 2442 1220 2512 suntmagna.
1244 2443 1370 2498 Sed
1387 2442 1483 2498 die
1501 2442 1676 2512 mihi,
1701 2457 1834 2515 qua
1859 2445 2005 2500 sunt

339 2529 455 2588 illa
487 2528 889 2586 insidentium
945 2529 1215 2601 agmina,
1246 2531 1346 2586 cel
1360 2531 1518 2600 quod
1531 2529 1675 2602 fuit
1688 2531 2000 2601 peccatum

339 2625 575 2676 eorum?
589 2619 702 2674 Ha
713 2617 861 2674 sunt
873 2617 1216 2675 meretrices
1231 2631 1384 2689 quas
1403 2619 1464 2674 ei
1471 2618 1590 2688 des,
1605 2633 1999 2690 quarumpia-

337 2705 548 2764 millas
575 2704 824 2762 tortines
844 2703 915 2738 ³⁰⁶
939 2705 1205 2762 lacerant
1222 2705 1540 2777 serpentes,
1563 2707 1711 2777 quia
1727 2721 1999 2778 peccare-

337 2793 484 2851 rwnt
513 2806 622 2864 per
633 2806 872 2850 carnem
889 2792 950 2849 et
984 2793 1291 2849 adulteria
1315 2793 1819 2850 adulterarerunt
1833 2809 1999 2866 mag-

337 2897 438 2940 na.
467 2885 538 2938 At
561 2881 692 2937 ille:
717 2881 986 2951 Vecobis,
1002 2897 1032 2937 o
1061 2882 1365 2951 mulieres,
1382 2881 1914 2953 utquidnascendo
1931 2887 1998 2942 in

339 2970 496 3028 hanc
507 2970 697 3028 citam
715 2970 968 3026 uenistis
979 2977 1005 3026 Ρ
1018 2971 1288 3039 Domine,
1303 2969 1591 3026 sedebunt
1609 2971 1708 3028 hic
1717 2973 1997 3044 usquead

327 3059 634 3132 judicium
647 3065 674 3116 ?
687 3059 942 3129 Angelus
963 3079 974 3113 :
999 3060 1146 3116 Dico
1161 3058 1290 3116 tibi.
1307 3061 1643 3118 Remissius
1656 3061 1918 3119 eritillis
1930 3064 1994 3119 in

2104 1908 2438 1965 Scientiam
2449 1921 2564 1963 non
2577 1907 2783 1974 habes;
2798 1907 2888 1964 ha
2898 1908 3040 1965 sunt
3042 1907 3322 1980 fratrum
3339 1909 3570 1966 tuorum
3584 1925 3748 1970 mana

2105 1995 2318 2066 siones,
2333 2009 2489 2068 quas
2499 1995 2640 2052 olim
2653 1995 2763 2052 tibi
2783 1996 2972 2067 juxta
2993 1998 3568 2069 cujusquemeritmn
3579 1999 3746 2057 deno-

2105 2087 2352 2142 minaci.
2379 2087 2448 2142 Et
2471 2085 2878 2153 ille:Domine,
2904 2087 2960 2142 si
2987 2100 3180 2144 mnnes
3191 2085 3472 2144 habemus
3491 2089 3745 2145 mansio-

2105 2181 2244 2233 nes?
2271 2173 2526 2244 Angelus
2549 2193 2561 2228 :
2581 2171 2847 2230 'Habetis
2865 2174 3055 2245 juxta
3075 2189 3249 2246 opera
3268 2175 3482 2232 eesh'a.
3517 2175 3586 2230 Et
3614 2175 3740 2232 ille:

2107 2264 2378 2332 Domine,
2409 2261 2608 2320 adhuc
2636 2261 2933 2320 innotesce
2964 2263 3121 2320 mihi
3147 2264 3218 2320 de
3229 2263 3548 2336 fratribus
3573 2267 3739 2323 meis.

2112 2351 2394 2422 Angelus:
2428 2353 2573 2408 Dico
2606 2350 2751 2418 tibi;
2769 2351 2968 2408 omnia
2995 2353 3088 2426 pis
3107 2353 3280 2422 scire,
3300 2355 3404 2410 sed
3423 2368 3538 2411 non
3551 2355 3740 2425 potes.

2119 2442 2326 2498 Verum
2341 2453 2586 2512 sequere
2603 2453 2712 2496 me.
2753 2439 2911 2504 Veni,
2927 2440 3226 2498 ostendam
3247 2441 3360 2499 tibi
3379 2442 3535 2512 quod
3546 2443 3746 2500 oculus

2105 2544 2222 2587 non
2239 2529 2415 2592 cidit,
2433 2529 2489 2586 el
2508 2530 2682 2586 auris
2693 2542 2807 2585 non
2819 2529 3062 2586 audivit
3077 2530 3137 2585 et
3148 2531 3214 2585 in
3233 2544 3332 2588 cor
3351 2529 3611 2589 hominis
3631 2546 3748 2590 non

2105 2617 2592 2688 ascenditUUor.
2620 2631 2679 2687 ιι,
2706 2618 2780 2687 9).
2809 2620 2889 2673 Ac
2911 2617 3151 2688 proinde
3175 2617 3471 2688 paululum
3494 2621 3748 2678 eminen-

2109 2706 2367 2764 tioribus
2390 2706 2607 2778 spaciis
2622 2707 2940 2778 superatis,
2967 2707 3119 2762 inter
3132 2707 3442 2764 eminentia
3463 2709 3742 2778 ejusmodi

2107 2796 2258 2852 lucis
2273 2799 2329 2850 et
2344 2794 2636 2851 claritatis
2651 2795 3049 2852 constiterunt
3073 2795 3296 2866 fastigia
3315 2813 3328 2861 ;
3347 2796 3443 2852 ubi
3458 2797 3743 2868 quoddam

2107 2886 2272 2955 quasi
2305 2899 2379 2940 ex
2415 2898 2557 2939 auro
2605 2884 2920 2955 purissimo
2951 2883 3201 2940 solidum
3247 2885 3300 2940 in
3352 2885 3582 2942 modum
3618 2902 3748 2960 par-

2105 2973 2360 3030 vissima:
2401 2986 2630 3028 camere
2690 2971 3074 3044 praefulgebat
3129 2971 3505 3046 domicilium,
3566 2976 3746 3031 radiis

2105 3062 2404 3133 perfusum
2463 3061 3000 3130 circumactumque
3065 3061 3516 3134 ﬂammantibus,
3586 3065 3739 3134 quod

338 3145 688 3220 diejudicii.
716 3147 1088 3202 Cuirursus:
1124 3147 1994 3219 Veni,sequereme,ethisqua
2022 3196 2068 3221 η
2102 3164 2532 3221 nonnumquam
2566 3149 2638 3206 ad
2668 3149 2984 3218 cujuslibet
3033 3149 3268 3206 omnino
3313 3193 3324 3206 .
3370 3193 3384 3206 .
3429 3193 3440 3206 .
3487 3194 3500 3206 .
3545 3194 3558 3206 .
3603 3195 3614 3208 .
3663 3196 3676 3208 .
3724 3195 3735 3207 .

349 3196 978 3304 tibimonslrabuntur,
997 3196 1623 3307 diligentiusintende.
1643 3196 1710 3290 iit
1734 3196 1991 3295 ille:1Do-
2021 3196 2070 3260 Ο
2103 3284 2116 3297 .
2162 3281 2174 3295 .
2221 3283 2234 3295 .
2281 3281 2292 3292 .
2339 3196 2411 3296 .Ὶ.
2459 3281 2471 3294 .
2517 3281 2528 3293 .
2576 3282 2588 3294 .
2635 3283 2647 3293 .
2812 3279 2824 3292 .
2871 3239 3082 3295 divinae
3115 3239 3392 3310 potentias
3438 3241 3738 3312 speculum

332 3327 974 3399 mine,quocissequor
995 3325 1066 3382 te.
1094 3324 1985 3396 Acpostpaululumprogressi:
2102 3327 2316 3384 mundo
2357 3372 2370 3384 .
2415 3371 2428 3383 .
2475 3371 2486 3382 .
2533 3371 2544 3384 .
2591 3361 2607 3383 ε
2653 3371 2664 3383 .
2711 3370 2722 3382 .
2772 3371 2784 3383 .
2830 3371 2843 3384 .
2892 3371 2903 3383 .
2949 3371 2960 3383 .
3009 3370 3021 3383 .
3068 3371 3080 3383 .
3127 3372 3139 3384 .
3186 3373 3199 3386 .
3245 3373 3257 3386 .
3303 3372 3315 3385 .
3361 3373 3374 3386 .
3420 3373 3432 3386 .
3477 3330 3740 3388 imitaba-

331 3415 490 3474 Sede
501 3416 618 3486 hic,
651 3415 864 3488 inquit
884 3414 1156 3486 angelus,
1187 3415 1338 3486 quia
1358 3413 1558 3471 adhuc
1578 3415 1778 3472 etalia
1794 3415 1988 3471 multa
2100 3421 2198 3472 tur
2225 3417 2484 3487 globum.
2517 3417 2655 3474 Viso
2677 3418 2787 3474 hoc
2806 3417 3016 3476 divinae
3033 3419 3566 3477 transformationis
3596 3435 3742 3492 prae-

333 3504 584 3562 cidebis.
611 3505 758 3560 Inibi
782 3519 922 3561 vero
953 3503 1288 3560 consistens
1313 3508 1536 3574 patrem
1568 3502 1854 3573 cujusdan
1879 3505 1988 3558 fra-

333 3593 442 3650 tris
474 3593 659 3649 nostri
701 3592 790 3662 ³⁰⁶,
811 3607 979 3664 quem
1005 3593 1187 3664 prima
1201 3592 1350 3648 visio
1375 3591 1986 3662 manifestavit,adhuc

331 3682 558 3752 inignis
590 3685 886 3738 tormento
919 3680 1174 3753 positum
1205 3680 1472 3736 vidit.De
1489 3695 1602 3750 quo
1624 3680 1694 3736 ad
1719 3680 1984 3750 angelum

333 3768 479 3826 dixit
499 3770 950 3839 :Diai,domine,
967 3770 1182 3826 amicis
1192 3769 1808 3839 suis,etpronunciaci
1829 3771 1989 3840 quod

331 3857 762 3916 insolubilibus
792 3858 1031 3930 inferni
1072 3858 1162 3915 sic
1188 3859 1514 3928 puniretur
1544 3857 1988 3928 suppliciis.sed

331 3959 451 4004 non
466 3945 1056 4004 credideruntcerbis
1066 3945 1346 4003 meis.Ubi
1364 3946 1987 4018 etiam,appositisjux-

329 4039 388 4091 ta
405 4033 753 4090 sententiam
787 4049 952 4091 suam
990 4033 1316 4106 suppliciis,
1343 4034 1709 4091 torrentibus
1741 4035 1983 4092 ﬂammis

331 4123 578 4195 quedam
613 4121 1026 4180 involvebatur
1074 4138 1323 4195 persona
1357 4124 1618 4193 cujusvis
1649 4123 1884 4180 honoris
1918 4131 1983 4182 ut

328 4213 641 4270 videbatur
665 4212 862 4284 digna,
878 4228 1006 4283 qua
1026 4212 1334 4270 demonum
1362 4214 1710 4284 quibusdam
1729 4218 1983 4286 potesta-

329 4309 492 4366 tibus
514 4309 751 4380 tradita,
771 4309 987 4379 majora
1022 4324 1255 4382 semper
1277 4312 1602 4380 cogebatur
1619 4312 1818 4368 subire
1850 4328 1982 4384 sup-

327 4405 520 4479 plicia.
550 4405 726 4476 Cujus
741 4421 870 4463 cum
895 4421 1130 4464 causam
1144 4422 1274 4464 cum
1295 4408 1502 4478 angelo
1521 4412 1744 4479 ageret,
1764 4413 1822 4465 et
1847 4409 1978 4481 quis

327 4508 654 4576 quantusve
679 4505 771 4560 hic
809 4520 936 4562 esse
965 4505 1161 4576 potuit
1193 4505 1536 4574 diligentius
1569 4507 1974 4579 investigarct,

326 4603 550 4660 audivit
579 4623 591 4657 :
625 4605 692 4661 Is
721 4603 793 4660 de
819 4617 935 4674 quo
965 4603 1174 4674 queris
1203 4603 1294 4661 est
1320 4603 1612 4662 Sciherus
1637 4607 1748 4678 (95)
1793 4606 1974 4678 dices,

323 4699 553 4758 cunctis
585 4699 804 4771 quibus
821 4699 1058 4772 efulsit
1074 4713 1319 4770 avarus,
1341 4701 1402 4757 et
1421 4701 1576 4759 totus
1595 4716 1729 4760 cere
1747 4703 1980 4762 diaboli

325 4799 492 4862 Illius
503 4817 522 4852 :
538 4799 637 4855 cui
656 4797 906 4868 posthec
925 4797 1116 4854 multa
1129 4812 1263 4870 qua
1273 4799 1442 4856 cideo
1457 4799 1766 4872 tormenta,
1785 4801 1982 4860 multa

323 4893 922 4966 adhucsupersuntet
931 4895 1459 4968 manentfortiora.
1477 4897 1545 4952 Et
1563 4896 1659 4954 ille
1679 4899 1976 4970 :Domine,

326 4991 571 5050 habebit
592 4989 1043 5050 remissionem?
1102 4992 1357 5062 Angelus
1383 5014 1402 5049 :
1434 4996 1582 5052 Dico
1609 4996 1740 5067 tibi,
1776 4997 1984 5056 nullus

323 5090 441 5148 scit
457 5090 581 5148 nisi
627 5089 902 5146 dom-inus
958 5091 1120 5147 Deus
1153 5090 1452 5150 Christus.
1519 5094 1720 5149 Frater
1753 5109 1984 5166 quoque

326 5185 835 5257 suusjuvenculus
857 5186 997 5243 inibi
1023 5187 1209 5246 adhuc
1243 5188 1641 5260 detinebatur,
1688 5191 1840 5261 ignis
1870 5197 1988 5248 tor

325 5280 520 5332 mento
553 5274 907 5348 purgandus,
948 5277 1063 5333 Nec
1115 5291 1228 5334 non
1261 5281 1424 5335 tanta
1456 5279 1753 5337 hominum
1783 5280 1976 5338 multi-

2100 3505 2277 3574 stigio
2320 3547 2332 3560 .
2379 3548 2391 3561 .
2438 3549 2451 3562 .
2496 3549 2508 3561 .
2555 3549 2568 3562 .
2617 3549 2630 3559 .
2676 3549 2689 3562 .
2733 3506 2987 3562 instabat
3034 3506 3223 3578 angeli
3276 3507 3412 3579 quid
3445 3507 3551 3564 hoc
3581 3515 3744 3566 esset

2097 3608 2454 3663 cognoscere
2486 3609 2790 3666 responso.
2814 3595 2915 3650 Cui
2937 3595 3180 3665 angelus
3205 3615 3216 3650 :
3241 3596 3434 3666 Istud,
3459 3611 3490 3652 ο
3511 3599 3737 3666 anima,

2097 3683 2256 3754 quod
2280 3683 2468 3753 vides,
2495 3684 2585 3740 est
2629 3684 3097 3742 secretissimum
3121 3685 3419 3756 quoddam
3437 3685 3745 3743 celestium

2093 3771 2518 3844 mysteriorum
2545 3773 2850 3830 secretum.
2887 3772 3185 3843 Signatum
3215 3773 3392 3830 solvit
3429 3775 3737 3831 verborum

2096 3859 2195 3915 Dei
2219 3859 2605 3932 signaculum,
2642 3865 2699 3916 et
2733 3861 3012 3933 proprius
3046 3861 3353 3932 accedens,
3379 3861 3648 3920 ostiolum
3683 3865 3740 3919 in

2083 3963 2164 4004 -eo
2187 3948 2344 4006 visus
2363 3952 2454 4004 est
2478 3949 2730 4021 aperire,
2765 3965 2896 4006 cum
2923 3966 3036 4021 quo
3089 3956 3287 4008 tantus
3311 3950 3455 4008 odor
3477 3951 3653 4010 exivit
3681 3957 3738 4008 et

2095 4036 2344 4094 liliorum
2384 4053 2767 4108 rosarumque
2801 4039 3105 4109 ﬂagrantia
3139 4041 3273 4112 (97),
3303 4040 3740 4112 utpreciosissi-

2095 4141 2235 4195 mas,
2263 4127 2518 4182 omnium
2543 4131 2865 4184 aromatum
2891 4127 3120 4198 species
3143 4129 3404 4185 vinceret
3429 4134 3486 4185 et
3502 4143 3735 4199 genera.

2091 4214 2274 4284 Hujus
2324 4214 2738 4272 inestimabilis
2767 4215 2973 4272 celesti
3024 4217 3264 4274 visionis
3309 4223 3368 4274 et
3401 4217 3560 4289 pacis
3589 4217 3743 4274 desi-

2091 4303 2278 4374 derio,
2298 4310 2355 4360 et
2382 4303 2754 4360 inestimabili
2792 4305 3064 4377 perennis
3089 4306 3292 4364 letitize
3310 4305 3520 4377 gaudio
3534 4306 3742 4363 multo-

2093 4393 2276 4462 magis
2307 4393 2496 4448 anima
2547 4391 2644 4449 illa
2676 4399 2993 4450 exestuaus
3045 4395 3286 4466 perfrui,
3324 4395 3552 4452 dicebat
3578 4415 3590 4449 :
3621 4396 3735 4453 Do-

2088 4483 2250 4538 mine
2260 4481 2462 4539 sancte
2475 4479 2951 4554 Michael,quam
2963 4485 3158 4541 multa
3171 4483 3270 4542 hic
3285 4484 3464 4542 totius
3459 4484 3740 4556 felecita-

2008 4557 2061 4618 D
2093 4571 2172 4628 tis
2195 4569 2376 4627 bona!
2397 4583 2582 4640 quam
2606 4573 2771 4630 mira
2793 4574 2884 4630 est
2899 4572 3240 4645 inexpertis
3289 4573 3564 4631 suavitas
3581 4573 3738 4631 ista!

2093 4660 2196 4715 Cui
2225 4658 2471 4729 angelus
2501 4677 2514 4712 :
2549 4661 2782 4732 Accede,
2827 4663 3070 4731 anima;
3097 4676 3342 4734 sequere
3369 4677 3478 4734 me,
3518 4663 3658 4720 veni
3682 4661 3744 4719 et

2089 4747 2224 4804 cide
2244 4749 2305 4804 et
2329 4747 2471 4821 lege.
2509 4750 2734 4818 Quibus
2764 4749 2863 4805 ille
2896 4752 3160 4809 intentus
3183 4753 3442 4810 dicebat:
3469 4752 3736 4820 Domine,

2089 4851 2208 4894 non
2230 4851 2469 4908 possum
2499 4839 2708 4912 legere.
2745 4841 2890 4896 Item
2923 4840 3200 4911 angelus:
3229 4843 3389 4912 Vide,
3423 4841 3646 4912 anima,
3681 4847 3744 4897 et

2094 4925 2236 4998 lege.
2273 4928 2342 4982 Et
2374 4927 2472 4984 ille
2504 4948 2516 4982 :
2575 4931 2710 4988 Non
2726 4943 3004 5001 possum,
3035 4932 3291 5001 domine,
3323 4932 3448 4989 nisi
3483 4931 3734 4989 diaeris.

2097 5013 2484 5086 Adbibitaque
2506 5015 2800 5088 paululum
2823 5019 3236 5090 perspicaciori
3250 5019 3547 5076 oculorum
3580 5018 3746 5075 lumi-

2097 5117 2190 5173 ne,
2208 5118 2326 5174 prae
2340 5104 2511 5161 nimia
2539 5121 2648 5177 qua
2664 5106 2975 5164 admodum
2998 5109 3452 5180 resplendebant
3467 5107 3744 5166 claritate

2097 5191 2197 5248 vix
2225 5205 2293 5248 ea
2325 5207 2460 5264 quoe
2489 5193 2597 5250 hoc
2631 5195 2800 5252 modo
2829 5196 3286 5256 continebantur
3317 5197 3626 5270 inscripta,
3662 5197 3744 5253 ita

2087 5283 2284 5352 legere
2300 5286 2563 5354 poterat:
2595 5285 2814 5356 Veniet,
2839 5287 3038 5344 ueniet
3057 5286 3183 5348 dies
3200 5287 3631 5362 Domitianam
3641 5286 3748 5357 fur

1695 5379 1932 5437 VARIIE
1974 5381 2374 5438 LECTIONES.

1921 5521 2147 5581 NOTIE.

393 5443 462 5478 ³⁰⁸
492 5444 766 5502 tortiles?
837 5443 907 5478 ³⁰⁶
931 5448 1318 5522 superscript.
1355 5461 1413 5506 c.-

396 5605 509 5681 (96)
541 5605 1184 5681 Fortasse_Sej_herus?
1221 5609 1303 5666 Cf.
1370 5607 1539 5666 Gesta
1593 5622 1724 5680 opp.
1791 5611 1986 5670 Came-

323 5691 441 5738 rac.
476 5677 741 5752 1,0.121,
779 5676 872 5734 SS.
911 5678 1024 5750 VII,
1059 5694 1115 5752 p.
1157 5681 1291 5738 454.

2172 5610 2284 5684 (97)
2315 5615 2355 5671 I.
2393 5629 2448 5686 (ι.
2479 5611 2816 5687 fragrantia.
