3922 6426
231 362 348 438 237

1485 368 1986 447 CHRONICON.
2019 418 2099 431 --
2125 381 2282 449 LIB.
2327 376 2403 450 II.

3525 395 3643 461 238

230 511 368 574 cito.
403 518 474 574 Et
503 511 732 574 dicebat
769 513 980 585 :Quid,
1015 513 1269 586 domine,
1309 513 1419 586 qui
1459 515 1708 589 facient
1743 517 1883 574 tunc
1916 521 1957 578 Α
1997 519 2304 578 tormentis
2333 521 2394 578 et
2429 521 2691 582 uinculis
2718 523 3020 597 religavit.
3047 525 3185 583 Cum
3236 541 3367 585 mox
3422 531 3638 590 fratres

225 607 568 674 peccatores
593 606 618 660 ?
641 605 745 661 Vel
787 603 1649 676 guotrestantanni,utastare
1675 605 1886 664 debeat

230 707 421 752 novus
431 693 593 752 orbis
604 692 851 750 venturo
863 691 1519 763 unicersorumjudici?
1530 694 1642 766 Etja
1650 695 1877 764 ngelus:

233 781 455 840 Anima
471 781 918 856 legeseguentia
938 779 997 836 et
1027 793 1300 852 cognosce
1328 781 1556 838 cunctis
1594 781 1882 840 intuenti-

236 871 345 929 bus
355 871 741 929 miranda.At
758 868 856 937 illa
872 867 1103 925 litteras
1119 883 1246 940 quae
1265 883 1537 928 numeros
1548 871 1882 943 exprimunt

235 959 466 1030 videns,
501 959 604 1016 sed
629 972 703 1014 ex
725 957 812 1014 eis
834 970 1134 1013 numerum
1179 957 1446 1027 redigere
1504 973 1615 1014 non
1659 959 1877 1031 valens,

236 1051 432 1104 tamen
469 1047 601 1119 quia
633 1046 920 1103 modicum
954 1045 1270 1116 tempusad
1301 1045 1358 1101 id
1397 1061 1580 1117 usque
1635 1047 1882 1104 instaret

237 1135 582 1192 intendebat
616 1135 818 1192 dicens
843 1135 1097 1205 :Etiam,
1113 1134 1364 1204 domine,
1394 1137 1749 1206 paucisunt.
1812 1139 1877 1193 Et

235 1225 482 1296 angelus
507 1245 527 1282 :
557 1224 706 1282 Dico
721 1221 832 1281 tibi
861 1237 978 1280 non
1005 1224 1094 1280 est
1112 1225 1518 1295 amplius;sed
1535 1226 1880 1284 bodiereoe-

233 1314 430 1372 latum
458 1315 550 1372 est
577 1313 688 1371 tibi
700 1327 882 1385 quam
894 1314 963 1370 in
974 1311 1134 1370 brevi
1144 1313 1232 1369 sit
1241 1313 1423 1385 hujus
1433 1315 1792 1387 seculi/ints,
1809 1316 1880 1372 de

232 1418 350 1475 quo
361 1417 478 1461 non
487 1403 605 1460 ulli
617 1403 927 1472 creatura,
941 1415 1058 1459 non
1069 1402 1323 1474 angelis,
1339 1403 1444 1459 sed
1453 1404 1641 1461 solius
1671 1405 1879 1462 estsci-

227 1507 300 1549 re
310 1493 423 1549 Dei
423 1491 790 1564 patris.Sed
800 1491 1198 1562 anima,oeni,
1221 1505 1584 1562 seguereme.
1617 1493 1687 1548 Et
1711 1493 1878 1548 Exin-

233 1583 328 1638 de:
358 1579 766 1653 procedentes,
797 1578 1002 1649 angelo
1033 1577 1190 1636 illam
1215 1583 1450 1636 tenente
1488 1584 1546 1636 et
1580 1581 1872 1654 praeduce,

233 1673 520 1727 venerunt
573 1668 644 1724 ad
667 1673 932 1725 sanctum
980 1669 1238 1738 Petrum,
1293 1667 1538 1740 ejusque
1598 1669 1875 1740 potestati

232 1759 392 1814 illam
425 1757 669 1828 angelus
693 1757 938 1814 tradidit
968 1761 1028 1813 et
1061 1758 1324 1814 recessit.
1353 1757 1460 1824 Qui
1484 1757 1874 1814 vinculiseam

1997 607 2298 665 missarum
2321 616 2684 668 sacramenta
2715 613 3042 684 exibentes,
3069 615 3280 687 spiritu
3302 617 3583 676 redeunte
3607 635 3636 677 a

1991 711 2238 768 corpore
2262 713 2388 770 suo,
2423 699 2640 756 auxilio
2663 701 2898 759 missum
2955 703 3182 761 eminus
3239 705 3387 761 vidit
3435 710 3637 764 venire

1993 786 2262 854 angelum
2295 793 2351 844 et
2387 787 2642 846 clamans
2673 790 2818 846 dixit
2854 793 2932 850 :0
2959 794 3163 850 sancte
3195 793 3470 853 Michael
3502 799 3640 856 veni

1991 875 2242 944 domine,
2258 878 2416 947 oeni,
2431 876 2600 936 testis
2612 879 2732 936 esto
2742 878 2913 950 mibi,
2932 881 3304 951 adjutorium
3320 884 3486 942 tuum
3510 887 3637 945 colo

1992 963 2074 1019 ad
2083 964 2355 1020 sanctum
2373 965 2726 1034 Petrum;et
2750 981 2942 1039 qua/re
2976 983 3086 1039 me,
3127 971 3379 1043 domine,
3423 975 3637 1034 dereli-

1990 1053 2220 1123 quieti?
2239 1051 2340 1108 Cui
2365 1054 2639 1123 angelus:
2671 1057 2953 1114 Voluntas
2991 1057 3235 1116 Domini
3259 1061 3415 1133 fuit.
3467 1063 3630 1134 Veni,

1991 1154 2192 1198 eamus
2208 1141 2292 1198 ad
2301 1144 2571 1200 sanctum
2595 1145 2858 1204 Petrum.
2878 1147 2951 1202 At
2974 1146 3072 1203 ille
3086 1148 3288 1204 videns
3301 1165 3452 1222 eum,
3493 1153 3634 1209 mul-

1991 1229 2627 1300 tiplicesingeminabat
2669 1249 2874 1304 preces
2891 1235 3403 1296 dicens:0sancte
3435 1241 3628 1308 Petro,

1987 1319 2478 1376 misericordiam.
2495 1321 2570 1378 Si
2583 1321 2844 1381 dimittis
2853 1337 2964 1394 me,
2983 1324 3214 1382 domine
3239 1327 3630 1387 stabilitatem

1973 1406 2152 1477 facio
2165 1406 2294 1476 tibi,
2314 1408 2374 1463 et
2377 1410 2666 1480 promitto
2682 1409 2812 1481 tibi,
2815 1425 2930 1483 per
2943 1413 3184 1470 Patrem
3223 1416 3283 1470 et
3314 1417 3542 1474 Filium
3578 1422 3636 1476 et

1985 1495 2289 1566 Spiritum
2302 1497 2592 1569 sanctum,
2609 1500 2759 1570 quia
2765 1501 2905 1572 peni
2913 1501 3160 1559 tentiam
3194 1517 3376 1575 agens
3384 1511 3630 1578 requiro

1975 1584 2314 1654 prasentia
2325 1587 2588 1656 corporis
2603 1586 2692 1644 tui
2705 1587 2960 1645 domum.
2979 1590 3237 1659 Angelus
3259 1612 3269 1646 :
3284 1593 3360 1650 Si
3371 1597 3636 1654 emenda-

1983 1685 2051 1727 re
2065 1670 2274 1730 dabis?
2306 1673 2568 1730 Visenim
2588 1675 2998 1733 dare?Etille:
3033 1679 3198 1747 Volo,
3215 1680 3466 1752 domine,
3481 1685 3624 1742 colo.

1989 1760 2277 1829 Angelus:
2305 1763 2390 1819 Et
2412 1765 2478 1820 in
2499 1764 2607 1822 boc
2618 1766 2776 1836 quod
2775 1768 3118 1836 promisisti
3147 1769 3353 1827 sancto
3400 1773 3580 1830 Petro
3607 1783 3635 1833 Ρ

231 1848 499 1918 alligans,
532 1852 591 1902 et
605 1846 847 1916 exigens
873 1846 1131 1903 debitum
1148 1847 1447 1918 cujusdam
1465 1847 1586 1903 voti
1603 1847 1755 1917 quod
1773 1864 1876 1918 pro
1906 1870 1957 1928 Β
1990 1848 2106 1905 Cui
2122 1850 2230 1906 ille
2259 1869 2270 1904 :
2299 1852 2566 1922 Domine,
2587 1866 2704 1909 non
2701 1854 2846 1926 fuit
2852 1856 3285 1930 potestasmea,
3317 1861 3632 1920 sedcolun-

231 1937 462 1994 reddita
496 1935 817 1994 sanitateiu
836 1935 1096 2005 ejusdem
1124 1936 1876 1993 festivitatisanniversario

230 2027 316 2084 illi
349 2027 563 2084 dudum
590 2025 826 2083 devovit
850 2030 910 2082 et
941 2041 1052 2082 non
1105 2025 1383 2096 reddidit,
1421 2026 1477 2080 in
1539 2025 1669 2082 loco
1725 2025 1876 2095 ejus-

230 2116 385 2173 modi
409 2115 718 2172 tormentis
742 2115 828 2172 sic
878 2114 1130 2170 habilem
1193 2118 1258 2170 ut
1301 2114 1608 2187 puniretur
1649 2114 1870 2185 ligavit.

229 2207 350 2261 Hoc
381 2203 832 2275 equidemmulti
857 2203 1121 2272 ejusdem
1136 2203 1251 2258 loci
1294 2203 1680 2274 incoliecujus
1698 2207 1754 2258 et
1782 2202 1875 2258 hic

231 2293 416 2350 frater
435 2293 570 2349 olim
601 2292 916 2350 canonicus
936 2292 1044 2348 fuit
1069 2297 1378 2358 noverunt,
1425 2293 1578 2363 quod
1641 2291 1874 2348 biennio

225 2387 518 2451 tansacto,
545 2396 676 2438 cum
698 2381 852 2453 apud
867 2381 1247 2452 semetipsum
1273 2381 1343 2437 de
1367 2381 1559 2437 salute
1609 2397 1714 2438 sua
1761 2385 1874 2441 sol-

230 2471 430 2528 licitus
457 2475 516 2526 et
544 2470 686 2540 vita,
739 2469 1659 2540 multaanxiusageretquomodo
1714 2487 1874 2529 mun-

227 2559 364 2616 dum
390 2560 581 2616 exiret
607 2564 667 2614 et
699 2572 760 2614 se
781 2559 891 2615 soli
933 2559 1048 2614 Deo
1093 2559 1364 2614 victurus
1419 2557 1721 2628 alligaret:
1765 2562 1872 2619 hac

228 2647 530 2704 voluntate
555 2652 856 2720 permotus
883 2647 1071 2704 virum
1105 2647 1202 2702 Dei
1229 2647 1284 2702 in
1336 2646 1466 2704 loco
1506 2647 1710 2704 eodem
1729 2650 1868 2706 adiit

227 2743 363 2796 vota
393 2737 660 2794 conferre
692 2751 804 2792 non
847 2735 1100 2804 distulit,
1162 2740 1372 2806 petens
1421 2735 1549 2805 ejus
1601 2737 1866 2809 consilio,

225 2826 462 2883 conscio
492 2831 548 2881 et
582 2830 734 2882 teste
761 2840 955 2882 coram
980 2825 1096 2880 Deo
1127 2839 1189 2880 se
1248 2823 1471 2880 laneam
1531 2841 1644 2882 non
1687 2826 1868 2896 indui,

227 2913 506 2970 carnibus
529 2927 642 2969 non
675 2913 856 2982 vesci,
890 2917 949 2969 et
981 2913 1054 2967 ab
1086 2911 1308 2967 illicitis
1331 2911 1526 2967 mundi
1561 2911 1872 2970 desideriis

228 3002 465 3074 penitus
496 3001 798 3071 abstineri,
833 3001 1009 3071 idque
1045 2999 1198 3056 beati
1223 3000 1382 3056 Petri
1415 2999 1754 3058 testimonio
1780 2999 1873 3056 lir-

227 3090 373 3146 mari
406 3109 420 3157 ;
452 3090 620 3162 cujus
641 3089 933 3146 memoriae
966 3093 1021 3144 et
1055 3088 1420 3144 venerationi
1464 3103 1726 3160 praesens
1744 3091 1870 3146 dies

228 3178 327 3235 ille
351 3183 570 3250 priesto
620 3183 744 3235 erat
771 3178 881 3247 agi.
936 3177 1100 3244 Quod
1135 3182 1192 3233 et
1236 3177 1452 3234 factum
1505 3177 1558 3233 in
1593 3179 1868 3250 praesenti

227 3268 462 3338 quidem
492 3272 606 3338 est,
631 3267 732 3324 sed
759 3265 1126 3338 postmodum
1153 3265 1464 3335 juventute
1503 3265 1784 3322 illiciente
1811 3273 1869 3322 ct
1903 3259 1952 3284 υ

229 3357 530 3414 illecebris
561 3360 893 3426 revocatus,
912 3361 1145 3428 pactum
1170 3355 1314 3412 illud
1340 3359 1525 3412 totum
1540 3357 1867 3427 abnegavit.

230 3446 342 3502 Sed
375 3461 488 3502 non
521 3445 884 3502 illumadhuc
899 3445 1092 3500 divina
1118 3443 1516 3500 misericordia
1533 3444 1867 3516 dereliquit.

229 3537 450 3592 lterum
484 3538 778 3591 remeante
811 3534 966 3590 beati
995 3533 1152 3589 Petri
1177 3533 1498 3590 festivitate
1538 3533 1594 3589 in
1627 3535 1872 3590 maxima

229 3625 646 3697 desperatione
676 3624 813 3680 vitae
846 3622 1191 3680 debilitatus
1212 3625 1301 3678 est
1344 3621 1698 3680 infirmitate.
1763 3624 1873 3680 Sed

231 3728 438 3770 rursus
471 3714 645 3770 beato
667 3713 844 3769 Petro
875 3713 1029 3784 quod
1063 3711 1260 3767 limina
1291 3711 1416 3782 ejus
1453 3712 1720 3768 visitaret
1778 3729 1877 3769 vo-

230 3806 356 3860 tum
391 3803 631 3873 iaciens,
658 3807 1043 3874 recuperatus
1067 3804 1155 3857 est
1171 3800 1429 3872 sanitati,
1455 3807 1514 3856 et
1533 3802 1640 3857 hoc
1663 3801 1874 3858 iterum

229 3907 349 3947 non
382 3891 664 3963 implevit,
697 3895 1035 3962 praeventus
1057 3889 1282 3946 scilicet
1331 3890 1430 3944 Dei
1480 3890 1872 3962 miseratione,

231 3995 365 4052 quae
379 3980 534 4037 hunc
553 3981 625 4037 ad
639 3979 974 4036 monasticae
986 3979 1122 4035 vitae
1147 3977 1417 4049 perduxit
1437 3979 1875 4051 perfectionem,

232 4083 474 4126 suarum
489 4069 564 4125 ob
588 4065 1220 4138 bujusmodiconsciam
1235 4066 1542 4122 veritatem
1573 4067 1877 4138 culparum

230 4171 347 4214 non
379 4157 700 4226 immemor,
733 4171 950 4213 voeens
973 4155 1228 4211 attolens
1259 4155 1317 4211 in
1375 4154 1630 4224 ﬂetibus,
1661 4161 1719 4212 et
1752 4171 1878 4227 spc-

232 4261 372 4304 rans
393 4244 935 4316 quomodocumque
967 4244 1079 4300 sibi
1095 4243 1456 4300 commodum
1490 4243 1609 4298 fore
1624 4243 1671 4299 si
1693 4259 1884 4300 emen-

233 4335 528 4392 dationem
571 4333 960 4406 promitteret,
1002 4331 1320 4388 clamabat:
1365 4333 1411 4388 0
1445 4332 1650 4390 sancte
1682 4333 1879 4404 Pebre,

237 4437 374 4482 mea
404 4424 582 4496 culpa
595 4436 794 4481 coram
811 4421 866 4478 te
878 4422 947 4478 de
947 4422 1403 4494 peccatismeis;
1427 4421 1662 4478 emendo
1701 4422 1885 4478 domi-

239 4524 314 4571 ne
332 4531 360 4583 ,-
385 4513 592 4569 sancte
605 4509 1328 4582 Petre,misericordiam;
1337 4509 1588 4580 domine,
1614 4510 1882 4566 emendo!

1989 1938 2082 1994 tas
2097 1939 2566 1998 domniabbatis.
2589 1943 3059 2002 Etsiemendare
3081 1960 3200 2003 non
3226 1962 3489 2020 possum,
3539 1967 3632 2008 ce-

1983 2027 2150 2083 niam
2167 2026 2266 2084 hic
2277 2027 2514 2098 iterum,
2529 2029 2788 2088 debitum
2803 2033 3067 2092 luiturus
3078 2036 3440 2107 supplicium
3462 2040 3521 2096 et
3547 2055 3631 2097 ec-

1983 2129 2047 2172 ce
2059 2115 2168 2170 tibi
2171 2117 2317 2186 juro
2319 2117 2690 2187 perPau'em
2707 2121 2766 2175 et
2805 2121 3032 2178 Filium
3072 2125 3132 2180 et
3163 2125 3466 2196 Spiritum
3495 2142 3632 2186 san-

1983 2203 2160 2273 ctum,
2175 2205 2264 2261 sic
2283 2207 2587 2263 meomnia
2624 2209 3068 2280 completurum.
3106 2214 3220 2268 Hoc
3261 2215 3338 2269 ita
3369 2216 3625 2288 expleto,

1983 2291 2412 2348 educensillam
2432 2295 2676 2364 angelus
2700 2297 2780 2352 ait
2807 2299 3074 2369 :Anima,
3107 2302 3259 2358 cade
3287 2303 3352 2359 in
3377 2318 3543 2374 pace.

2061 2401 2088 2429 α
2119 2381 2337 2438 Hisita
2355 2383 2581 2454 ﬁnitis,
2599 2399 2728 2442 cum
2741 2386 3118 2445 eodemoerbo
3165 2390 3367 2462 afuit,
3391 2393 3450 2448 et
3473 2395 3636 2452 sicut

1983 2483 2045 2525 eo
2060 2471 2372 2540 ignorante
2384 2473 2833 2545 scripseramus,
2888 2476 2979 2533 ita
3014 2477 3118 2534 bec
3147 2479 3350 2536 eadem
3397 2495 3460 2538 eo
3499 2485 3629 2554 ipso

1977 2557 2346 2629 postmodum
2374 2559 2670 2631 referente
2687 2563 2932 2634 scriptis
2949 2565 3356 2635 ﬁrmavimus.
3377 2571 3620 2626 Amen.»

2057 2645 2200 2715 (Fol.
2235 2647 2538 2718 84.)Anno
2571 2664 2799 2720 quoque
2838 2653 3062 2723 eodem,
3123 2653 3178 2710 id
3229 2661 3316 2712 est
3383 2659 3456 2713 ab
3512 2659 3621 2716 inc.

1983 2733 2140 2788 Dom.
2173 2738 2326 2806 1011,
2363 2735 2659 2804 regiminis
2687 2742 2881 2794 autem
2930 2740 3057 2810 ejus
3094 2756 3144 2798 a.
3206 2748 3258 2799 7.
3320 2745 3626 2804 Heinricus

1982 2835 2132 2876 anno
2165 2822 2324 2892 regni
2351 2823 2440 2880 sui
2462 2829 2494 2880 9
2525 2839 2554 2879 a
2590 2825 2904 2883 Benedicto
2935 2844 3081 2901 papa
3115 2830 3170 2886 in
3214 2832 3622 2904 imperatorem

1983 2915 2284 2982 promotus
2309 2916 2419 2968 est.
2458 2913 2621 2984 [Rom
2659 2915 2830 2972 GLAB.
2863 2933 2926 2973 ιη
2967 2919 3137 2990 prol].
3192 2923 3261 2976 Et
3319 2939 3450 2979 cum
3507 2924 3622 2994 jam

1981 3005 2488 3074 Langobardorum
2505 3007 3190 3071 instabilitasArduinum
3208 3019 3495 3088 quendam
3511 3019 3625 3076 sibi

1981 3107 2175 3162 regem
2206 3109 2238 3150 c
2280 3095 2632 3168 nstituisset,
2655 3098 2891 3156 tandem
2918 3116 3028 3158 non
3091 3103 3217 3160 sine
3257 3121 3459 3177 magna
3494 3123 3626 3164 suo-

1981 3195 2107 3237 rum
2131 3182 2274 3238 cede
2307 3183 2619 3242 subdidere
2644 3201 2706 3244 se
2737 3188 2810 3259 ei,
2845 3193 2904 3244 et
2931 3190 3017 3247 sic
3051 3192 3358 3251 Heinricus
3392 3197 3624 3268 Papiam

1981 3270 2239 3340 veniens,
2273 3273 2345 3327 ab
2376 3273 2462 3329 eis
2493 3273 2622 3329 miri
2654 3277 2850 3347 cperis
2884 3278 3164 3348 palatium
3217 3283 3324 3338 sibi
3359 3285 3624 3340 construi

1985 3359 2140 3414 fecit.
2167 3359 2267 3414 [lic
2299 3359 2474 3415 etiam
2501 3361 2636 3417 fecit
2665 3363 2962 3420 civitatem
3007 3368 3524 3443 Bavcbergensem,
3557 3378 3614 3428 et

1981 3446 2290 3502 ecclesiam
2323 3462 2353 3502 a
2387 3448 2701 3506 Benedicto
2725 3466 2870 3523 papa
2895 3453 3154 3511 dedicari
3179 3457 3452 3529 Optinuit,
3473 3460 3627 3530 ejus-

1985 3549 2096 3606 que
2120 3535 2825 3610 auctoritateopiscopum
2860 3541 2937 3596 ibi
2973 3545 3301 3601 constituit.
3322 3547 3624 3604 Eratenim

1984 3637 2120 3679 vere
2142 3624 2483 3694 catholicus,
2509 3627 3120 3696 etreligionisamator
3135 3633 3483 3706 praecipuus.
3515 3638 3627 3693 Ad-

1985 3715 2228 3770 herebat
2261 3713 2580 3772 moralibus
2609 3716 2902 3772 seniorum
2935 3719 3221 3775 consiliis.
3249 3736 3496 3792 quorum
3525 3740 3626 3796 pu-

1989 3802 2164 3859 ritate
2195 3807 2253 3857 et
2283 3803 2474 3858 nitore
2500 3803 2750 3860 ﬂorebat
2776 3806 3168 3879 Lotharingia,
3187 3809 3629 3870 illuminabatur

1989 3891 2255 3961 Saxonis,
2293 3890 2660 3961 dirigebatur
2691 3894 2897 3950 Suevia
2922 3900 2981 3950 et
3013 3895 3368 3954 Alemannia.
3423 3899 3629 3965 Quam-

1988 3979 2189 4034 obrem
2221 3980 2330 4035 sub
2361 3979 2490 4049 ejus
2519 3980 2764 4052 imperio
2785 3981 2948 4038 salus
2965 3982 3300 4042 fuitmundo
3339 3991 3396 4042 et
3420 3987 3624 4066 gloria.

1990 4068 2148 4122 Inter
2180 4081 2328 4138 quos
2359 4067 2610 4124 habebat
2661 4071 3033 4139 gratissimos
3073 4074 3373 4132 0dilonem
3405 4077 3632 4134 Clunia-

1991 4154 2476 4212 censisaecclesiae
2509 4161 2732 4228 patrem
2766 4159 3108 4233 piissimum,
3134 4163 3486 4222 Willelmum
3543 4167 3632 4220 Di-

1990 4243 2286 4300 vionensis
2314 4243 2598 4300 aecclesize
2653 4252 2941 4304 rectorem
2989 4254 3314 4324 strenuum,
3351 4253 3630 4324 religione

1993 4333 2932 4404 praestantissimum,quietsinon
2964 4344 3131 4394 erant
3170 4341 3240 4398 de
3264 4356 3445 4412 regno
3483 4343 3626 4416 ejus,

1991 4424 2186 4476 tamen
2219 4419 2274 4476 in
2305 4421 2578 4478 amicitiis
2609 4423 2661 4478 ei
2687 4421 3103 4496 jungebantur,
3129 4433 3403 4485 eteorum
3418 4432 3633 4488 oratio-

1995 4508 2170 4564 nibus
2187 4509 2346 4578 regni
2369 4509 2606 4578 negocia
2624 4510 2678 4566 in
2696 4526 2834 4582 pace
2857 4514 3282 4571 tractabantur.
3301 4517 3414 4573 Nec
3428 4519 3628 4576 deerat

241 4599 422 4662 Nulli
450 4599 755 4657 hominum
775 4599 846 4655 de
859 4599 1250 4670 promissione
1269 4597 1532 4656 etsalute
1551 4599 1723 4656 credo
1757 4599 1884 4656 nisi
1912 4585 1964 4646 D
1995 4597 2378 4658 familiaritati
2409 4599 2537 4669 ejus
2568 4598 2888 4656 Pandulfus
2929 4604 3314 4674 Agaunensis,
3351 4606 3439 4661 vir
3490 4609 3630 4678 vita,

241 4689 361 4748 soli
373 4689 624 4747 Domino
645 4705 670 4756 ;
681 4689 950 4759 Domine,
967 4688 1240 4757 emendo;
1253 4687 1310 4744 et
1322 4689 1565 4746 osancte
1599 4679 1880 4757 Michael,

240 4791 434 4850 quare
454 4791 548 4834 me
577 4777 992 4850 dereliquisti?
1005 4777 1225 4834 Pastor
1255 4775 1414 4848 bone,
1455 4778 1658 4834 sancte
1687 4777 1884 4847 Petre,

239 4879 360 4924 non
391 4867 870 4938 diutiuspossum
897 4865 1126 4922 malum
1167 4865 1274 4922 hoc
1300 4867 1612 4923 sustinere.
1667 4865 1888 4924 Sancte

244 4957 445 5025 Petre,
485 4957 772 5028 scioquia
799 4953 965 5012 mala
969 4955 1114 5027 fuit
1146 4955 1433 5026 cogitatio
1483 4970 1656 5025 mea;
1693 4957 1889 5012 tamen

241 5045 380 5104 dini
400 5043 460 5102 et
481 5045 814 5118 confessius
837 5057 972 5102 sum
992 5046 1194 5102 omnia
1222 5045 1423 5102 domno
1450 5044 1676 5102 abbati.

325 5157 346 5188 ι
373 5138 494 5192 Hoc
523 5134 704 5204 dicto,
736 5139 1016 5204 operante
1031 5133 1225 5190 divina
1255 5134 1475 5191 virtute
1497 5138 1556 5190 et
1587 5133 1775 5204 gratia
1791 5134 1888 5190 de-

247 5239 364 5282 nuo
378 5224 628 5298 spiritus
642 5223 714 5280 ad
727 5239 944 5295 corpus
957 5223 1150 5294 rediit,
1173 5224 1458 5294 nobisque
1473 5224 1808 5280 videntibus
1831 5224 1888 5278 in

245 5328 378 5371 eum
411 5312 664 5370 viventis
686 5313 936 5370 hominis
966 5313 1164 5370 vultus
1179 5313 1416 5382 resedit,
1433 5328 1499 5369 ac
1522 5329 1650 5369 mox
1673 5327 1888 5370 vocans

250 5403 471 5460 fratres
493 5417 641 5475 quos
655 5402 886 5460 viderat
899 5417 1030 5458 esse
1053 5406 1398 5475 presentens
1409 5403 1756 5474 colloquens
1775 5403 1884 5459 ait:

244 5491 890 5564 Dilectissimifratres
899 5493 1018 5549 mei
1029 5493 1089 5549 et
1105 5491 1348 5562 domini,
1363 5491 1732 5550 miseremini
1739 5493 1857 5550 mei
1865 5509 1894 5562 ,-

245 5583 415 5642 orate
435 5595 552 5656 pro
572 5595 682 5653 me,
707 5581 857 5654 quia
871 5579 1034 5638 beato
1049 5581 1226 5638 Petro
1237 5582 1483 5640 sanctus
1519 5579 1892 5640 Michaelme

247 5671 526 5743 tradidit,
560 5671 622 5729 et
650 5670 706 5732 is
733 5670 959 5730 solome
977 5668 1186 5748 relicto
1221 5671 1288 5732 in
1302 5671 1416 5730 loco
1453 5669 1616 5738 sicut
1644 5671 1892 5733 cernitis

1995 4688 2276 4758 moribus,
2314 4685 2612 4758 religione,
2641 4689 2958 4747 sanctitate
3007 4689 3446 4764 celeberrimus,
3501 4711 3633 4754 cum

1994 4789 2124 4832 eum
2159 4775 2376 4830 faceret
2405 4774 2923 4832 commendabilem
2959 4777 3079 4848 regi
3135 4784 3193 4834 et
3251 4781 3636 4850 optimatibus

1998 4864 2142 4920 fama
2177 4863 2418 4920 virtutis
2439 4863 2584 4933 ejus.
2622 4865 2693 4918 At
2727 4879 2867 4922 vero
2891 4867 2962 4922 de
2987 4881 3165 4937 regno
3191 4867 3452 4938 ejusfere
3467 4877 3636 4942 quot-

1997 4957 2135 5024 quot
2169 4957 2338 5008 erant
2369 4951 2673 5022 pontifices
2702 4959 2760 5008 et
2785 4955 2954 5026 primi
2987 4956 3408 5029 ecclesiarum,
3461 4964 3550 5016 tot
3581 4961 3634 5016 ei

1996 5049 2160 5098 erant
2184 5041 2557 5098 incitamenta
2581 5043 2892 5114 virtutum,
2917 5061 3046 5100 cum
3075 5045 3194 5116 ipse
3208 5047 3427 5102 eisdem
3453 5051 3636 5104 muni-

1997 5136 2182 5201 retur,
2216 5134 2276 5186 et
2305 5129 2414 5202 ipsi
2439 5132 2564 5187 vice
2596 5147 2762 5188 versa
2795 5131 2922 5201 ejus
2943 5135 3297 5190 auctoritate
3329 5135 3638 5194 abillicitis

2001 5221 2532 5292 reprimerenturet
2564 5219 2635 5276 ad
2651 5221 3000 5292 perfectiora
3045 5229 3523 5294 provocarentur.
3551 5227 3640 5281 In-

1996 5317 2090 5368 ter
2103 5324 2249 5382 quos
2263 5309 2415 5366 hunc
2429 5311 2654 5381 patrem
2671 5314 2932 5366 nostrum
2950 5310 3202 5366 habebat
3244 5312 3636 5384 karissimum,

1999 5399 2154 5456 inter
2169 5399 2500 5472 praecipuos
2511 5398 2832 5468 egregium,
2851 5397 3070 5470 pietate
3089 5401 3543 5471 praedicabilem,
3560 5417 3633 5459 re-

1999 5487 2216 5559 ligione
2243 5487 2762 5545 commendabilem
2788 5505 2804 5554 ;
2837 5502 3007 5558 quem
3021 5492 3185 5546 tanta
3209 5491 3362 5546 Deus
3391 5489 3642 5548 donave-

1999 5583 2092 5634 rat
2121 5576 2378 5634 omnium
2409 5576 2620 5648 gratia,
2646 5581 2708 5634 ut
2749 5575 3092 5649 aplerisque
3113 5593 3219 5649 pro
3269 5578 3472 5635 inolita
3528 5580 3642 5638 sibi

2001 5667 2366 5739 benignitate
2395 5665 2650 5741 vitaeque
2681 5668 2737 5724 et
2771 5666 3056 5726 sermonis
3079 5665 3418 5743 acceptione
3439 5671 3497 5724 et
3526 5681 3641 5749 non
