3922 6396
311 381 426 442 289

1274 378 1644 443 HUGONIS
1685 375 2034 439 ABBATIS
2078 372 2759 438 FLAVINIACENSIS

3601 384 3721 445 240

314 513 518 570 affecta
543 511 830 584 elegantia
857 512 960 569 sed
994 512 1231 584 inpensa
1255 511 1443 582 gratia
1489 511 1599 568 hoc
1645 513 1960 568 vocaretur
1987 509 2041 569 A
2074 506 2296 577 ralitas,
2321 521 2523 563 verum
2538 505 2812 564 Masmelli
2829 512 3063 581 pontem
3077 511 3264 568 eidem
3281 513 3550 586 contulit,
3570 531 3721 578 mer:

312 603 639 673 agnomine,
661 601 940 658 videlicet
971 600 1300 658 Richardus
1331 600 1527 656 Gratia
1575 599 1697 670 Dei,
1723 600 1878 656 sicut
1899 602 1958 655 et

312 697 547 749 sanctus
570 691 737 748 Odilo
761 692 831 749 ab
855 691 1108 761 ingenita
1136 691 1354 762 pietate
1378 690 1534 760 Pius,
1557 696 1615 746 et
1637 688 1960 746 Willelmus

314 798 341 837 a
372 783 566 852 rigore
600 780 972 837 ferventioris
1009 780 1297 852 propositi
1329 780 1511 851 Supra
1538 777 1736 848 regula
1769 778 1962 833 dictus

313 875 419 928 est.
463 873 600 927 Erat
623 875 679 926 et
708 871 762 926 in
795 870 1094 940 regalibus
1127 870 1388 940 negociis
1440 868 1871 941 pertractandis
1901 869 1956 923 et

313 959 696 1032 diSponcndis
719 958 1050 1016 consodalis
1086 959 1216 1030 ejus
1254 958 1501 1015 domnus
1560 957 1962 1014 Ermenfridus

314 1048 695 1105 Virduncnsis
721 1047 1002 1106 arcelesia)
1034 1049 1368 1119 canonicus,
1403 1047 1571 1118 cujus
1593 1047 1709 1103 vita
1726 1050 1958 1102 actuum

311 1138 440 1194 luce
476 1139 620 1195 satis
654 1138 853 1210 sci’psa
886 1137 1271 1194 commendat.
1291 1135 1655 1193 Feliciatunc
1695 1139 1959 1207 tempora

313 1227 693 1284 Virdunensis
716 1226 1021 1296 azcclesize,
1048 1226 1228 1282 tantis
1262 1225 1370 1281 sub
1394 1224 1960 1296 Heimoneepiscopo

312 1316 610 1385 insignita;
643 1315 933 1388 personis,
963 1318 1023 1372 ut
1059 1329 1245 1386 usque
1303 1314 1358 1370 in
1418 1313 1762 1370 hodiernum
1810 1313 1961 1368 diem

312 1408 548 1461 actuum
582 1402 817 1462 illorum
849 1403 1122 1461 claritate
1164 1402 1560 1475 resplendeat,
1606 1418 1734 1473 quae
1785 1402 1960 1457 etiam

312 1496 473 1549 tanta
506 1493 607 1564 sit,
645 1499 707 1549 ut
740 1492 896 1550 nulla
928 1492 1572 1549 vetustateoblitterari
1603 1490 1817 1547 valeat.
1845 1490 1961 1547 Sub

313 1594 381 1637 eo
406 1581 558 1637 enim
585 1582 821 1639 Amicus
854 1580 1546 1653 prmpositusaecclesiam
1579 1583 1795 1637 sanctae
1824 1580 1962 1635 Cru-

312 1670 399 1726 cis
428 1671 784 1740 construxit,
818 1669 981 1727 Dudo
1006 1670 1363 1742 praepositus
1415 1668 1739 1726 aacclesiam
1773 1667 1958 1724 sancti

317 1758 633 1828 Laurentii,
665 1755 1960 1830 Ermcnfridusprzefectusaecclesiamjsanctaa

319 1846 508 1901 Maria:
534 1846 906 1915 Magdalenze,
949 1850 1008 1901 et
1035 1846 1086 1900 in
1135 1861 1198 1901 ca
1257 1846 1667 1901 canonicorum
1708 1848 1956 1900 turmam
1990 1870 2042 1929 Β

318 1933 681 2002 aggregavit,
711 1934 925 2004 quibus
957 1933 1173 1990 victum
1199 1949 1270 1988 ex
1299 1932 1480 2003 regali
1530 1932 1840 2002 largitione
1900 1936 1960 1987 et

319 2036 623 2092 procerum
640 2022 959 2079 traditione
982 2022 1338 2078 sufficienter
1353 2020 1606 2093 providit
1627 2025 1709 2087 ;et
1729 2035 1961 2077 venera-

320 2109 453 2165 bilis
480 2110 803 2167 Riehardus
833 2110 1251 2167 monasterium
1305 2112 1633 2165 sanctorum
1695 2108 1849 2164 Petri
1902 2114 1959 2165 et

317 2198 479 2253 Pauli
513 2199 747 2254 etbeati
780 2199 972 2254 Vitoni
1008 2198 1409 2254 confessorisa
1437 2197 1962 2253 fundamentisere-

316 2291 471 2342 ctum
499 2291 659 2342 tanta
696 2287 749 2343 in
787 2292 1082 2359 posterum
1120 2286 1555 2359 possessionum
1589 2288 1645 2340 et
1665 2285 1963 2355 religionis

321 2374 454 2430 dote
475 2374 703 2445 ditavit,
722 2379 883 2431 tanta
913 2374 1481 2447 reliquaszecclesias
1504 2374 1775 2430 claritate
1800 2374 1963 2429 dota-

320 2462 422 2533 vit,
457 2469 519 2518 ut
556 2463 763 2521 merito
788 2469 954 2537 pater
976 2464 1139 2521 urbis
1161 2462 1258 2520 lux
1282 2462 1507 2535 patriae,
1542 2462 1722 2519 decus
1762 2461 1963 2518 {eccle-

319 2551 417 2607 siae
451 2552 1126 2609 debeatnominari.Vita
1151 2552 1301 2608 enim
1317 2552 1444 2621 ejus
1467 2550 1752 2607 mirabilis
1782 2551 1961 2607 vitam

322 2641 635 2697 multorum
655 2640 975 2697 mirabilem
1001 2641 1255 2697 reddidit
1276 2640 1676 2708 ;conversatio
1690 2639 1816 2708 ejus
1836 2653 1964 2710 spe-

323 2730 557 2786 ctabilis
593 2729 794 2801 plures
816 2728 960 2786 alios
982 2728 1338 2800 spectabiles
1374 2727 1832 2799 bonisoperibus
1882 2728 1964 2783 in-

322 2819 534 2875 stituit.

392 2912 475 2964 16.
508 2907 614 2965 Sed
649 2923 757 2963 ncc
781 2907 906 2980 ipse
937 2906 1183 2964 domnus
1211 2906 1456 2962 Heimoa
1495 2905 1659 2962 bonis
1687 2905 1964 2977 operibus

323 3000 623 3052 vacantem
657 2997 905 3053 animum
939 2996 1211 3067 praebuit,
1244 2995 1377 3066 quin
1412 2995 1610 3066 potius
1639 2994 1963 3050 aecclcsiam

322 3085 503 3141 sancti
534 3085 811 3142 Johannis
836 3085 889 3139 in
925 3075 1512 3156 prcepectucivitatis
1544 3083 1810 3153 sitam,in
1853 3097 1961 3154 qua

322 3174 507 3230 sancti
540 3174 913 3230 confessores
945 3174 1196 3243 Maurus,
1231 3171 1520 3242 Salvinus,
1566 3174 1776 3228 Arator
1810 3172 1967 3243 quie-

320 3268 511 3334 scunt,
548 3262 910 3319 melioratam
936 3260 1312 3331 restauravit,
1336 3264 1394 3317 et
1416 3261 1471 3315 in
1486 3275 1550 3316 ca
1571 3261 1966 3331 congregatio-
1996 3228 2042 3285 Ο

323 3368 448 3408 nem
496 3351 1025 3409 sanctimonialium
1082 3350 1191 3406 sub
1214 3349 1602 3420 dispositione
1649 3349 1833 3421 patris
1872 3350 1965 3405 Ri-

320 3440 521 3497 chardi
566 3438 916 3510 regulariter
931 3437 1247 3495 viventium
1266 3437 1602 3506 instituit,et
1620 3440 1862 3493 matrem
1877 3437 1964 3494 eis

320 3527 569 3584 consilio
584 3527 840 3596 ejusdem
856 3525 1116 3598 providit
1132 3523 1512 3593 Adelbergam
1533 3524 1759 3580 fidelem
1807 3524 1966 3580 Chri-

320 3617 393 3673 sli
411 3615 701 3685 famulam,
737 3629 865 3685 qum
880 3613 1403 3684 cognominabatur
1417 3614 1555 3683 Ava,
1573 3612 1743 3683 cujus
1758 3627 1967 3668 memo-

322 3706 404 3760 ria
422 3709 772 3760 estzeterna.
809 3703 1103 3760 llzeccnim
1146 3701 1448 3772 velutapis
1492 3700 1962 3772 prudentissima,

324 3792 507 3865 patris
534 3792 623 3848 sui
672 3790 1292 3846 formamimitatacum
1309 3789 1382 3843 ob
1406 3787 1666 3860 zeliboni
1710 3788 1967 3845 devotio-

320 3895 448 3936 nem
481 3884 541 3935 et
576 3877 708 3935 fidei
733 3877 1588 3948 magnanimitatemservorum
1630 3877 1728 3934 Dei
1758 3877 1968 3935 lustra-

325 3974 412 4025 ret
439 3967 725 4037 coenobia,
748 3971 812 4024 ut
837 3967 906 4022 ad
941 3981 1144 4023 eorum
1186 3966 1567 4023 imitationem
1608 3965 1969 4025 emularetur

322 4057 635 4113 karismata
665 4055 926 4126 meliora,
963 4054 1298 4112 Cluniacum
1316 4056 1441 4126 ivit,
1459 4060 1518 4112 et
1542 4056 1666 4112 viro
1681 4056 1778 4114 Dei
1796 4057 1968 4113 beato

322 4144 553 4201 Odiloni
582 4142 886 4201 advenisse
904 4144 1198 4216 nunciata,
1215 4145 1389 4217 cujus
1425 4145 1677 4203 animum
1696 4145 1822 4219 ipsa
1843 4160 1970 4219 pos-

323 4232 793 4306 sidebatpietas,
826 4247 955 4290 cum
973 4232 1410 4304 grandiaffectu
1442 4234 1965 4306 susceptaest.Ubi

321 4335 652 4393 quanquam
672 4335 813 4379 usus
840 4321 1126 4380 aacclesiae
1154 4327 1336 4393 esset,
1356 4327 1417 4380 et
1448 4336 1554 4395 pro
1587 4321 1714 4394 lege
1727 4322 1969 4379 habere-

319 4416 436 4481 tur,
463 4414 530 4467 ut
558 4410 819 4468 claustra
853 4411 1193 4470 monasterii
1218 4426 1327 4467 non
1355 4409 1609 4469 calcaret
1635 4425 1739 4484 pes
1768 4410 1970 4468 mulie-

322 4499 461 4570 bris,
488 4499 611 4573 ipsa
647 4514 751 4572 pro
781 4513 881 4558 sua
907 4499 1188 4571 religione
1219 4504 1278 4555 et
1313 4500 1501 4571 patris
1550 4498 1968 4557 Richardicum

322 4593 529 4645 sancto
552 4587 797 4645 Odilone
828 4587 1079 4645 indivisa
1104 4587 1391 4645 dualitate
1420 4602 1533 4643 non
1575 4587 1758 4644 solum
1814 4588 1972 4645 clau-

320 4680 508 4733 strum
541 4676 805 4747 intravit,
840 4691 1043 4733 verum
1073 4677 1252 4732 etiam
1271 4662 1971 4748 capituli'societatemin-

320 4765 519 4838 depta,
543 4770 604 4821 et
634 4764 933 4822 Dominico
948 4765 1042 4822 die
1057 4764 1128 4822 ad
1145 4765 1579 4837 processionem
1613 4781 1743 4822 cum
1779 4765 1971 4821 fratri-

322 4852 429 4909 bus
452 4856 727 4925 suscepta
763 4856 875 4922 est,
912 4854 1063 4924 quod
1096 4867 1282 4923 usque
1313 4853 1489 4909 hodie
1524 4853 1577 4909 in
1618 4853 1820 4911 eodem
1854 4869 1971 4910 mo-

320 4939 578 4996 nasterio
602 4943 903 5011 permanet
936 4938 1292 4996 memoriale.
1322 4939 1449 5010 Egit
1475 4940 1582 4996 hoc
1625 4940 1777 4997 beati
1838 4939 1971 4997 Odi-

320 5024 470 5084 lonis
502 5042 641 5097 erga
676 5027 855 5083 illium
889 5028 1251 5083 carissimum
1297 5032 1354 5084 et
1395 5030 1747 5085 confratrem
1801 5028 1972 5085 devo-

320 5114 612 5172 tissimum
657 5116 905 5172 affectus
946 5118 1313 5189 propensior,
1368 5118 1611 5174 dilectio
1655 5118 1966 5190 profusior,

317 5203 536 5260 caritas
568 5203 639 5261 de
663 5204 763 5260 illo
798 5205 957 5260 fonte
992 5220 1285 5277 cmanans,
1322 5206 1391 5262 de
1428 5221 1544 5276 quo
1578 5210 1755 5264 tantae
1801 5206 1971 5262 nobis

320 5293 703 5363 perfectionis
719 5292 920 5349 alveus
934 5294 1221 5351 dirivatus
1235 5302 1327 5351 est
1344 5295 1493 5350 idem
1511 5293 1785 5351 videlicet
1804 5298 1972 5365 pater

320 5383 543 5449 noster,
578 5381 675 5451 qui
692 5382 861 5437 nobis
884 5397 911 5437 a
931 5383 1100 5438 beato
1114 5385 1316 5440 eodem
1334 5383 1704 5440 donatusest.
1732 5383 1841 5438 Sed
1861 5397 1969 5438 nec

319 5481 456 5536 erga
489 5467 682 5526 locum
703 5467 799 5539 qui
832 5470 1795 5545 praeeratdomniﬂeimonisdefuit
1827 5472 1969 5527 libe-

1995 4372 2050 4434 D

2070 600 2383 666 catumque
2409 594 2463 650 in
2496 596 2782 653 suburbio
2814 597 2909 668 qui
2943 598 3129 655 eidem
3161 603 3432 658 coenobio
3486 603 3716 674 adjacet

2071 684 2395 742 habendum
2410 684 2739 757 constituit,
2759 686 3057 743 in'murnm
3091 688 3145 745 in
3161 689 3415 749 circuitu
3432 698 3719 750 monaste-

2074 773 2143 828 rii
2176 788 2248 829 ex
2276 787 2381 828 suo
2412 772 2676 829 construi
2711 773 2868 829 fecit.
2915 774 3059 846 (Fol.
3095 776 3226 847 84’.)
3271 779 3624 851 Exactisque
3666 781 3718 836 in

2070 862 2416 934 episcopatu
2439 865 2506 917 36
2535 863 2720 933 annis,
2758 863 2902 919 obiit
2959 865 3136 921 2K3].
3186 867 3334 938 Maii,
3393 883 3543 927 anno
3603 870 3713 928 inc.

2070 953 2230 1008 Dom.
2268 953 2408 1007 1024
2435 954 2491 1009 et
2526 952 2796 1024 sepultus
2828 957 2913 1008 est
2949 953 3001 1008 in
3034 954 3299 1011 :ccclesia
3361 972 3530 1027 quam
3590 959 3717 1031 ipse

2070 1042 2422 1097 construxit.
2441 1041 2646 1112 (Gesta
2678 1040 2888 1115 Virri).
2908 1043 2975 1097 Et
2992 1044 3279 1100 successit
3298 1044 3350 1100 in
3368 1046 3711 1119 episcopatu

2069 1130 2438 1200 Rambertus,
2476 1130 2572 1201 qui
2606 1131 2944 1203 smpefatum
2972 1138 3193 1204 patrem
3218 1148 3328 1189 non
3357 1135 3563 1192 minori
3583 1136 3718 1193 affe-

2070 1222 2168 1275 ctu
2202 1217 2405 1291 coluit,
2427 1218 2600 1276 immo
2614 1219 3022 1278 devotionema
3050 1222 3584 1293 praedecessoribus
3611 1225 3716 1281 iui-

2072 1306 2270 1363 tiatam
2305 1313 2365 1363 et
2396 1308 2465 1365 ad
2500 1324 2558 1365 se
2590 1324 2777 1381 usque
2811 1310 3128 1366 derivatam
3165 1311 3254 1383 pia
3273 1312 3715 1371 bonaavolunta-

2071 1396 2150 1452 tis
2163 1396 2469 1453 affectione
2485 1396 2669 1469 auxit,
2684 1398 3026 1469 provexitet
3049 1398 3308 1456 sustulit.
3358 1401 3566 1457 Verum
3603 1417 3711 1458 non

2072 1487 2143 1542 ab
2157 1500 2219 1541 re
2235 1485 2487 1557 videtur,
2509 1486 2556 1543 si
2571 1501 2701 1543 cum
2718 1486 2845 1557 ejus
2864 1484 3197 1558 familiares,
3219 1492 3279 1543 et
3292 1488 3453 1558 regni
3468 1488 3713 1559 gloriam

2072 1589 2200 1646 quae
2223 1575 2332 1630 sub
2348 1574 2475 1647 ipso
2491 1580 2639 1645 erat,
2678 1575 2976 1645 miramur,
2999 1574 3323 1647 etiaquuis
3339 1577 3714 1649 imperatoris

2071 1663 2418 1721 vitzeexitus
2445 1663 2619 1720 fuerit
2672 1664 3022 1721 intueamur.
3083 1664 3247 1736 [Ron.
3306 1665 3477 1722 Gun.
3520 1666 3713 1737 m,1.]

2069 1753 2349 1825 Tempore
2380 1752 2576 1823 itaque
2607 1753 2735 1822 ejus
2768 1768 2871 1809 rex
2894 1754 3220 1824 Ungrorum
3254 1769 3385 1812 cum
3418 1759 3586 1825 gente
3611 1770 3713 1811 sua

2074 1841 2442 1897 Christianus
2476 1840 2664 1897 factus
2679 1846 2790 1898 est.
2812 1841 2911 1897 Cui
2937 1842 3112 1898 etiam
3129 1843 3422 1913 Stephano
3452 1843 3505 1898 in
3532 1843 3717 1914 bapti-

2073 1932 2258 1985 smate
2292 1929 2449 1985 dicto
2470 1944 2801 1999 germanam
2827 1945 2987 1986 suam
3019 1945 3260 1987 uxorem
3284 1930 3465 2000 dedit,
3510 1935 3566 1986 et
3595 1931 3717 2002 ipse

2072 2031 2222 2073 anno
2254 2018 2523 2088 sequenti
2556 2016 2894 2074 infirmitate
2928 2018 3388 2088 ingravescente,
3418 2019 3547 2089 quia
3589 2024 3714 2075 erat

2070 2108 2292 2178 absque
2316 2106 2693 2178 ﬁliis,videns
2722 2108 2854 2178 quia
2881 2106 2953 2162 ad
2981 2107 3453 2177 tegnifastigium
3484 2106 3714 2178 plurimi

2071 2195 2251 2251 duces
2280 2200 2336 2251 et
2360 2195 2984 2267 eomitesaspirabant,
3036 2196 3215 2265 elegit
3250 2196 3573 2252 Conradum
3616 2195 3716 2250 ali-

2073 2284 2303 2354 quando
2338 2284 2445 2340 sibi
2476 2290 2836 2356 suspectum,
2879 2285 2979 2342 sed
3038 2288 3361 2355 strenuum,
3407 2284 3502 2355 qui
3562 2286 3717 2341 Cono

2073 2371 2400 2442 dicebatur,
2426 2377 2484 2428 et
2505 2372 2586 2429 sic
2610 2388 2738 2430 cum
2762 2373 2950 2443 gloria
2984 2373 3128 2429 obiit
3172 2374 3513 2429 monarches
3551 2387 3718 2429 cesar

2072 2466 2359 2531 augustas
2383 2466 2414 2517 3
2447 2462 2583 2519 Idus
2608 2461 2766 2533 Julii,
2799 2476 2869 2518 eo
2899 2461 3175 2518 videlicet
3208 2476 3359 2518 anno
3400 2476 3514 2532 quo
3546 2476 3715 2534 supe-

2074 2549 2198 2605 rius
2212 2553 2551 2607 annotatum
2570 2557 2664 2606 est
2684 2550 3022 2623 episcopum
3037 2549 3367 2605 Heimonem
3384 2549 3627 2606 obiisse.
3648 2552 3719 2604 At

2073 2653 2212 2694 vero
2229 2639 2556 2711 Stephanus
2574 2641 2897 2708 Ungrorum
2913 2637 3379 2709 rex,imminente
3394 2639 3718 2695 vocationis

2076 2740 2197 2783 suae
2217 2731 2477 2800 tempore
2491 2728 2560 2784 ad
2595 2728 2858 2785 coelestia
2883 2732 3183 2797 evocatus,
3200 2742 3351 2783 nunc
3378 2727 3432 2781 in
3450 2727 3714 2783 aacclesia

2077 2829 2186 2886 qua
2223 2817 2540 2887 requiescit
2569 2818 2863 2887 humatus,
2905 2808 3399 2873 miraculisclarct
3420 2817 3710 2886 egregius.

2076 2904 2356 2976 Regnavit
2392 2905 2903 2962 autemHeinricus
2938 2919 2988 2960 a.
3028 2907 3115 2973 24,
3152 2919 3224 2960 m.
3258 2908 3311 2975 6,
3341 2908 3401 2960 et
3424 2906 3723 2961 Conradus

2077 2994 2363 3050 successit
2385 2994 2631 3051 Othonis
2663 2995 2763 3050 Ill.
2798 2993 2954 3050 filius
2984 2993 3073 3063 εθτ,
3110 2993 3206 3064 qui
3233 2993 3459 3065 accepit
3481 3008 3715 3050 uxorem

2076 3081 2314 3153 Gislam,
2349 3082 2578 3140 Rodulfi
2604 3083 2757 3154 regis
2790 3083 3136 3152 Burgundize
3167 3097 3445 3154 sororem,
3469 3083 3714 3139 Conradi

2074 3174 2131 3225 et
2148 3170 2440 3226 Mathildis
2458 3171 2650 3242 filiam,
2668 3171 2739 3227 de
2754 3185 2863 3242 qua
2888 3170 3087 3239 genuit
3110 3171 3347 3226 tertium
3368 3170 3715 3236 Heinricum,

2076 3259 2175 3329 qui
2206 3260 2601 3315 venerabilem
2636 3258 2985 3317 Richardum
3008 3260 3277 3317 abbatem
3317 3259 3470 3315 inter
3502 3260 3719 3331 primos

2076 3346 2276 3419 palatii
2312 3347 2531 3405 habuit.
2571 3350 2732 3421 [iam
2762 3364 2842 3419 m,
2867 3346 2944 3419 2.]
2970 3347 3164 3415 Quoin
3204 3347 3718 3419 temporercbella-

2076 3440 2285 3492 verunt
2314 3442 2516 3493 contra
2556 3438 2876 3494 Robertum
2928 3439 3274 3495 Francorum
3318 3451 3510 3507 regem
3571 3436 3714 3507 Odo,

2075 3524 2308 3582 Tebaldi
2337 3524 2561 3582 fallacis
2597 3526 2768 3597 illius,
2795 3531 2854 3583 et
2882 3525 3227 3596 Willelmus,
3264 3525 3516 3582 Heinrici
3548 3524 3715 3582 ducis

2077 3612 2397 3685 privignus,
2417 3614 2644 3671 favente
2667 3619 2723 3670 et
2750 3617 3016 3671 Brunone
3041 3614 3425 3685 Linguonensi
3442 3614 3717 3685 episcopo

2076 3702 2244 3771 cujus
2266 3703 2320 3758 in
2355 3703 2728 3760 matrimonio
2759 3703 3006 3761 habebat
3038 3718 3323 3774 sororem,
3348 3707 3413 3759 et
3437 3703 3718 3759 Landrico

2077 3790 2418 3848 Nivernensi
2443 3792 2675 3848 comite.
2712 3791 3029 3849 Rainaldus
3056 3806 3196 3848 vero
3245 3806 3440 3848 comes
3489 3790 3715 3862 praefati

2077 3877 2521 3936 Willelmiﬁlius
2552 3894 2814 3937 sororem
2842 3880 3115 3937 Ricbardi
3148 3879 3720 3937 Normannorumdu-

2078 3965 2166 4023 cis
2183 3966 2584 4025 Adhelleidam
2607 3969 2772 4025 duxit
2796 3984 3058 4027 uxorem.
3084 3967 3482 4036 Quividelicet
3504 3967 3721 4023 Willel-

2078 4069 2229 4126 mus,
2266 4054 2406 4112 licet
2438 4057 2682 4128 advena,
2718 4058 3004 4114 intantum
3039 4057 3334 4114 convaluit
3383 4055 3609 4112 divitiis
3663 4059 3715 4111 et

2080 4144 2315 4216 milicia,
2354 4150 2416 4201 ut
2445 4160 2557 4202 non
2581 4146 2949 4202 inveniretur
2998 4145 3049 4202 ei
3083 4144 3381 4202 secundus
3402 4144 3460 4200 in
3509 4143 3715 4216 patria.

2080 4233 2180 4289 Cui
2216 4238 2406 4290 tamen
2434 4232 2744 4306 plurimum
2778 4235 3001 4291 restitit
3050 4236 3214 4306 llugo
3257 4234 3721 4292 Autissiodoren-

2080 4320 2179 4392 sis,
2215 4321 2311 4393 qui
2346 4322 2681 4380 abbicomes
2707 4323 2903 4380 dictus
2935 4327 3046 4394 est,
3071 4324 3242 4394 cujus
3257 4326 3561 4395 cognatam
3580 4321 3721 4377 Con-

2080 4411 2356 4466 stantiam
2391 4410 2685 4468 Robertus
2718 4410 2969 4468 habebat
2994 4427 3258 4468 uxorem.

2154 4498 2314 4570 [lem
2356 4514 2428 4570 IV,
2466 4499 2539 4572 1.]
2573 4504 2661 4556 17.
2687 4500 2873 4570 Igitur
2888 4504 3019 4572 post
3040 4501 3415 4558 Benedictum
3430 4514 3634 4572 papam
3668 4514 3715 4556 a.

2080 4592 2219 4645 1023
2252 4588 2433 4644 frater
2462 4588 2590 4658 ejus
2618 4589 2913 4645 Iohannes
2980 4588 3292 4660 largitione
3332 4588 3595 4661 pecuniae
3653 4601 3718 4643 ex

2080 4676 2269 4735 laicali
2295 4677 2501 4734 ordine
2532 4678 2860 4751 neophytus
2884 4677 3191 4735 ordinatus
3218 4684 3325 4735 est.
3372 4681 3418 4735 Α
3441 4692 3552 4748 quo
3594 4692 3719 4735 cum

2080 4766 2429 4837 requisisset
2461 4766 3149 4839 Constantinopolitanus
3190 4766 3462 4838 antistes,
3507 4773 3570 4823 ut
3625 4781 3720 4828 sua

2080 4856 2347 4912 aecclesia
2373 4855 2526 4912 sicut
2555 4861 2616 4912 et
2637 4858 2891 4913 Romana
2907 4855 3263 4913 universalis
3318 4854 3638 4925 diceretur,
3668 4857 3721 4909 et

2081 4944 2395 5001 doniseum
2420 4945 2830 5015 Romanosque
2863 4944 2962 5016 qui
2995 4945 3175 5002 curim
3226 4947 3517 5017 praeerant
3566 4943 3726 4998 innu-

2080 5032 2258 5089 meris
2279 5033 2562 5103 tlecteret,
2581 5032 2659 5088 ita
2678 5037 2737 5089 ut
2753 5033 3020 5090 clanculo
3035 5038 3389 5105 temptarent
3404 5031 3725 5089 concedere

2081 5121 2236 5192 quod
2298 5120 2635 5190 rogabatur,
2689 5121 2876 5177 omnis
2924 5123 2998 5178 ob
3040 5123 3150 5178 hoc
3207 5119 3722 5177 vehementissime

2081 5214 2368 5264 commola
2397 5212 2486 5265 est
2513 5208 2696 5264 Italia.
2734 5210 2840 5266 Sed
2860 5210 3176 5267 Galliarum
3204 5209 3726 5281 episcopietabba-

2079 5301 2170 5353 tes
2206 5296 2296 5352 his
2324 5296 2560 5353 obviare
2582 5298 2776 5353 conati
2811 5302 2971 5368 sunt,
2999 5299 3231 5368 quidam
3256 5298 3309 5353 in
3336 5311 3585 5368 persona
3603 5309 3721 5361 sua,

2082 5383 2315 5453 quidam
2349 5398 2485 5441 vero
2505 5384 2723 5442 litteris
2745 5385 2943 5442 missis
2978 5386 3175 5441 sedem
3194 5384 3581 5456 apostolicam
3597 5382 3727 5439 visi-

2081 5475 2293 5542 tantes,
2326 5476 2385 5530 et
2415 5476 2645 5531 tantum
2666 5473 3048 5546 obprobrium
3062 5477 3120 5529 et
3135 5471 3723 5530 dedecusauctorita-

1678 5584 1916 5642 VARle
1958 5584 2361 5643 LECTIONES.

387 5664 456 5704 ⁸⁸⁷
486 5668 550 5726 0.
584 5670 677 5744 III,
712 5671 749 5728 f.
783 5672 852 5729 in
876 5673 1151 5745 margine
1179 5673 1436 5731 addita.
