3922 6408
246 410 358 473 241

1504 409 2004 477 CHRONICON.
2036 446 2115 458 —
2145 411 2280 473 LIB
2306 411 2382 473 II.

3538 409 3656 472 242

246 542 406 599 tibus
436 542 509 598 ad
541 543 791 599 medium
823 544 1097 617 prolatis,
1129 546 1341 618 quibus
1372 546 1779 605 contradicere
1806 545 1892 600 fas
1924 543 1977 604 A
2011 546 2260 601 stratum
2293 543 2390 615 sit,
2423 541 2633 613 vulgus
2665 544 2855 598 tamen
2887 540 3166 613 injustum
3201 556 3308 613 pro
3348 543 3518 599 Justo
3562 558 3657 599 ve-

246 644 358 686 non
383 634 558 700 esset,
575 646 605 687 a
628 632 880 688 Romana
908 633 1171 690 aaeclesia
1194 635 1630 706 prepulsantes.
1660 634 1774 689 Nec
1797 632 1894 689 de-

248 718 358 775 fuit
392 718 447 775 in
480 719 571 776 his
619 720 807 792 patris
856 721 1132 778 Richardi
1184 724 1477 781 autentiea
1531 721 1891 795 praesentia:

246 806 419 863 immo
452 808 687 864 omnino
712 810 924 880 sategit
950 816 1013 867 ut
1039 811 1720 885 ConstantinOpolitanea
1748 824 1896 884 prae-

246 896 504 967 sumptio
526 897 830 953 confutata
853 899 1322 970 conquiesceret,
1339 901 1519 956 filium
1544 915 1606 957 se
1625 902 1895 958 Romanae

246 984 552 1056 aecclesize,
571 985 704 1041 dum
725 986 931 1044 matris
946 987 1152 1045 honori
1170 989 1537 1062 providebat,
1556 989 1890 1046 ostendens.

248 1074 441 1147 [ἴδια]
472 1076 632 1130 Inter
662 1073 810 1131 alios
844 1092 1075 1148 quoque
1098 1078 1423 1136 Willelmus
1448 1079 1627 1135 abbas
1649 1079 1896 1136 eximius

245 1163 555 1235 epistolam
587 1179 753 1237 papae
788 1165 945 1221 misit
973 1181 1219 1238 corpore
1246 1168 1502 1244 brevem,
1530 1169 1628 1225 sed
1655 1167 1895 1224 materia

248 1250 543 1320 ingentem
576 1256 633 1307 et
667 1267 934 1309 sermone
982 1252 1356 1327 locupletem,
1391 1270 1561 1328 quam
1611 1256 1702 1313 hic
1748 1255 1898 1312 inse-

246 1354 378 1397 rere
411 1355 524 1397 non
559 1341 747 1412 piguit
784 1361 796 1396 :

319 1430 514 1486 Gratia
550 1429 648 1488 Dei
684 1434 741 1486 et
776 1432 1105 1488 reverentia
1139 1433 1294 1489 beati
1324 1432 1482 1490 Petri
1516 1433 1640 1491 sedi
1675 1433 1728 1489 in
1755 1433 1895 1489 orbe

245 1522 539 1575 terrarum
590 1519 1101 1579 excellentissime
1152 1523 1392 1596 indepto
1444 1537 1605 1595 pilsz
1648 1523 1895 1579 Johanni

245 1606 578 1664 Willelmus
608 1607 678 1641 ³⁰⁸
706 1610 900 1666 crucis
932 1610 1145 1667 Christi
1188 1626 1394 1669 servus
1443 1617 1641 1668 sedem
1687 1612 1894 1682 judicii

245 1711 376 1753 cum
410 1695 695 1769 apostolis
724 1702 781 1754 et
814 1714 1087 1755 coronam
1123 1701 1305 1771 regni.
1345 1700 1603 1772 Magistri
1633 1702 1893 1772 gentium

245 1784 422 1842 dictis
441 1785 810 1858 instruimur,
830 1788 1116 1845 seniorem
1134 1804 1245 1845 non
1261 1789 1893 1862 inerepandum.lsdem

2009 647 2223 690 nerans
2252 631 2307 688 in
2340 646 2445 688 suo
2476 631 2796 704 permansit
2829 644 3031 687 errore
3062 628 3149 687 δυο.

2082 719 2224 789 (Pol.
2256 719 2385 788 85’.)
2420 724 2504 776 18.
2529 720 2651 775 Jam
2687 722 2879 775 autem
2911 718 3099 774 eidem
3133 718 3284 790 patri
3312 719 3525 776 Gratia:
3555 720 3653 779 Dei

2010 807 2373 881 prmlationis
2404 807 2631 864 sarcina
2662 807 2860 878 gravis
2890 806 3222 876 videbatur,
3243 806 3359 877 jam
3393 808 3467 864 ad
3495 814 3655 866 antc-

2009 898 2165 954 riora
2195 897 2491 969 progredi,
2527 896 2887 967 liberiusque
2920 896 3129 953 divina:
3172 895 3652 970 contemplat'oni

2009 984 2278 1041 inherere
2304 984 2566 1054 juvabat,
2602 984 2735 1055 quia
2769 984 2885 1054 jam
2919 983 2972 1039 in
3006 983 3131 1054 ejus
3176 985 3352 1041 corde
3405 986 3655 1045 mundus

2009 1075 2263 1129 aruerat.
2292 1073 2359 1127 Et
2386 1071 2517 1142 quia
2537 1070 2838 1143 quosdam,
2858 1072 3424 1143 quiJherosolymam
3441 1073 3651 1145 ierant,

2011 1162 2181 1218 beate
2213 1160 2269 1216 in
2303 1160 2533 1217 Christo
2564 1160 2916 1217 occubuisse
2957 1162 3286 1231 constabat,
3323 1162 3477 1218 inter
3509 1178 3655 1234 quos

2011 1264 2244 1322 quoque
2276 1249 2562 1321 quendam
2595 1264 2668 1305 ex
2700 1249 3219 1319 Augustudunensi
3246 1250 3546 1308 territorio
3567 1266 3655 1308 sa-

2011 1353 2145 1394 num
2177 1342 2236 1394 et
2266 1342 2536 1408 vegetum
2566 1337 2842 1409 nullaque
2876 1338 3081 1395 mortis
3113 1338 3275 1409 signa
3318 1339 3650 1411 habentem,

2010 1427 2064 1483 in
2100 1426 2231 1484 loco
2264 1427 2360 1484 ubi
2394 1426 2707 1483 novissime
2738 1429 3030 1483 steterunt
3064 1428 3243 1500 pedes
3273 1428 3497 1485 Domini
3521 1443 3652 1485 cum

2009 1522 2256 1587 orasset,
2277 1521 2332 1572 et
2368 1531 2428 1573 se
2461 1516 2756 1590 aZDomino
2778 1516 2994 1588 suscipi
3024 1516 3079 1573 in
3104 1531 3246 1589 pace
3274 1516 3651 1590 postulasset,

2010 1606 2240 1663 modico
2272 1605 2474 1662 dolore
2500 1621 2634 1662 mox
2653 1609 2895 1676 tactum,
2918 1604 3071 1661 domi
3105 1605 3378 1678 relatum,
3402 1622 3653 1678 moxque

2011 1694 2259 1751 relatum
2292 1696 2495 1751 eodem
2531 1694 2584 1750 in
2622 1693 2751 1751 loco
2783 1709 2896 1765 quo
2927 1699 3220 1765 oraverat,
3243 1696 3512 1767 spiritum
3537 1698 3654 1753 Deo

2012 1783 2359 1855 reddidisse,
2395 1787 2555 1839 certa
2598 1784 2743 1839 fama
2788 1781 3130 1853 vulgaverat
3162 1803 3174 1839 :
3209 1787 3405 1841 tactus
3435 1788 3495 1841 et
3525 1784 3653 1856 ipse

246 1878 440 1929 tamen
472 1874 617 1931 alias
649 1875 819 1931 dicit:
851 1876 1073 1934 Factus
1092 1891 1224 1935 sum
1242 1879 1557 1950 insipiens,
1580 1892 1680 1936 eos
1698 1893 1790 1936 me
1808 1893 1896 1936 σο·
1924 1903 1979 1964 Β
2012 1877 2218 1929 saneto
2239 1871 2411 1929 simili
2439 1872 2602 1928 bonae
2626 1870 2955 1927 devotionis
2978 1870 3293 1943 desiderio,
3316 1872 3652 1945 sepulcrum

245 1963 479 2034 egistis.
498 1963 722 2019 Idcirco
746 1964 924 2033 igitur
947 1965 1244 2023 Iiliationis
1269 1966 1567 2037 diligentia
1593 1967 1896 2024 hortamur

242 2067 608 2109 communem
640 2057 899 2110 vestram
933 2055 1372 2127 paternitatem,
1396 2060 1459 2112 ut
1491 2057 1545 2111 in
1570 2072 1684 2113 uno
1709 2057 1897 2114 imite-

245 2140 384 2197 mini
416 2142 808 2212 cogitationes
842 2143 1134 2200 hominum
1168 2143 1571 2216 pervidentem
1603 2146 1895 2203 dominum

248 2228 633 2301 Salvatorem,
654 2234 716 2287 ut
739 2230 949 2287 dicatis
970 2231 1040 2286 ad
1066 2231 1317 2303 aliquem
1342 2232 1527 2303 vobis,
1544 2233 1891 2304 unanimem,

247 2319 733 2389 quemadmodum
757 2323 816 2374 et
840 2319 964 2392 ipse
988 2322 1193 2377 Petro:
1226 2321 1383 2387 Quid
1404 2322 1898 2393 dicuntjtomz'nes

242 2406 317 2462 de
344 2408 478 2463 me?
509 2408 563 2463 Si
595 2422 737 2464 vero
771 2422 1117 2480 responsum
1150 2408 1277 2478 ejus
1305 2424 1376 2465 ex
1410 2409 1521 2465 fide
1556 2409 1897 2482 fuerit,’,ani-

246 2495 598 2551 madvertite
624 2495 879 2567 qualiter
906 2498 1190 2554 senuerit.
1219 2498 1273 2553 Si
1296 2497 1475 2569 clare,
1501 2499 1795 2555 custodite
1825 2516 1895 2556 ne

243 2583 614 2641 obfuscetur.
644 2584 699 2641 Si
720 2598 861 2641 vero
887 2586 1161 2656 obscure,
1188 2584 1289 2643 lux
1314 2587 1511 2643 mundi
1536 2586 1753 2644 oranda
1778 2592 1890 2659 est,

244 2670 503 2742 qualiter
536 2672 614 2728 ita
641 2672 937 2743 fulgeatis,
966 2678 1028 2729 ut
1056 2673 1346 2730 universis
1370 2675 1427 2730 in
1450 2676 1672 2745 gremio
1695 2675 1895 2733 :ecclc-

241 2760 345 2816 sise
362 2760 708 2816 constitutis
722 2760 792 2817 ad
808 2761 957 2817 viam
980 2762 1384 2819 mandatorum
1400 2764 1498 2821 Dei
1514 2764 1892 2834 gradiendam

242 2847 438 2907 lumen
470 2849 803 2919 praebeatis.
829 2849 937 2904 Sed
960 2853 1050 2906 est
1073 2851 1218 2907 fama
1244 2851 1349 2921 rei,
1378 2866 1716 2925 quanuper
1738 2855 1892 2925 apud

239 2950 350 2993 vos
382 2935 620 3006 accidit,
655 2936 725 2992 de
758 2950 869 3007 qua
897 2938 1028 3007 quis
1050 2938 1296 2995 audiens
1327 2938 1372 2995 si
1398 2954 1508 2996 non
1533 2940 1893 2997 scandaliza-

243 3030 362 3095 tur,
397 3024 627 3081 noverit
663 3039 725 3081 se
758 3024 930 3096 longe
961 3028 1032 3083 ab
1066 3042 1262 3083 amore
1294 3043 1548 3100 superno
1580 3028 1887 3102 disparari.

242 3113 524 3180 Quoniam
550 3112 686 3169 licet
710 3118 978 3186 potestas
1003 3116 1242 3172 Romani
1263 3116 1511 3189 imperii,
1530 3133 1658 3189 quae
1673 3118 1809 3174 olim
1834 3120 1888 3175 in

241 3203 386 3259 orbe
420 3206 710 3259 terrarum
740 3203 1084 3262 monarches
1114 3204 1320 3277 viguit,
1348 3221 1500 3263 nunc
1533 3221 1635 3278 per
1658 3207 1888 3265 diversa

240 3296 535 3349 terrarum
567 3291 694 3348 loca
748 3293 1068 3350 innumeris
1101 3299 1342 3364 regatur
1373 3296 1887 3368 sceptrisjligandi

240 3379 625 3450 solvendique
655 3380 709 3435 in
742 3380 893 3437 coelo
923 3385 983 3437 et
1016 3381 1071 3437 in
1120 3386 1278 3438 terra
1313 3384 1889 3456 potestaslincumbit

240 3467 580 3537 magisterio
627 3469 806 3524 Petri.
846 3471 1035 3540 Atque
1088 3469 1307 3527 idcirco
1358 3471 1466 3528 ista
1514 3472 1788 3543 diximus,
1826 3479 1889 3530 ut

240 3556 725 3613 animadvertatis
757 3572 870 3613 non
904 3557 1077 3614 aliter
1118 3560 1331 3617 Grecos
1364 3575 1534 3631 quam
1565 3561 1888 3620 eenodoxia

242 3645 351 3701 hoc
385 3646 538 3716 quod
572 3645 903 3702 audivimus
937 3646 1090 3718 apud
1125 3661 1226 3704 vos
1257 3648 1580 3721 requirere,
1615 3648 1889 3722 impetra-

242 3733 418 3789 visse.
453 3736 531 3790 De
561 3739 764 3790 cetero
797 3748 1031 3806 quoque
1060 3740 1351 3808 optamus,
1379 3738 1464 3794 uti
1496 3739 1887 3796 universalem

240 3821 412 3877 decet
446 3823 792 3893 antistitem,
818 3838 920 3880 vos
944 3823 1140 3881 acrius
1161 3825 1217 3880 in
1241 3827 1613 3898 correptione
1636 3832 1693 3883 et
1718 3828 1889 3885 disci-

241 3910 395 3982 plina
430 3916 644 3968 sanctae
677 3916 737 3967 et
771 3911 1111 3982 apostolica:
1143 3914 1686 3988 zecclesizegvigere,
1720 3921 1889 3974 aeter-

241 4013 429 4069 noque
461 4004 519 4055 et
554 3999 803 4057 feliciter
835 3999 891 4056 in
927 4001 1158 4059 Christo
1206 4001 1421 4059 valere.

314 4088 457 4158 (I-‘ol.
475 4087 587 4160 8:5.)
604 4088 1009 4146 Sicconfutata
1034 4091 1350 4148 Grecorum
1375 4092 1755 4165 praesumptio
1774 4097 1883 4150 est.

245 4177 460 4237 Eodem
494 4191 663 4246 anno,
698 4176 793 4247 qui
827 4182 953 4233 erat
989 4179 1060 4233 ab
1094 4179 1206 4236 inc.
1242 4181 1403 4237 Dom.
1441 4185 1597 4251 1024,
1626 4181 1795 4251 jussu
1829 4187 1887 4238 et

241 4263 600 4321 obmdientia
615 4263 803 4335 patris
824 4265 1120 4338 Riehardi,
1148 4267 1460 4339 Leduinus,
1478 4269 1548 4325 de
1572 4285 1687 4341 quo
1712 4284 1888 4343 supra

242 4352 573 4422 retulimus,
610 4352 889 4425 prmlatus
918 4359 1010 4410 est
1041 4356 1290 4413 abbatiae
1320 4357 1521 4425 sancti,
1560 4359 1813 4415 Vcdasti.

315 4444 477 4517 Anno
510 4447 908 4513 quoqu01027
951 4443 1097 4500 obiit
1149 4446 1462 4503 Fulbertus
1511 4448 1889 4506 Carnotensis

240 4529 575 4603 episcopus,
629 4530 947 4588 indictione
979 4538 1052 4601 7;
1085 4534 1182 4604 qui
1230 4538 1448 4605 quanto
1493 4550 1689 4592 amore
1735 4536 1886 4595 hunc

2011 1961 2236 2017 Domini
2253 1961 2506 2017 invisere
2520 1960 3053 2032 gestiens,qifaesita
3070 1976 3098 2017 a
3117 1962 3377 2033 principe
3390 1966 3448 2017 et
3465 1963 3656 2034 ponti-

2013 2049 2223 2107 ficibus
2240 2051 2519 2121 regnique
2535 2047 2891 2122 primoribus
2904 2053 2961 2104 et
2976 2050 3183 2107 vicinis
3200 2050 3470 2108 fidelibus
3483 2055 3543 2108 et
3556 2051 3654 2108 vix

2011 2142 2253 2211 optenta
2278 2138 2536 2209 licentia,
2558 2137 2873 2194 destinavit
2898 2138 3082 2210 primo
3106 2139 3241 2195 filiis
3263 2139 3571 2211 providere
3594 2145 3653 2197 et

2010 2242 2211 2284 eorum
2234 2227 2289 2282 in
2307 2227 2577 2284 omnibus
2600 2239 2797 2284 curam
2823 2239 3016 2298 agere,
3043 2231 3107 2284 ut
3133 2233 3328 2300 posset
3349 2244 3478 2285 cum
3505 2229 3653 2286 bona

2010 2317 2266 2373 omnium
2319 2316 2630 2373 affectione
2680 2316 3175 2389 peregrinationis
3220 2316 3405 2373 officia
3452 2323 3652 2376 sancta

2010 2406 2335 2478 suscipere.
2375 2407 2576 2477 Itaque
2617 2407 2951 2464 Cluniacum
3000 2406 3125 2477 ivit,
3159 2410 3220 2461 et
3273 2406 3421 2462 sicut
3468 2422 3654 2479 usque
3740 2470 3753 2475 ,

2009 2496 2181 2552 hodie
2213 2494 2268 2550 in
2301 2494 2503 2550 eodem
2537 2494 2805 2552 eoenobio
2835 2498 3025 2552 manet
3051 2493 3402 2566 memoriale,
3428 2500 3652 2567 patrem

2009 2583 2332 2656 piissimum
2368 2587 2635 2641 sanctum
2670 2583 2971 2640 0dilonem
2995 2582 3314 2640 Virdunum
3341 2598 3539 2641 secum
3560 2585 3655 2641 de-

2009 2672 2196 2742 duxit,
2217 2687 2385 2743 quem
2404 2670 2602 2744 plurirr
2621 2672 2668 2728 is
2682 2672 2888 2729 diebus
2911 2686 3105 2728 secum
3128 2671 3403 2743 retinens,
3424 2688 3651 2731 omnem

2006 2762 2059 2818 ei
2095 2760 2429 2818 monasterii
2446 2760 2869 2832 habitudinem,
2895 2775 3086 2818 mores
3108 2764 3167 2817 et
3188 2761 3365 2818 vitam
3390 2762 3652 2818 habitan-

2006 2850 2151 2906 tium
2174 2849 2465 2921 {ostendit,
2494 2850 2718 2921 judicio
2748 2850 2874 2921 ejus
2902 2855 2961 2907 et
2989 2850 3223 2907 tuitioni
3260 2849 3485 2921 singula
3517 2867 3651 2908 con-

2003 2938 2265 3009 tradens,
2291 2944 2350 2995 et
2382 2940 2453 2995 ad
2485 2939 2612 3009 ejus
2640 2938 2947 2996 arbitrium
2978 2939 3247 2996 universa
3272 2939 3576 3009 corrigens
3590 2944 3653 2996 et

2004 3027 2372 3084 confirmans.
2411 3028 2656 3085 Gavisus
2689 3032 2777 3083 est
2815 3034 3007 3085 autem
3041 3028 3097 3083 in
3138 3027 3377 3084 Domino
3410 3032 3651 3085 sanctus

2006 3115 2196 3187 Odilo,
2235 3115 2367 3186 quia
2402 3130 2507 3188 per
2536 3130 2639 3171 eos
2671 3130 2816 3187 quos
2846 3115 2957 3173 sibi
2992 3115 3144 3173 filios
3184 3117 3402 3172 fecerat
3432 3120 3491 3172 et
3523 3115 3651 3173 loco

2005 3204 2331 3275 remiserat,
2366 3205 2596 3261 fructus
2629 3205 2762 3261 boni
2794 3205 2992 3261 odoris
3023 3204 3322 3277 carpebat.
3362 3204 3501 3274 (Fol.
3533 3207 3647 3279 86.)

2006 3292 2109 3348 Ubi
2142 3306 2283 3348 vero
2319 3292 2611 3349 voluntati
2645 3291 2878 3349 illorum
2904 3292 3267 3348 satisfecisse
3293 3293 3645 3363 secredidit,

2001 3380 2336 3437 valedieens
2366 3380 2656 3451 omnibus,
2695 3380 2873 3437 filium
2907 3382 3024 3437 Deo
3058 3380 3493 3452 commendans,
3523 3381 3652 3438 Clu-

2001 3470 2231 3528 niacum
2248 3470 2444 3541 rediit,
2460 3474 2516 3526 et
2534 3470 2603 3526 de
2618 3470 2889 3541 profectu
2907 3468 3362 3527 zecclesiae‘illius
3374 3469 3650 3539 gaudium

2001 3559 2135 3616 filiis
2167 3563 2223 3615 et
2256 3559 2537 3616 fratribus
2568 3558 3048 3616 Cluniacensibus
3076 3558 3323 3615 exibuit.
3358 3559 3646 3614 Referunt

2001 3648 2191 3705 adhuc
2220 3648 2504 3720 moderni,
2531 3648 2627 3719 qui
2652 3647 2962 3704 audierunt
2988 3663 3015 3704 a
3042 3647 3327 3720 patribus,
3356 3647 3486 3719 quia
3512 3662 3652 3719 quo-

2000 3737 2156 3795 tiens
2178 3737 2249 3793 ah
2274 3737 2406 3794 istis
2430 3737 2699 3809 partibus
2717 3736 3179 3807 regrediebatur,
3197 3736 3343 3792 adeo
3359 3751 3421 3792 se
3435 3736 3651 3806 gratio-

2003 3841 2129 3884 sum
2162 3827 2233 3883 de
2267 3826 2458 3897 bonis,
2485 3841 2613 3897 quae
2647 3826 2702 3881 in
2738 3829 2903 3897 patre
2935 3829 3137 3882 nostro
3159 3829 3216 3881 et
3237 3824 3372 3881 ﬁliis
3397 3825 3654 3895 gratula-

2003 3916 2195 3982 batur,
2220 3914 2518 3987 exibebat,
2534 3915 2679 3972 adeo
2702 3929 2803 3972 eos
2823 3913 3319 3971 commendabiles
3342 3914 3647 3984 reddebat,

2000 4009 2067 4062 ut
2088 4009 2319 4077 gratum
2346 4004 2589 4062 haberet
2613 4005 2709 4076 qui
2733 4004 2990 4061 videbat.
3008 4005 3195 4075 Igitur
3215 4004 3435 4076 paratis
3455 4019 3652 4061 neces-

2001 4094 2177 4150 sariis
2193 4093 2548 4165 sumptibus,
2572 4093 2880 4165 dispositis
2904 4093 3010 4149 vite
3033 4092 3369 4163 comitibus,
3386 4092 3652 4149 commis-

2001 4196 2061 4238 sa
2078 4183 2197 4237 Deo
2215 4180 2465 4238 filiorum
2495 4195 2657 4251 cura,
2678 4181 3085 4238 benedictione
3110 4181 3407 4253 pontificis
3430 4185 3490 4237 et
3513 4182 3651 4238 viei-

2001 4284 2207 4325 norum
2226 4268 2566 4340 prmsulum,
2583 4268 2930 4339 optimatum
2946 4283 3177 4340 quoque
3191 4275 3249 4325 et
3264 4270 3515 4325 omnium
3532 4285 3650 4326 om-

2003 4358 2137 4414 nino
2153 4358 2453 4430 postulata
2476 4362 2530 4413 et
2558 4363 2819 4430 accepta,
2846 4358 3199 4414 venerabilis
3224 4365 3390 4430 pater
3414 4360 3649 4415 Richar-

2003 4448 2113 4504 dus
2148 4446 2343 4503 Gratia
2375 4446 2474 4503 Dei
2506 4461 2784 4515 egressus
2824 4451 2917 4502 est
2955 4462 3085 4504 cum
3136 4446 3431 4504 Madelveo
3465 4464 3648 4505 novus

2002 4536 2349 4609 peregrinus
2380 4536 2435 4591 in
2467 4535 2661 4593 cordis
2700 4534 2929 4592 laetitia.
2961 4536 3367 4605 Prosequutus
3398 4541 3487 4592 est
3518 4552 3649 4594 eum

244 4623 471 4692 patrem
532 4623 797 4677 nostrum
841 4620 1134 4694 dilexerit,
1187 4623 1606 4696 experimentis
1654 4625 1887 4698 perplu-
1916 4620 1969 4680 D
2004 4629 2166 4682 totus
2197 4623 2452 4697 populus
2479 4639 2609 4682 cum
2633 4623 2888 4681 lacrimis
2910 4627 2965 4680 et
2987 4624 3186 4695 rugitu
3209 4623 3423 4694 cordis,
3446 4624 3651 4681 dolens

242 4708 406 4767 ribus
444 4714 628 4783 patet.

316 4798 457 4868 (Fol.
492 4798 624 4872 84’.)
657 4803 812 4859 Tunc
844 4800 1130 4873 temporis
1160 4801 1407 4872 contigit
1432 4802 1616 4859 innoti
1636 4816 1767 4860 ossa
1791 4802 1889 4861 ho-

240 4888 415 4945 minis
444 4889 515 4947 de
547 4889 673 4948 loco
704 4890 1107 4961 abjectissimo
1133 4905 1163 4946 a
1189 4892 1438 4962 quodam
1463 4907 1747 4963 mangone
1772 4892 1889 4950 col-

244 4977 398 5035 lecta
430 4983 487 5035 et
545 4979 763 5037 feretro
794 4980 1066 5051 imposita
1121 4980 1242 5051 (fol.
1278 4981 1390 5052 85),
1429 4980 1483 5036 in
1535 4982 1889 5038 monasterio

241 5070 464 5124 sanctae
484 5067 675 5126 Mariae
699 5068 852 5140 apud
877 5068 1139 5125 Scusiam
1164 5070 1272 5126 sub
1298 5070 1526 5127 nomine
1556 5072 1707 5127 Justi
1742 5086 1891 5127 mar-

242 5156 389 5228 tyris
406 5170 437 5212 a
455 5157 771 5215 Mainfredo
795 5158 1127 5215 marehione
1156 5159 1333 5216 fuisse
1352 5161 1630 5232 reposita.
1651 5160 1792 5233 [Iam
1812 5177 1885 5231 iv,

239 5245 317 5317 3.]
351 5245 459 5302 Sed
493 5243 627 5303 licet
662 5245 956 5316 religiosis
989 5246 1046 5303 id
1079 5248 1456 5306 vanissimum
1497 5254 1556 5306 et
1603 5249 1889 5307 stultissi-

242 5349 395 5391 mum
430 5334 610 5392 fuisse
645 5333 844 5393 multis
872 5338 932 5392 et
962 5335 1230 5408 probatis
1263 5336 1631 5397 documentis
1655 5340 1889 5396 demon-

2004 4714 2159 4785 quod
2175 4713 2601 4771 destitueretur
2619 4712 2745 4783 ejus
2764 4712 3099 4785 praesentia,
3118 4727 3287 4783 quem
3305 4727 3424 4769 sum
3441 4712 3651 4771 salutis

2001 4801 2312 4876 praesulem
2345 4803 2599 4873 vitaque
2634 4806 2888 4859 tutorem
2920 4802 3218 4859 credebat.
3246 4801 3407 4868 Quod
3434 4801 3524 4857 vir
3545 4802 3641 4857 Dei

2004 4892 2252 4961 benigne
2266 4891 2601 4961 consolans,
2617 4894 2677 4947 ut
2706 4894 3145 4948 reverterentur
3161 4890 3483 4960 admonuit,
3502 4889 3645 4946 dans

2004 4981 2060 5037 in
2094 4981 2408 5049 mandatis,
2434 4982 2611 5037 Deum
2646 4984 2767 5037 tota
2791 4980 3013 5037 virtute
3036 4979 3301 5051 diligere,
3320 4979 3648 5051 proximum

2002 5069 2292 5141 venerari,
2313 5069 2580 5127 inimicos
2603 5069 2869 5141 diligere,
2894 5069 3201 5127 caritatem
3225 5083 3437 5136 amare,
3458 5067 3651 5140 hospi-

2004 5159 2169 5216 talita
2182 5164 2293 5216 tem
2309 5160 2545 5230 sectari,
2562 5158 2899 5217 elemosinis
2914 5158 3303 5229 intendere,et
3323 5173 3426 5230 pro
3440 5172 3501 5213 se
3518 5157 3651 5214 sibi-

2005 5266 2115 5322 que
2140 5249 2559 5307 comitantibus
2581 5251 2758 5308 Deum
2782 5249 3134 5322 propensius
3150 5262 3415 5304 exorare.
3444 5247 3534 5304 Sic
3560 5262 3649 5304 sa-

2003 5339 2209 5397 lutatis
2242 5339 2528 5412 omnibus,
2551 5337 2912 5397 resalutatus
2932 5352 2962 5394 a
2986 5337 3235 5409 cunctis,
3258 5336 3535 5395 dimissus
3556 5340 3649 5393 est

1601 5509 1839 5567 VARIzE
1882 5510 2076 5566 LECTI
2085 5508 2280 5566 ONES.

307 5626 377 5660 ³⁰⁸
408 5629 496 5705 νγ.
528 5642 577 5686 ο.
620 5699 634 5705 _
657 5627 727 5705 ³9⁸
756 5628 986 5705 Abhinc
1015 5630 1283 5688 ordinem
1309 5630 1691 5705 immutatum
1728 5632 1906 5703 Euge
1941 5634 2011 5691 in
2044 5633 2321 5705 margine
2360 5633 2568 5705 littera
2606 5630 3178 5705 adjectetndicavit
3223 5632 3282 5705 et
3316 5632 3423 5705 [ioc
3459 5633 3600 5689 nota
3632 5652 3645 5688 :

243 5697 571 5756 Secundum
603 5699 1148 5757 determinationem
1180 5708 1240 5759 et
1267 5702 1530 5759 ordinem
1564 5697 1895 5760 litterarum
1926 5709 1987 5761 tu
2022 5697 2254 5775 quoque
2287 5718 2455 5761 serva
2487 5697 2715 5775 legendi
2746 5701 3009 5760 ordinem
3040 5709 3100 5759 et
3131 5702 3538 5775 capitulorum.
