  <div class='ocr_page' id='page_1' title='image "/cluster/home/n/w/nwhite01/storage/ocr_20150623/153-154/uc1.31175019678096/713.png"; bbox 0 0 3922 6400; ppageno 0'>
   <div class='ocr_carea' id='block_1_1' title="bbox 338 448 458 511">
    <p class='ocr_par' dir='ltr' id='par_1_1' title="bbox 338 448 458 511">
     <span class='ocr_line' id='line_1_1' title="bbox 338 448 458 511; baseline 0 0"><span class='ocrx_word' id='word_1_1' title='bbox 338 448 458 511; x_wconf 76' lang='grc'>243</span> 
     </span>
    </p>
   </div>
   <div class='ocr_carea' id='block_1_2' title="bbox 1308 383 2789 511">
    <p class='ocr_par' dir='ltr' id='par_1_2' title="bbox 1308 383 2789 511">
     <span class='ocr_line' id='line_1_2' title="bbox 1308 383 2789 511; baseline -0.006 -2"><span class='ocrx_word' id='word_1_2' title='bbox 1308 442 1674 511; x_wconf 78' lang='grc'><strong>11000018</strong></span> <span class='ocrx_word' id='word_1_3' title='bbox 1715 437 2064 504; x_wconf 80' lang='lat' dir='ltr'>ABBATIS</span> <span class='ocrx_word' id='word_1_4' title='bbox 2107 383 2789 504; x_wconf 71' lang='lat' dir='ltr'>FLAVINIACEblSIS</span> 
     </span>
    </p>
   </div>
   <div class='ocr_carea' id='block_1_3' title="bbox 3631 436 3735 500">
    <p class='ocr_par' dir='ltr' id='par_1_3' title="bbox 3631 436 3735 500">
     <span class='ocr_line' id='line_1_3' title="bbox 3631 436 3735 500; baseline 0.019 -2"><span class='ocrx_word' id='word_1_5' title='bbox 3631 436 3735 500; x_wconf 69' lang='grc'>241</span> 
     </span>
    </p>
   </div>
   <div class='ocr_carea' id='block_1_4' title="bbox 345 571 3740 655">
    <p class='ocr_par' dir='ltr' id='par_1_4' title="bbox 345 571 3740 655">
     <span class='ocr_line' id='line_1_4' title="bbox 345 571 3740 655; baseline -0.002 -16"><span class='ocrx_word' id='word_1_6' title='bbox 345 587 563 655; x_wconf 62' lang='lat' dir='ltr'>optatae</span> <span class='ocrx_word' id='word_1_7' title='bbox 589 580 693 640; x_wconf 69' lang='grc' dir='ltr'><strong>ν110</strong></span> <span class='ocrx_word' id='word_1_8' title='bbox 715 598 843 641; x_wconf 90' lang='lat' dir='ltr'>cum</span> <span class='ocrx_word' id='word_1_9' title='bbox 866 580 1075 654; x_wconf 82' lang='lat' dir='ltr'>gratia,</span> <span class='ocrx_word' id='word_1_10' title='bbox 1104 580 1374 640; x_wconf 89' lang='lat' dir='ltr'>omnibus</span> <span class='ocrx_word' id='word_1_11' title='bbox 1398 578 1726 649; x_wconf 80' lang='lat' dir='ltr'>orantibus,</span> <span class='ocrx_word' id='word_1_12' title='bbox 1752 582 1812 636; x_wconf 86' lang='lat' dir='ltr'>et</span> <span class='ocrx_word' id='word_1_13' title='bbox 1833 574 1985 635; x_wconf 85' lang='lat' dir='ltr'>elata</span> <span class='ocrx_word' id='word_1_14' title='bbox 2020 577 2071 637; x_wconf 75' lang='grc' dir='ltr'><strong>Α</strong></span> <span class='ocrx_word' id='word_1_15' title='bbox 2104 579 2293 636; x_wconf 89' lang='lat' dir='ltr'>accito</span> <span class='ocrx_word' id='word_1_16' title='bbox 2325 575 2538 635; x_wconf 90' lang='lat' dir='ltr'>famulo</span> <span class='ocrx_word' id='word_1_17' title='bbox 2570 582 2630 634; x_wconf 92' lang='lat' dir='ltr'>ut</span> <span class='ocrx_word' id='word_1_18' title='bbox 2658 575 2728 634; x_wconf 88' lang='lat' dir='ltr'>de</span> <span class='ocrx_word' id='word_1_19' title='bbox 2754 575 2913 633; x_wconf 88' lang='lat' dir='ltr'>fonte</span> <span class='ocrx_word' id='word_1_20' title='bbox 2941 572 3049 632; x_wconf 85' lang='lat' dir='ltr'>sibi</span> <span class='ocrx_word' id='word_1_21' title='bbox 3077 571 3334 646; x_wconf 83' lang='lat' dir='ltr'>atl‘erret,</span> <span class='ocrx_word' id='word_1_22' title='bbox 3364 573 3533 647; x_wconf 88' lang='lat' dir='ltr'>cujus</span> <span class='ocrx_word' id='word_1_23' title='bbox 3558 572 3740 648; x_wconf 90' lang='lat' dir='ltr'>perlu-</span> 
     </span>
    </p>
   </div>
   <div class='ocr_carea' id='block_1_5' title="bbox 348 671 1987 743">
    <p class='ocr_par' dir='ltr' id='par_1_5' title="bbox 348 671 1987 743">
     <span class='ocr_line' id='line_1_5' title="bbox 348 671 1987 743; baseline -0.004 -15"><span class='ocrx_word' id='word_1_24' title='bbox 348 672 403 729; x_wconf 89' lang='lat' dir='ltr'>in</span> <span class='ocrx_word' id='word_1_25' title='bbox 437 672 731 730; x_wconf 80' lang='lat' dir='ltr'>excelsum</span> <span class='ocrx_word' id='word_1_26' title='bbox 766 687 907 729; x_wconf 87' lang='lat' dir='ltr'>voce</span> <span class='ocrx_word' id='word_1_27' title='bbox 935 671 1349 742; x_wconf 76' lang='lat' dir='ltr'>clamantibus,</span> <span class='ocrx_word' id='word_1_28' title='bbox 1386 676 1448 728; x_wconf 90' lang='lat' dir='ltr'>ut</span> <span class='ocrx_word' id='word_1_29' title='bbox 1479 671 1987 743; x_wconf 81' lang='lat' dir='ltr'>prOSperaretura</span> 
     </span>
    </p>
   </div>
   <div class='ocr_carea' id='block_1_6' title="bbox 348 760 1990 833">
    <p class='ocr_par' dir='ltr' id='par_1_6' title="bbox 348 760 1990 833">
     <span class='ocr_line' id='line_1_6' title="bbox 348 760 1990 833; baseline -0.004 -16"><span class='ocrx_word' id='word_1_30' title='bbox 348 763 463 818; x_wconf 92' lang='lat' dir='ltr'>Deo</span> <span class='ocrx_word' id='word_1_31' title='bbox 489 762 575 818; x_wconf 92' lang='lat' dir='ltr'>via</span> <span class='ocrx_word' id='word_1_32' title='bbox 599 763 741 832; x_wconf 84' lang='lat' dir='ltr'>ejus.</span> <span class='ocrx_word' id='word_1_33' title='bbox 770 763 1071 833; x_wconf 78' lang='lat' dir='ltr'>Expcnsas</span> <span class='ocrx_word' id='word_1_34' title='bbox 1093 767 1287 818; x_wconf 89' lang='lat' dir='ltr'>autem</span> <span class='ocrx_word' id='word_1_35' title='bbox 1312 761 1419 816; x_wconf 66' lang='lat' dir='ltr'>viae</span> <span class='ocrx_word' id='word_1_36' title='bbox 1444 760 1690 815; x_wconf 82' lang='lat' dir='ltr'>Richard</span> <span class='ocrx_word' id='word_1_37' title='bbox 1704 774 1769 813; x_wconf 89' lang='lat' dir='ltr'>us</span> <span class='ocrx_word' id='word_1_38' title='bbox 1794 771 1990 812; x_wconf 86' lang='lat' dir='ltr'>eomes</span> 
     </span>
    </p>
   </div>
   <div class='ocr_carea' id='block_1_7' title="bbox 347 846 1993 907">
    <p class='ocr_par' dir='ltr' id='par_1_7' title="bbox 347 846 1993 907">
     <span class='ocr_line' id='line_1_7' title="bbox 347 846 1993 907; baseline -0.004 -1"><span class='ocrx_word' id='word_1_39' title='bbox 347 853 809 907; x_wconf 76' lang='lat' dir='ltr'>Normannorum</span> <span class='ocrx_word' id='word_1_40' title='bbox 843 866 1043 907; x_wconf 88' lang='lat' dir='ltr'>omnes</span> <span class='ocrx_word' id='word_1_41' title='bbox 1066 852 1116 907; x_wconf 91' lang='lat' dir='ltr'>ei</span> <span class='ocrx_word' id='word_1_42' title='bbox 1142 849 1435 907; x_wconf 91' lang='lat' dir='ltr'>attribuit.</span> <span class='ocrx_word' id='word_1_43' title='bbox 1464 851 1599 904; x_wconf 85' lang='lat' dir='ltr'>Erat</span> <span class='ocrx_word' id='word_1_44' title='bbox 1625 848 1774 904; x_wconf 87' lang='lat' dir='ltr'>enim</span> <span class='ocrx_word' id='word_1_45' title='bbox 1802 847 1853 901; x_wconf 93' lang='lat' dir='ltr'>in</span> <span class='ocrx_word' id='word_1_46' title='bbox 1878 846 1993 900; x_wconf 83' lang='lat' dir='ltr'>elc-</span> 
     </span>
    </p>
   </div>
   <div class='ocr_carea' id='block_1_8' title="bbox 348 934 1993 1009">
    <p class='ocr_par' dir='ltr' id='par_1_8' title="bbox 348 934 1993 1009">
     <span class='ocr_line' id='line_1_8' title="bbox 348 934 1993 1009; baseline -0.003 -15"><span class='ocrx_word' id='word_1_47' title='bbox 348 940 586 996; x_wconf 90' lang='lat' dir='ltr'>mosinis</span> <span class='ocrx_word' id='word_1_48' title='bbox 612 940 824 1009; x_wconf 78' lang='lat' dir='ltr'>largus,</span> <span class='ocrx_word' id='word_1_49' title='bbox 851 941 1102 996; x_wconf 88' lang='lat' dir='ltr'>caritate</span> <span class='ocrx_word' id='word_1_50' title='bbox 1125 940 1391 1008; x_wconf 69' lang='lat' dir='ltr'>diffusus,</span> <span class='ocrx_word' id='word_1_51' title='bbox 1417 939 1721 994; x_wconf 90' lang='lat' dir='ltr'>honestate</span> <span class='ocrx_word' id='word_1_52' title='bbox 1757 934 1993 1006; x_wconf 59' lang='lat' dir='ltr'>praecla-</span> 
     </span>
    </p>
   </div>
   <div class='ocr_carea' id='block_1_9' title="bbox 350 1025 1993 1102">
    <p class='ocr_par' dir='ltr' id='par_1_9' title="bbox 350 1025 1993 1102">
     <span class='ocr_line' id='line_1_9' title="bbox 350 1025 1993 1102; baseline -0.002 -19"><span class='ocrx_word' id='word_1_53' title='bbox 350 1045 466 1102; x_wconf 81' lang='lat' dir='ltr'>rus.</span> <span class='ocrx_word' id='word_1_54' title='bbox 497 1030 817 1101; x_wconf 85' lang='lat' dir='ltr'>Supersunt</span> <span class='ocrx_word' id='word_1_55' title='bbox 844 1030 1033 1085; x_wconf 86' lang='lat' dir='ltr'>adhuc</span> <span class='ocrx_word' id='word_1_56' title='bbox 1069 1030 1121 1084; x_wconf 93' lang='lat' dir='ltr'>in</span> <span class='ocrx_word' id='word_1_57' title='bbox 1156 1028 1514 1083; x_wconf 88' lang='lat' dir='ltr'>Brittannica</span> <span class='ocrx_word' id='word_1_58' title='bbox 1547 1026 1731 1082; x_wconf 88' lang='lat' dir='ltr'>insula</span> <span class='ocrx_word' id='word_1_59' title='bbox 1765 1029 1824 1079; x_wconf 90' lang='lat' dir='ltr'>et</span> <span class='ocrx_word' id='word_1_60' title='bbox 1856 1025 1993 1079; x_wconf 74' lang='lat' dir='ltr'>Nor-</span> 
     </span>
    </p>
   </div>
   <div class='ocr_carea' id='block_1_10' title="bbox 350 1114 1990 1189">
    <p class='ocr_par' dir='ltr' id='par_1_10' title="bbox 350 1114 1990 1189">
     <span class='ocr_line' id='line_1_10' title="bbox 350 1114 1990 1189; baseline -0.004 -16"><span class='ocrx_word' id='word_1_61' title='bbox 350 1119 574 1173; x_wconf 89' lang='lat' dir='ltr'>mannia</span> <span class='ocrx_word' id='word_1_62' title='bbox 610 1117 837 1175; x_wconf 88' lang='lat' dir='ltr'>nobiles</span> <span class='ocrx_word' id='word_1_63' title='bbox 866 1122 921 1174; x_wconf 87' lang='lat' dir='ltr'>et</span> <span class='ocrx_word' id='word_1_64' title='bbox 959 1118 1186 1189; x_wconf 79' lang='lat' dir='ltr'>probati</span> <span class='ocrx_word' id='word_1_65' title='bbox 1228 1117 1358 1185; x_wconf 86' lang='lat' dir='ltr'>viri,</span> <span class='ocrx_word' id='word_1_66' title='bbox 1386 1116 1483 1186; x_wconf 85' lang='lat' dir='ltr'>qui</span> <span class='ocrx_word' id='word_1_67' title='bbox 1517 1116 1790 1171; x_wconf 86' lang='lat' dir='ltr'>viderunt</span> <span class='ocrx_word' id='word_1_68' title='bbox 1841 1114 1990 1168; x_wconf 87' lang='lat' dir='ltr'>hunc</span> 
     </span>
    </p>
   </div>
   <div class='ocr_carea' id='block_1_11' title="bbox 352 1201 1991 1276">
    <p class='ocr_par' dir='ltr' id='par_1_11' title="bbox 352 1201 1991 1276">
     <span class='ocr_line' id='line_1_11' title="bbox 352 1201 1991 1276; baseline -0.004 -16"><span class='ocrx_word' id='word_1_69' title='bbox 352 1212 573 1276; x_wconf 80' lang='lat' dir='ltr'>patrem</span> <span class='ocrx_word' id='word_1_70' title='bbox 608 1211 874 1263; x_wconf 89' lang='lat' dir='ltr'>nostrum</span> <span class='ocrx_word' id='word_1_71' title='bbox 909 1206 1103 1262; x_wconf 80' lang='lat' dir='ltr'>Gratia</span> <span class='ocrx_word' id='word_1_72' title='bbox 1138 1205 1256 1274; x_wconf 91' lang='lat' dir='ltr'>Dei,</span> <span class='ocrx_word' id='word_1_73' title='bbox 1283 1210 1338 1261; x_wconf 92' lang='lat' dir='ltr'>et</span> <span class='ocrx_word' id='word_1_74' title='bbox 1376 1205 1642 1260; x_wconf 80' lang='lat' dir='ltr'>noverint</span> <span class='ocrx_word' id='word_1_75' title='bbox 1677 1206 1896 1273; x_wconf 91' lang='lat' dir='ltr'>quanto</span> <span class='ocrx_word' id='word_1_76' title='bbox 1921 1201 1991 1255; x_wconf 90' lang='lat' dir='ltr'>ab</span> 
     </span>
    </p>
   </div>
   <div class='ocr_carea' id='block_1_12' title="bbox 347 1290 1991 1365">
    <p class='ocr_par' dir='ltr' id='par_1_12' title="bbox 347 1290 1991 1365">
     <span class='ocr_line' id='line_1_12' title="bbox 347 1290 1991 1365; baseline -0.005 -15"><span class='ocrx_word' id='word_1_77' title='bbox 347 1296 548 1351; x_wconf 90' lang='lat' dir='ltr'>eodem</span> <span class='ocrx_word' id='word_1_78' title='bbox 566 1296 776 1352; x_wconf 86' lang='lat' dir='ltr'>comite</span> <span class='ocrx_word' id='word_1_79' title='bbox 792 1295 1390 1365; x_wconf 82' lang='lat' dir='ltr'>diligebaturaﬂ&#39;eetu.</span> <span class='ocrx_word' id='word_1_80' title='bbox 1411 1296 1454 1349; x_wconf 83' lang='grc' dir='ltr'><strong>Α</strong></span> <span class='ocrx_word' id='word_1_81' title='bbox 1470 1294 1682 1364; x_wconf 88' lang='lat' dir='ltr'>quibus</span> <span class='ocrx_word' id='word_1_82' title='bbox 1700 1305 1804 1347; x_wconf 91' lang='lat' dir='ltr'>nos</span> <span class='ocrx_word' id='word_1_83' title='bbox 1816 1290 1991 1346; x_wconf 89' lang='lat' dir='ltr'>etiam</span> 
     </span>
    </p>
   </div>
   <div class='ocr_carea' id='block_1_13' title="bbox 348 1378 1991 1455">
    <p class='ocr_par' dir='ltr' id='par_1_13' title="bbox 348 1378 1991 1455">
     <span class='ocr_line' id='line_1_13' title="bbox 348 1378 1991 1455; baseline -0.004 -18"><span class='ocrx_word' id='word_1_84' title='bbox 348 1383 455 1440; x_wconf 90' lang='lat' dir='ltr'>ista</span> <span class='ocrx_word' id='word_1_85' title='bbox 501 1384 849 1455; x_wconf 84' lang='lat' dir='ltr'>audivimus,</span> <span class='ocrx_word' id='word_1_86' title='bbox 893 1385 987 1455; x_wconf 91' lang='lat' dir='ltr'>qui</span> <span class='ocrx_word' id='word_1_87' title='bbox 1019 1389 1076 1441; x_wconf 93' lang='lat' dir='ltr'>et</span> <span class='ocrx_word' id='word_1_88' title='bbox 1112 1386 1332 1440; x_wconf 90' lang='lat' dir='ltr'>referre</span> <span class='ocrx_word' id='word_1_89' title='bbox 1365 1382 1519 1439; x_wconf 88' lang='lat' dir='ltr'>soliti</span> <span class='ocrx_word' id='word_1_90' title='bbox 1554 1386 1707 1449; x_wconf 88' lang='lat' dir='ltr'>sunt,</span> <span class='ocrx_word' id='word_1_91' title='bbox 1741 1380 1872 1450; x_wconf 90' lang='lat' dir='ltr'>quia</span> <span class='ocrx_word' id='word_1_92' title='bbox 1908 1378 1991 1433; x_wconf 91' lang='lat' dir='ltr'>sic</span> 
     </span>
    </p>
   </div>
   <div class='ocr_carea' id='block_1_14' title="bbox 349 1471 1995 1541">
    <p class='ocr_par' dir='ltr' id='par_1_14' title="bbox 349 1471 1995 1541">
     <span class='ocr_line' id='line_1_14' title="bbox 349 1471 1995 1541; baseline -0.002 -14"><span class='ocrx_word' id='word_1_93' title='bbox 349 1473 461 1527; x_wconf 86' lang='lat' dir='ltr'>sibi</span> <span class='ocrx_word' id='word_1_94' title='bbox 510 1473 805 1529; x_wconf 88' lang='lat' dir='ltr'>individua</span> <span class='ocrx_word' id='word_1_95' title='bbox 855 1472 1171 1530; x_wconf 81' lang='lat' dir='ltr'>dilectione</span> <span class='ocrx_word' id='word_1_96' title='bbox 1226 1471 1608 1541; x_wconf 88' lang='lat' dir='ltr'>adherebant,</span> <span class='ocrx_word' id='word_1_97' title='bbox 1648 1473 1706 1525; x_wconf 94' lang='lat' dir='ltr'>ut</span> <span class='ocrx_word' id='word_1_98' title='bbox 1754 1473 1995 1540; x_wconf 87' lang='lat' dir='ltr'>putares</span> 
     </span>
    </p>
   </div>
   <div class='ocr_carea' id='block_1_15' title="bbox 352 1559 1685 1631">
    <p class='ocr_par' dir='ltr' id='par_1_15' title="bbox 352 1559 1685 1631">
     <span class='ocr_line' id='line_1_15' title="bbox 352 1559 1685 1631; baseline -0.002 -16"><span class='ocrx_word' id='word_1_99' title='bbox 352 1576 517 1616; x_wconf 90' lang='lat' dir='ltr'>unam</span> <span class='ocrx_word' id='word_1_100' title='bbox 552 1562 797 1617; x_wconf 89' lang='lat' dir='ltr'>animam</span> <span class='ocrx_word' id='word_1_101' title='bbox 832 1561 1058 1618; x_wconf 89' lang='lat' dir='ltr'>duobus</span> <span class='ocrx_word' id='word_1_102' title='bbox 1092 1563 1287 1617; x_wconf 90' lang='lat' dir='ltr'>inesse</span> <span class='ocrx_word' id='word_1_103' title='bbox 1322 1559 1685 1631; x_wconf 83' lang='lat' dir='ltr'>corporibus.</span> 
     </span>
    </p>
   </div>
   <div class='ocr_carea' id='block_1_16' title="bbox 426 1645 1995 1721">
    <p class='ocr_par' dir='ltr' id='par_1_16' title="bbox 426 1645 1995 1721">
     <span class='ocr_line' id='line_1_16' title="bbox 426 1645 1995 1721; baseline -0.004 -16"><span class='ocrx_word' id='word_1_104' title='bbox 426 1654 503 1705; x_wconf 83' lang='grc'>19.</span> <span class='ocrx_word' id='word_1_105' title='bbox 525 1650 779 1721; x_wconf 89' lang='lat' dir='ltr'>Optabili</span> <span class='ocrx_word' id='word_1_106' title='bbox 804 1666 944 1719; x_wconf 85' lang='lat' dir='ltr'>ergo</span> <span class='ocrx_word' id='word_1_107' title='bbox 967 1649 1437 1721; x_wconf 84' lang='lat' dir='ltr'>peregrinatione</span> <span class='ocrx_word' id='word_1_108' title='bbox 1460 1651 1759 1717; x_wconf 89' lang='lat' dir='ltr'>suscepta,</span> <span class='ocrx_word' id='word_1_109' title='bbox 1777 1645 1864 1701; x_wconf 88' lang='lat' dir='ltr'>vir</span> <span class='ocrx_word' id='word_1_110' title='bbox 1888 1647 1995 1699; x_wconf 87' lang='lat' dir='ltr'>Do-</span> 
     </span>
    </p>
   </div>
   <div class='ocr_carea' id='block_1_17' title="bbox 349 1735 1992 1808">
    <p class='ocr_par' dir='ltr' id='par_1_17' title="bbox 349 1735 1992 1808">
     <span class='ocr_line' id='line_1_17' title="bbox 349 1735 1992 1808; baseline -0.003 -16"><span class='ocrx_word' id='word_1_111' title='bbox 349 1738 485 1793; x_wconf 88' lang='lat' dir='ltr'>mini</span> <span class='ocrx_word' id='word_1_112' title='bbox 544 1738 872 1794; x_wconf 86' lang='lat' dir='ltr'>Ricbardus</span> <span class='ocrx_word' id='word_1_113' title='bbox 927 1739 1334 1808; x_wconf 81' lang='lat' dir='ltr'>septingentos</span> <span class='ocrx_word' id='word_1_114' title='bbox 1399 1735 1741 1806; x_wconf 84' lang='lat' dir='ltr'>peregrinos</span> <span class='ocrx_word' id='word_1_115' title='bbox 1798 1749 1992 1789; x_wconf 83' lang='lat' dir='ltr'>secum</span> 
     </span>
    </p>
   </div>
   <div class='ocr_carea' id='block_1_18' title="bbox 350 1823 1995 1897">
    <p class='ocr_par' dir='ltr' id='par_1_18' title="bbox 350 1823 1995 1897">
     <span class='ocr_line' id='line_1_18' title="bbox 350 1823 1995 1897; baseline -0.002 -18"><span class='ocrx_word' id='word_1_116' title='bbox 350 1825 513 1881; x_wconf 86' lang='lat' dir='ltr'>duxit</span> <span class='ocrx_word' id='word_1_117' title='bbox 541 1826 674 1897; x_wconf 85' lang='lat'>(98),</span> <span class='ocrx_word' id='word_1_118' title='bbox 702 1826 915 1895; x_wconf 87' lang='lat' dir='ltr'>quibus</span> <span class='ocrx_word' id='word_1_119' title='bbox 944 1840 1015 1880; x_wconf 80' lang='lat' dir='ltr'>ex</span> <span class='ocrx_word' id='word_1_120' title='bbox 1048 1824 1303 1896; x_wconf 89' lang='lat' dir='ltr'>propriis</span> <span class='ocrx_word' id='word_1_121' title='bbox 1334 1824 1592 1880; x_wconf 88' lang='lat' dir='ltr'>subsidia</span> <span class='ocrx_word' id='word_1_122' title='bbox 1625 1823 1819 1879; x_wconf 86' lang='lat' dir='ltr'>victus</span> <span class='ocrx_word' id='word_1_123' title='bbox 1843 1823 1995 1878; x_wconf 84' lang='grc'><strong>80111-</strong></span> 
     </span>
    </p>
   </div>
   <div class='ocr_carea' id='block_1_19' title="bbox 2102 662 3732 738">
    <p class='ocr_par' dir='ltr' id='par_1_19' title="bbox 2102 662 3732 738">
     <span class='ocr_line' id='line_1_19' title="bbox 2102 662 3732 738; baseline 0 -14"><span class='ocrx_word' id='word_1_124' title='bbox 2102 670 2225 725; x_wconf 87' lang='lat' dir='ltr'>eida</span> <span class='ocrx_word' id='word_1_125' title='bbox 2245 669 2515 725; x_wconf 78' lang='lat' dir='ltr'>claritate</span> <span class='ocrx_word' id='word_1_126' title='bbox 2539 668 2868 724; x_wconf 88' lang='lat' dir='ltr'>delectatus</span> <span class='ocrx_word' id='word_1_127' title='bbox 2886 670 3034 736; x_wconf 88' lang='lat' dir='ltr'>erat,</span> <span class='ocrx_word' id='word_1_128' title='bbox 3051 663 3369 722; x_wconf 86' lang='lat' dir='ltr'>admonuit.</span> <span class='ocrx_word' id='word_1_129' title='bbox 3390 662 3491 721; x_wconf 87' lang='lat' dir='ltr'>Ille</span> <span class='ocrx_word' id='word_1_130' title='bbox 3507 665 3732 738; x_wconf 83' lang='lat' dir='ltr'>vadens,</span> 
     </span>
    </p>
   </div>
   <div class='ocr_carea' id='block_1_20' title="bbox 2102 754 3731 831">
    <p class='ocr_par' dir='ltr' id='par_1_20' title="bbox 2102 754 3731 831">
     <span class='ocr_line' id='line_1_20' title="bbox 2102 754 3731 831; baseline -0.003 -16"><span class='ocrx_word' id='word_1_131' title='bbox 2102 774 2172 815; x_wconf 70' lang='lat' dir='ltr'>ex</span> <span class='ocrx_word' id='word_1_132' title='bbox 2205 774 2352 831; x_wconf 89' lang='lat' dir='ltr'>aqua</span> <span class='ocrx_word' id='word_1_133' title='bbox 2386 759 2563 815; x_wconf 87' lang='lat' dir='ltr'>fontis</span> <span class='ocrx_word' id='word_1_134' title='bbox 2608 772 2747 813; x_wconf 84' lang='lat' dir='ltr'>vase</span> <span class='ocrx_word' id='word_1_135' title='bbox 2800 756 3056 828; x_wconf 88' lang='lat' dir='ltr'>impleto,</span> <span class='ocrx_word' id='word_1_136' title='bbox 3092 755 3218 811; x_wconf 86' lang='lat' dir='ltr'>viro</span> <span class='ocrx_word' id='word_1_137' title='bbox 3260 754 3357 810; x_wconf 87' lang='lat' dir='ltr'>Dei</span> <span class='ocrx_word' id='word_1_138' title='bbox 3391 755 3731 825; x_wconf 86' lang='lat' dir='ltr'>prepinavit.</span> 
     </span>
    </p>
   </div>
   <div class='ocr_carea' id='block_1_21' title="bbox 2103 843 3736 915">
    <p class='ocr_par' dir='ltr' id='par_1_21' title="bbox 2103 843 3736 915">
     <span class='ocr_line' id='line_1_21' title="bbox 2103 843 3736 915; baseline -0.002 -12"><span class='ocrx_word' id='word_1_139' title='bbox 2103 847 2213 904; x_wconf 91' lang='lat' dir='ltr'>Sed</span> <span class='ocrx_word' id='word_1_140' title='bbox 2246 852 2311 905; x_wconf 91' lang='lat' dir='ltr'>ut</span> <span class='ocrx_word' id='word_1_141' title='bbox 2338 863 2441 903; x_wconf 89' lang='lat' dir='ltr'>vas</span> <span class='ocrx_word' id='word_1_142' title='bbox 2472 847 2556 903; x_wconf 91' lang='lat' dir='ltr'>ori</span> <span class='ocrx_word' id='word_1_143' title='bbox 2591 844 2869 913; x_wconf 84' lang='lat' dir='ltr'>admovit,</span> <span class='ocrx_word' id='word_1_144' title='bbox 2906 859 3112 915; x_wconf 90' lang='lat' dir='ltr'>aquam</span> <span class='ocrx_word' id='word_1_145' title='bbox 3157 843 3211 898; x_wconf 93' lang='lat' dir='ltr'>in</span> <span class='ocrx_word' id='word_1_146' title='bbox 3244 843 3439 899; x_wconf 90' lang='lat' dir='ltr'>vinum</span> <span class='ocrx_word' id='word_1_147' title='bbox 3469 844 3736 900; x_wconf 85' lang='lat' dir='ltr'>Dominus</span> 
     </span>
    </p>
   </div>
   <div class='ocr_carea' id='block_1_22' title="bbox 2107 930 3736 1002">
    <p class='ocr_par' dir='ltr' id='par_1_22' title="bbox 2107 930 3736 1002">
     <span class='ocr_line' id='line_1_22' title="bbox 2107 930 3736 1002; baseline -0.002 -13"><span class='ocrx_word' id='word_1_148' title='bbox 2107 936 2354 991; x_wconf 87' lang='lat' dir='ltr'>mirabili</span> <span class='ocrx_word' id='word_1_149' title='bbox 2388 936 2607 991; x_wconf 89' lang='lat' dir='ltr'>virtute</span> <span class='ocrx_word' id='word_1_150' title='bbox 2631 934 2945 999; x_wconf 88' lang='lat' dir='ltr'>convertit,</span> <span class='ocrx_word' id='word_1_151' title='bbox 2972 938 3030 988; x_wconf 90' lang='lat' dir='ltr'>et</span> <span class='ocrx_word' id='word_1_152' title='bbox 3055 932 3142 988; x_wconf 89' lang='lat' dir='ltr'>sic</span> <span class='ocrx_word' id='word_1_153' title='bbox 3167 931 3263 1002; x_wconf 90' lang='lat' dir='ltr'>qui</span> <span class='ocrx_word' id='word_1_154' title='bbox 3288 946 3495 1001; x_wconf 89' lang='lat' dir='ltr'>aquam</span> <span class='ocrx_word' id='word_1_155' title='bbox 3518 930 3736 987; x_wconf 90' lang='lat' dir='ltr'>deside-</span> 
     </span>
    </p>
   </div>
   <div class='ocr_carea' id='block_1_23' title="bbox 2105 1018 3735 1094">
    <p class='ocr_par' dir='ltr' id='par_1_23' title="bbox 2105 1018 3735 1094">
     <span class='ocr_line' id='line_1_23' title="bbox 2105 1018 3735 1094; baseline -0.003 -14"><span class='ocrx_word' id='word_1_156' title='bbox 2105 1032 2355 1094; x_wconf 83' lang='lat' dir='ltr'>raverat,</span> <span class='ocrx_word' id='word_1_157' title='bbox 2392 1025 2585 1079; x_wconf 88' lang='lat' dir='ltr'>vinum</span> <span class='ocrx_word' id='word_1_158' title='bbox 2638 1023 2882 1094; x_wconf 87' lang='lat' dir='ltr'>accepit.</span> <span class='ocrx_word' id='word_1_159' title='bbox 2921 1022 3295 1092; x_wconf 91' lang='lat' dir='ltr'>Stupefactus</span> <span class='ocrx_word' id='word_1_160' title='bbox 3327 1036 3356 1075; x_wconf 91' lang='lat' dir='ltr'>a</span> <span class='ocrx_word' id='word_1_161' title='bbox 3395 1018 3605 1075; x_wconf 90' lang='lat' dir='ltr'>famulo</span> <span class='ocrx_word' id='word_1_162' title='bbox 3656 1034 3735 1075; x_wconf 87' lang='lat' dir='ltr'>re-</span> 
     </span>
    </p>
   </div>
   <div class='ocr_carea' id='block_1_24' title="bbox 2105 1109 3735 1186">
    <p class='ocr_par' dir='ltr' id='par_1_24' title="bbox 2105 1109 3735 1186">
     <span class='ocr_line' id='line_1_24' title="bbox 2105 1109 3735 1186; baseline -0.004 -15"><span class='ocrx_word' id='word_1_163' title='bbox 2105 1115 2305 1186; x_wconf 89' lang='lat' dir='ltr'>quirit,</span> <span class='ocrx_word' id='word_1_164' title='bbox 2324 1115 2417 1171; x_wconf 90' lang='lat' dir='ltr'>ubi</span> <span class='ocrx_word' id='word_1_165' title='bbox 2440 1114 2631 1170; x_wconf 90' lang='lat' dir='ltr'>vinum</span> <span class='ocrx_word' id='word_1_166' title='bbox 2648 1111 2962 1183; x_wconf 87' lang='lat' dir='ltr'>acceperit,</span> <span class='ocrx_word' id='word_1_167' title='bbox 2979 1116 3035 1167; x_wconf 91' lang='lat' dir='ltr'>et</span> <span class='ocrx_word' id='word_1_168' title='bbox 3051 1112 3333 1166; x_wconf 86' lang='lat' dir='ltr'>evacuato</span> <span class='ocrx_word' id='word_1_169' title='bbox 3356 1124 3512 1179; x_wconf 89' lang='lat' dir='ltr'>vase,</span> <span class='ocrx_word' id='word_1_170' title='bbox 3532 1109 3735 1164; x_wconf 90' lang='lat' dir='ltr'>iterato</span> 
     </span>
    </p>
   </div>
   <div class='ocr_carea' id='block_1_25' title="bbox 2103 1198 3738 1275">
    <p class='ocr_par' dir='ltr' id='par_1_25' title="bbox 2103 1198 3738 1275">
     <span class='ocr_line' id='line_1_25' title="bbox 2103 1198 3738 1275; baseline -0.005 -14"><span class='ocrx_word' id='word_1_171' title='bbox 2103 1221 2232 1261; x_wconf 92' lang='lat' dir='ltr'>eum</span> <span class='ocrx_word' id='word_1_172' title='bbox 2268 1220 2372 1275; x_wconf 89' lang='lat' dir='ltr'>pro</span> <span class='ocrx_word' id='word_1_173' title='bbox 2406 1220 2552 1274; x_wconf 90' lang='lat' dir='ltr'>aqua</span> <span class='ocrx_word' id='word_1_174' title='bbox 2590 1203 2764 1260; x_wconf 91' lang='lat' dir='ltr'>fontis</span> <span class='ocrx_word' id='word_1_175' title='bbox 2797 1198 3738 1271; x_wconf 70' lang='grc' dir='ltr'><strong>10101811.(1“01.86’).111011οω110-</strong></span> 
     </span>
    </p>
   </div>
   <div class='ocr_carea' id='block_1_26' title="bbox 2102 1290 3740 1364">
    <p class='ocr_par' dir='ltr' id='par_1_26' title="bbox 2102 1290 3740 1364">
     <span class='ocr_line' id='line_1_26' title="bbox 2102 1290 3740 1364; baseline -0.005 -14"><span class='ocrx_word' id='word_1_176' title='bbox 2102 1300 2219 1364; x_wconf 86' lang='lat' dir='ltr'>tus,</span> <span class='ocrx_word' id='word_1_177' title='bbox 2245 1294 2477 1350; x_wconf 89' lang='lat' dir='ltr'>cunctis</span> <span class='ocrx_word' id='word_1_178' title='bbox 2510 1293 2887 1349; x_wconf 87' lang='lat' dir='ltr'>cernentibus</span> <span class='ocrx_word' id='word_1_179' title='bbox 2919 1306 3123 1361; x_wconf 89' lang='lat' dir='ltr'>aquam</span> <span class='ocrx_word' id='word_1_180' title='bbox 3159 1290 3445 1346; x_wconf 84' lang='grc' dir='ltr'><strong>1100811όο</strong></span> <span class='ocrx_word' id='word_1_181' title='bbox 3480 1290 3660 1355; x_wconf 88' lang='lat' dir='ltr'>fonte,</span> <span class='ocrx_word' id='word_1_182' title='bbox 3686 1292 3740 1343; x_wconf 87' lang='lat' dir='ltr'>et</span> 
     </span>
    </p>
   </div>
   <div class='ocr_carea' id='block_1_27' title="bbox 2105 1376 3735 1455">
    <p class='ocr_par' dir='ltr' id='par_1_27' title="bbox 2105 1376 3735 1455">
     <span class='ocr_line' id='line_1_27' title="bbox 2105 1376 3735 1455; baseline -0.006 -15"><span class='ocrx_word' id='word_1_183' title='bbox 2105 1386 2229 1441; x_wconf 92' lang='lat' dir='ltr'>viro</span> <span class='ocrx_word' id='word_1_184' title='bbox 2262 1384 2359 1441; x_wconf 91' lang='lat' dir='ltr'>Dei</span> <span class='ocrx_word' id='word_1_185' title='bbox 2397 1382 2746 1455; x_wconf 77' lang='lat' dir='ltr'>propinavit.</span> <span class='ocrx_word' id='word_1_186' title='bbox 2775 1382 2885 1437; x_wconf 91' lang='lat' dir='ltr'>Sed</span> <span class='ocrx_word' id='word_1_187' title='bbox 2908 1382 3117 1436; x_wconf 88' lang='lat' dir='ltr'>iterum</span> <span class='ocrx_word' id='word_1_188' title='bbox 3143 1378 3449 1435; x_wconf 87' lang='lat' dir='ltr'>divinitate</span> <span class='ocrx_word' id='word_1_189' title='bbox 3484 1376 3735 1450; x_wconf 88' lang='lat' dir='ltr'>propicia</span> 
     </span>
    </p>
   </div>
   <div class='ocr_carea' id='block_1_28' title="bbox 2104 1465 3735 1545">
    <p class='ocr_par' dir='ltr' id='par_1_28' title="bbox 2104 1465 3735 1545">
     <span class='ocr_line' id='line_1_28' title="bbox 2104 1465 3735 1545; baseline -0.006 -15"><span class='ocrx_word' id='word_1_190' title='bbox 2104 1489 2252 1545; x_wconf 89' lang='lat' dir='ltr'>aqua</span> <span class='ocrx_word' id='word_1_191' title='bbox 2288 1472 2464 1529; x_wconf 91' lang='lat' dir='ltr'>fontis</span> <span class='ocrx_word' id='word_1_192' title='bbox 2513 1472 2568 1526; x_wconf 92' lang='lat' dir='ltr'>in</span> <span class='ocrx_word' id='word_1_193' title='bbox 2616 1471 2809 1527; x_wconf 92' lang='lat' dir='ltr'>vinum</span> <span class='ocrx_word' id='word_1_194' title='bbox 2853 1483 3134 1525; x_wconf 79' lang='lat' dir='ltr'>conversa</span> <span class='ocrx_word' id='word_1_195' title='bbox 3183 1472 3293 1523; x_wconf 89' lang='lat' dir='ltr'>est.</span> <span class='ocrx_word' id='word_1_196' title='bbox 3330 1467 3494 1533; x_wconf 90' lang='lat' dir='ltr'>Quod</span> <span class='ocrx_word' id='word_1_197' title='bbox 3523 1467 3612 1522; x_wconf 91' lang='lat' dir='ltr'>vir</span> <span class='ocrx_word' id='word_1_198' title='bbox 3646 1465 3735 1522; x_wconf 88' lang='lat' dir='ltr'>Dei</span> 
     </span>
    </p>
   </div>
   <div class='ocr_carea' id='block_1_29' title="bbox 2104 1555 3739 1634">
    <p class='ocr_par' dir='ltr' id='par_1_29' title="bbox 2104 1555 3739 1634">
     <span class='ocr_line' id='line_1_29' title="bbox 2104 1555 3739 1634; baseline -0.006 -15"><span class='ocrx_word' id='word_1_199' title='bbox 2104 1564 2581 1634; x_wconf 83' lang='lat' dir='ltr'>agnoscens,Deo</span> <span class='ocrx_word' id='word_1_200' title='bbox 2595 1561 2815 1630; x_wconf 83' lang='lat' dir='ltr'>gratias</span> <span class='ocrx_word' id='word_1_201' title='bbox 2838 1559 2978 1629; x_wconf 82' lang='lat' dir='ltr'>egit,</span> <span class='ocrx_word' id='word_1_202' title='bbox 2994 1562 3050 1613; x_wconf 90' lang='lat' dir='ltr'>et</span> <span class='ocrx_word' id='word_1_203' title='bbox 3078 1555 3490 1626; x_wconf 88' lang='lat' dir='ltr'>bibit,cunctis</span> <span class='ocrx_word' id='word_1_204' title='bbox 3516 1570 3739 1626; x_wconf 87' lang='lat' dir='ltr'>quoque</span> 
     </span>
    </p>
   </div>
   <div class='ocr_carea' id='block_1_30' title="bbox 2103 1642 3737 1717">
    <p class='ocr_par' dir='ltr' id='par_1_30' title="bbox 2103 1642 3737 1717">
     <span class='ocr_line' id='line_1_30' title="bbox 2103 1642 3737 1717; baseline -0.006 -9"><span class='ocrx_word' id='word_1_205' title='bbox 2103 1667 2172 1709; x_wconf 79' lang='lat' dir='ltr'>ex</span> <span class='ocrx_word' id='word_1_206' title='bbox 2204 1651 2404 1708; x_wconf 87' lang='lat' dir='ltr'>eodem</span> <span class='ocrx_word' id='word_1_207' title='bbox 2437 1651 2568 1707; x_wconf 89' lang='lat' dir='ltr'>vino</span> <span class='ocrx_word' id='word_1_208' title='bbox 2620 1650 2672 1704; x_wconf 93' lang='lat' dir='ltr'>in</span> <span class='ocrx_word' id='word_1_209' title='bbox 2733 1649 2934 1705; x_wconf 88' lang='lat' dir='ltr'>eodem</span> <span class='ocrx_word' id='word_1_210' title='bbox 2994 1662 3129 1703; x_wconf 88' lang='lat' dir='ltr'>vase</span> <span class='ocrx_word' id='word_1_211' title='bbox 3194 1644 3539 1717; x_wconf 87' lang='lat' dir='ltr'>propinavit.</span> <span class='ocrx_word' id='word_1_212' title='bbox 3595 1642 3737 1710; x_wconf 88' lang='lat' dir='ltr'>Quid</span> 
     </span>
    </p>
   </div>
   <div class='ocr_carea' id='block_1_31' title="bbox 2105 1731 3741 1812">
    <p class='ocr_par' dir='ltr' id='par_1_31' title="bbox 2105 1731 3741 1812">
     <span class='ocr_line' id='line_1_31' title="bbox 2105 1731 3741 1812; baseline -0.006 -17"><span class='ocrx_word' id='word_1_213' title='bbox 2105 1741 2315 1812; x_wconf 87' lang='lat' dir='ltr'>plura?</span> <span class='ocrx_word' id='word_1_214' title='bbox 2338 1741 2612 1796; x_wconf 90' lang='lat' dir='ltr'>Biberunt</span> <span class='ocrx_word' id='word_1_215' title='bbox 2646 1753 2868 1806; x_wconf 86' lang='lat' dir='ltr'>omnes,</span> <span class='ocrx_word' id='word_1_216' title='bbox 2894 1741 2950 1792; x_wconf 90' lang='lat' dir='ltr'>et</span> <span class='ocrx_word' id='word_1_217' title='bbox 2976 1735 3214 1793; x_wconf 87' lang='lat' dir='ltr'>virtutis</span> <span class='ocrx_word' id='word_1_218' title='bbox 3246 1733 3483 1789; x_wconf 88' lang='lat' dir='ltr'>Domino</span> <span class='ocrx_word' id='word_1_219' title='bbox 3514 1731 3741 1789; x_wconf 84' lang='lat' dir='ltr'>benedi-</span> 
     </span>
    </p>
   </div>
   <div class='ocr_carea' id='block_1_32' title="bbox 2106 1822 3737 1899">
    <p class='ocr_par' dir='ltr' id='par_1_32' title="bbox 2106 1822 3737 1899">
     <span class='ocr_line' id='line_1_32' title="bbox 2106 1822 3737 1899; baseline -0.005 -15"><span class='ocrx_word' id='word_1_220' title='bbox 2106 1834 2337 1897; x_wconf 79' lang='lat' dir='ltr'>xcrunt,</span> <span class='ocrx_word' id='word_1_221' title='bbox 2377 1829 2469 1899; x_wconf 92' lang='lat' dir='ltr'>qui</span> <span class='ocrx_word' id='word_1_222' title='bbox 2516 1828 2651 1883; x_wconf 84' lang='lat' dir='ltr'>facit</span> <span class='ocrx_word' id='word_1_223' title='bbox 2700 1825 2986 1882; x_wconf 89' lang='lat' dir='ltr'>mirabilia</span> <span class='ocrx_word' id='word_1_224' title='bbox 3033 1823 3194 1880; x_wconf 87' lang='lat' dir='ltr'>solus</span> <span class='ocrx_word' id='word_1_225' title='bbox 3227 1823 3417 1888; x_wconf 87' lang='lat' dir='ltr'>(Psal.</span> <span class='ocrx_word' id='word_1_226' title='bbox 3452 1837 3597 1891; x_wconf 78' lang='lat' dir='ltr'>LXXI,</span> <span class='ocrx_word' id='word_1_227' title='bbox 3632 1822 3737 1890; x_wconf 76' lang='grc'><strong>18),</strong></span> 
     </span>
    </p>
   </div>
   <div class='ocr_carea' id='block_1_33' title="bbox 350 1910 3737 1992">
    <p class='ocr_par' dir='ltr' id='par_1_33' title="bbox 350 1910 3737 1992">
     <span class='ocr_line' id='line_1_33' title="bbox 350 1910 3737 1992; baseline -0.002 -23"><span class='ocrx_word' id='word_1_228' title='bbox 350 1914 577 1969; x_wconf 86' lang='grc'><strong>0100101</strong></span> <span class='ocrx_word' id='word_1_229' title='bbox 609 1914 1264 1970; x_wconf 75' lang='lat' dir='ltr'>adininistravit.~Erant</span> <span class='ocrx_word' id='word_1_230' title='bbox 1290 1912 1463 1967; x_wconf 87' lang='lat' dir='ltr'>etiam</span> <span class='ocrx_word' id='word_1_231' title='bbox 1487 1912 1538 1967; x_wconf 92' lang='lat' dir='ltr'>in</span> <span class='ocrx_word' id='word_1_232' title='bbox 1564 1911 1848 1967; x_wconf 87' lang='lat' dir='ltr'>comitatu</span> <span class='ocrx_word' id='word_1_233' title='bbox 1866 1912 1993 1981; x_wconf 90' lang='lat' dir='ltr'>ejus</span> <span class='ocrx_word' id='word_1_234' title='bbox 2029 1937 2074 1992; x_wconf 71' lang='grc' dir='ltr'>υ</span> <span class='ocrx_word' id='word_1_235' title='bbox 2106 1920 2274 1987; x_wconf 78' lang='lat' dir='ltr'>cujus</span> <span class='ocrx_word' id='word_1_236' title='bbox 2308 1932 2546 1985; x_wconf 77' lang='lat' dir='ltr'>regnum</span> <span class='ocrx_word' id='word_1_237' title='bbox 2580 1930 2819 1985; x_wconf 74' lang='lat' dir='ltr'>regnum</span> <span class='ocrx_word' id='word_1_238' title='bbox 2851 1918 2942 1969; x_wconf 84' lang='lat' dir='ltr'>est</span> <span class='ocrx_word' id='word_1_239' title='bbox 2977 1916 3257 1967; x_wconf 76' lang='grc'><strong>1010100111</strong></span> <span class='ocrx_word' id='word_1_240' title='bbox 3290 1912 3469 1978; x_wconf 86' lang='lat' dir='ltr'>(Dan.</span> <span class='ocrx_word' id='word_1_241' title='bbox 3496 1925 3594 1979; x_wconf 84' lang='lat' dir='ltr'>vn,</span> <span class='ocrx_word' id='word_1_242' title='bbox 3630 1910 3737 1977; x_wconf 76' lang='lat'>27),</span> 
     </span>
    </p>
   </div>
   <div class='ocr_carea' id='block_1_34' title="bbox 350 2000 1993 2071">
    <p class='ocr_par' dir='ltr' id='par_1_34' title="bbox 350 2000 1993 2071">
     <span class='ocr_line' id='line_1_34' title="bbox 350 2000 1993 2071; baseline -0.002 -15"><span class='ocrx_word' id='word_1_243' title='bbox 350 2001 727 2071; x_wconf 89' lang='lat' dir='ltr'>quamplures</span> <span class='ocrx_word' id='word_1_244' title='bbox 760 2001 878 2071; x_wconf 89' lang='lat' dir='ltr'>alii,</span> <span class='ocrx_word' id='word_1_245' title='bbox 915 2002 1067 2057; x_wconf 91' lang='lat' dir='ltr'>inter</span> <span class='ocrx_word' id='word_1_246' title='bbox 1099 2017 1243 2071; x_wconf 89' lang='lat' dir='ltr'>quos</span> <span class='ocrx_word' id='word_1_247' title='bbox 1273 2005 1437 2056; x_wconf 91' lang='lat' dir='ltr'>erant</span> <span class='ocrx_word' id='word_1_248' title='bbox 1473 2000 1586 2056; x_wconf 92' lang='lat' dir='ltr'>duo</span> <span class='ocrx_word' id='word_1_249' title='bbox 1619 2001 1691 2055; x_wconf 91' lang='lat' dir='ltr'>ab</span> <span class='ocrx_word' id='word_1_250' title='bbox 1726 2000 1868 2055; x_wconf 88' lang='lat' dir='ltr'>urbe</span> <span class='ocrx_word' id='word_1_251' title='bbox 1893 2001 1993 2053; x_wconf 88' lang='lat' dir='ltr'>Ba-</span> 
     </span>
    </p>
   </div>
   <div class='ocr_carea' id='block_1_35' title="bbox 344 2089 1987 2162">
    <p class='ocr_par' dir='ltr' id='par_1_35' title="bbox 344 2089 1987 2162">
     <span class='ocr_line' id='line_1_35' title="bbox 344 2089 1987 2162; baseline -0.001 -16"><span class='ocrx_word' id='word_1_252' title='bbox 344 2091 694 2160; x_wconf 88' lang='lat' dir='ltr'>joeensium,</span> <span class='ocrx_word' id='word_1_253' title='bbox 731 2095 896 2162; x_wconf 89' lang='lat' dir='ltr'>pater</span> <span class='ocrx_word' id='word_1_254' title='bbox 918 2094 974 2147; x_wconf 90' lang='lat' dir='ltr'>et</span> <span class='ocrx_word' id='word_1_255' title='bbox 1001 2090 1175 2159; x_wconf 88' lang='grc'><strong>111108,</strong></span> <span class='ocrx_word' id='word_1_256' title='bbox 1204 2092 1498 2146; x_wconf 83' lang='grc'><strong>1101101108</strong></span> <span class='ocrx_word' id='word_1_257' title='bbox 1520 2094 1577 2145; x_wconf 88' lang='grc'>01</span> <span class='ocrx_word' id='word_1_258' title='bbox 1605 2089 1987 2157; x_wconf 84' lang='lat' dir='ltr'>Gauzfredus,</span> 
     </span>
    </p>
   </div>
   <div class='ocr_carea' id='block_1_36' title="bbox 352 2178 1994 2250">
    <p class='ocr_par' dir='ltr' id='par_1_36' title="bbox 352 2178 1994 2250">
     <span class='ocr_line' id='line_1_36' title="bbox 352 2178 1994 2250; baseline -0.001 -17"><span class='ocrx_word' id='word_1_259' title='bbox 352 2179 446 2249; x_wconf 88' lang='lat' dir='ltr'>qui</span> <span class='ocrx_word' id='word_1_260' title='bbox 473 2179 549 2233; x_wconf 88' lang='lat' dir='ltr'>ita</span> <span class='ocrx_word' id='word_1_261' title='bbox 572 2179 872 2236; x_wconf 88' lang='lat' dir='ltr'>comitatui</span> <span class='ocrx_word' id='word_1_262' title='bbox 897 2180 1024 2250; x_wconf 89' lang='lat' dir='ltr'>ejus</span> <span class='ocrx_word' id='word_1_263' title='bbox 1040 2180 1415 2235; x_wconf 88' lang='lat' dir='ltr'>adheserunt.</span> <span class='ocrx_word' id='word_1_264' title='bbox 1438 2180 1572 2233; x_wconf 88' lang='lat' dir='ltr'>Erat</span> <span class='ocrx_word' id='word_1_265' title='bbox 1600 2178 1749 2233; x_wconf 88' lang='lat' dir='ltr'>idem</span> <span class='ocrx_word' id='word_1_266' title='bbox 1776 2179 1994 2233; x_wconf 81' lang='lat' dir='ltr'>[luber-</span> 
     </span>
    </p>
   </div>
   <div class='ocr_carea' id='block_1_37' title="bbox 351 2268 1992 2339">
    <p class='ocr_par' dir='ltr' id='par_1_37' title="bbox 351 2268 1992 2339">
     <span class='ocr_line' id='line_1_37' title="bbox 351 2268 1992 2339; baseline -0.001 -18"><span class='ocrx_word' id='word_1_267' title='bbox 351 2272 448 2323; x_wconf 90' lang='lat' dir='ltr'>tus</span> <span class='ocrx_word' id='word_1_268' title='bbox 479 2268 704 2323; x_wconf 90' lang='lat' dir='ltr'>diutino</span> <span class='ocrx_word' id='word_1_269' title='bbox 738 2268 1014 2337; x_wconf 79' lang='lat' dir='ltr'>languore</span> <span class='ocrx_word' id='word_1_270' title='bbox 1067 2268 1402 2339; x_wconf 89' lang='lat' dir='ltr'>depressus,</span> <span class='ocrx_word' id='word_1_271' title='bbox 1440 2268 1515 2323; x_wconf 89' lang='lat' dir='ltr'>ita</span> <span class='ocrx_word' id='word_1_272' title='bbox 1553 2270 1613 2323; x_wconf 84' lang='lat' dir='ltr'>ut</span> <span class='ocrx_word' id='word_1_273' title='bbox 1647 2282 1751 2338; x_wconf 89' lang='lat' dir='ltr'>per</span> <span class='ocrx_word' id='word_1_274' title='bbox 1783 2281 1992 2322; x_wconf 89' lang='lat' dir='ltr'>annum</span> 
     </span>
    </p>
   </div>
   <div class='ocr_carea' id='block_1_38' title="bbox 351 2356 1994 2427">
    <p class='ocr_par' dir='ltr' id='par_1_38' title="bbox 351 2356 1994 2427">
     <span class='ocr_line' id='line_1_38' title="bbox 351 2356 1994 2427; baseline -0.001 -17"><span class='ocrx_word' id='word_1_275' title='bbox 351 2356 641 2426; x_wconf 80' lang='lat' dir='ltr'>integrum</span> <span class='ocrx_word' id='word_1_276' title='bbox 658 2358 928 2413; x_wconf 86' lang='lat' dir='ltr'>neclecto</span> <span class='ocrx_word' id='word_1_277' title='bbox 949 2373 1191 2427; x_wconf 86' lang='lat' dir='ltr'>surgere</span> <span class='ocrx_word' id='word_1_278' title='bbox 1211 2372 1315 2412; x_wconf 90' lang='lat' dir='ltr'>nec</span> <span class='ocrx_word' id='word_1_279' title='bbox 1339 2357 1393 2410; x_wconf 93' lang='lat' dir='ltr'>in</span> <span class='ocrx_word' id='word_1_280' title='bbox 1417 2356 1571 2411; x_wconf 91' lang='lat' dir='ltr'>latus</span> <span class='ocrx_word' id='word_1_281' title='bbox 1594 2356 1749 2411; x_wconf 86' lang='lat' dir='ltr'>aliud</span> <span class='ocrx_word' id='word_1_282' title='bbox 1776 2357 1994 2424; x_wconf 80' lang='lat' dir='ltr'>absque</span> 
     </span>
    </p>
   </div>
   <div class='ocr_carea' id='block_1_39' title="bbox 324 2443 1994 2516">
    <p class='ocr_par' dir='ltr' id='par_1_39' title="bbox 324 2443 1994 2516">
     <span class='ocr_line' id='line_1_39' title="bbox 324 2443 1994 2516; baseline -0.002 -16"><span class='ocrx_word' id='word_1_283' title='bbox 324 2446 730 2515; x_wconf 80' lang='lat' dir='ltr'>.sull&#39;ragantis</span> <span class='ocrx_word' id='word_1_284' title='bbox 763 2446 1133 2502; x_wconf 85' lang='lat' dir='ltr'>amminiculo</span> <span class='ocrx_word' id='word_1_285' title='bbox 1167 2461 1227 2502; x_wconf 89' lang='lat' dir='ltr'>se</span> <span class='ocrx_word' id='word_1_286' title='bbox 1261 2448 1452 2516; x_wconf 89' lang='lat' dir='ltr'>posset</span> <span class='ocrx_word' id='word_1_287' title='bbox 1490 2446 1824 2500; x_wconf 80' lang='grc'><strong>(1011001010.</strong></span> <span class='ocrx_word' id='word_1_288' title='bbox 1856 2443 1994 2497; x_wconf 60' lang='grc'><strong>11010</strong></span> 
     </span>
    </p>
   </div>
   <div class='ocr_carea' id='block_1_40' title="bbox 353 2527 1993 2600">
    <p class='ocr_par' dir='ltr' id='par_1_40' title="bbox 353 2527 1993 2600">
     <span class='ocr_line' id='line_1_40' title="bbox 353 2527 1993 2600; baseline -0.003 -15"><span class='ocrx_word' id='word_1_289' title='bbox 353 2545 461 2585; x_wconf 77' lang='lat' dir='ltr'>una</span> <span class='ocrx_word' id='word_1_290' title='bbox 496 2530 719 2585; x_wconf 88' lang='lat' dir='ltr'>dierum</span> <span class='ocrx_word' id='word_1_291' title='bbox 775 2529 827 2583; x_wconf 91' lang='lat' dir='ltr'>in</span> <span class='ocrx_word' id='word_1_292' title='bbox 880 2529 1169 2599; x_wconf 87' lang='lat' dir='ltr'>cubiculo,</span> <span class='ocrx_word' id='word_1_293' title='bbox 1208 2544 1321 2599; x_wconf 92' lang='lat' dir='ltr'>quo</span> <span class='ocrx_word' id='word_1_294' title='bbox 1362 2529 1615 2600; x_wconf 88' lang='lat' dir='ltr'>jacebat,</span> <span class='ocrx_word' id='word_1_295' title='bbox 1652 2527 1894 2597; x_wconf 84' lang='lat' dir='ltr'>angelus</span> <span class='ocrx_word' id='word_1_296' title='bbox 1939 2527 1993 2581; x_wconf 93' lang='lat' dir='ltr'>in</span> 
     </span>
    </p>
   </div>
   <div class='ocr_carea' id='block_1_41' title="bbox 352 2617 1996 2690">
    <p class='ocr_par' dir='ltr' id='par_1_41' title="bbox 352 2617 1996 2690">
     <span class='ocr_line' id='line_1_41' title="bbox 352 2617 1996 2690; baseline -0.001 -17"><span class='ocrx_word' id='word_1_297' title='bbox 352 2618 635 2673; x_wconf 73' lang='lat' dir='ltr'>eolumbm</span> <span class='ocrx_word' id='word_1_298' title='bbox 671 2619 897 2689; x_wconf 83' lang='lat' dir='ltr'>species</span> <span class='ocrx_word' id='word_1_299' title='bbox 929 2633 1217 2690; x_wconf 81' lang='lat' dir='ltr'>apparens</span> <span class='ocrx_word' id='word_1_300' title='bbox 1245 2637 1256 2671; x_wconf 89' lang='lat'>:</span> <span class='ocrx_word' id='word_1_301' title='bbox 1296 2618 1468 2683; x_wconf 70' lang='lat' dir='ltr'>Vade,</span> <span class='ocrx_word' id='word_1_302' title='bbox 1497 2617 1701 2687; x_wconf 91' lang='lat' dir='ltr'>inquit,</span> <span class='ocrx_word' id='word_1_303' title='bbox 1716 2631 1881 2687; x_wconf 84' lang='lat' dir='ltr'>para</span> <span class='ocrx_word' id='word_1_304' title='bbox 1902 2630 1996 2671; x_wconf 84' lang='lat' dir='ltr'>ne-</span> 
     </span>
    </p>
   </div>
   <div class='ocr_carea' id='block_1_42' title="bbox 351 2704 1988 2779">
    <p class='ocr_par' dir='ltr' id='par_1_42' title="bbox 351 2704 1988 2779">
     <span class='ocr_line' id='line_1_42' title="bbox 351 2704 1988 2779; baseline -0.002 -17"><span class='ocrx_word' id='word_1_305' title='bbox 351 2708 632 2775; x_wconf 79' lang='lat' dir='ltr'>cessaria,</span> <span class='ocrx_word' id='word_1_306' title='bbox 650 2709 708 2763; x_wconf 91' lang='lat' dir='ltr'>et</span> <span class='ocrx_word' id='word_1_307' title='bbox 722 2722 899 2778; x_wconf 76' lang='lat' dir='ltr'>perge</span> <span class='ocrx_word' id='word_1_308' title='bbox 918 2707 1315 2775; x_wconf 78' lang='lat' dir='ltr'>J/ierusalem,</span> <span class='ocrx_word' id='word_1_309' title='bbox 1333 2707 1481 2779; x_wconf 89' lang='lat' dir='ltr'>quia</span> <span class='ocrx_word' id='word_1_310' title='bbox 1501 2706 1789 2762; x_wconf 88' lang='lat' dir='ltr'>Dominus</span> <span class='ocrx_word' id='word_1_311' title='bbox 1801 2704 1988 2777; x_wconf 82' lang='lat' dir='ltr'>jubel.</span> 
     </span>
    </p>
   </div>
   <div class='ocr_carea' id='block_1_43' title="bbox 353 2796 1993 2867">
    <p class='ocr_par' dir='ltr' id='par_1_43' title="bbox 353 2796 1993 2867">
     <span class='ocr_line' id='line_1_43' title="bbox 353 2796 1993 2867; baseline -0.001 -16"><span class='ocrx_word' id='word_1_312' title='bbox 353 2796 452 2851; x_wconf 86' lang='lat' dir='ltr'>Cui</span> <span class='ocrx_word' id='word_1_313' title='bbox 469 2812 599 2852; x_wconf 88' lang='lat' dir='ltr'>eum</span> <span class='ocrx_word' id='word_1_314' title='bbox 616 2796 712 2851; x_wconf 89' lang='lat' dir='ltr'>ille</span> <span class='ocrx_word' id='word_1_315' title='bbox 728 2797 1156 2867; x_wconf 86' lang='lat' dir='ltr'>respondisset:</span> <span class='ocrx_word' id='word_1_316' title='bbox 1180 2796 1337 2862; x_wconf 86' lang='lat' dir='ltr'>Quid</span> <span class='ocrx_word' id='word_1_317' title='bbox 1333 2796 1755 2867; x_wconf 86' lang='lat' dir='ltr'>faciam,quia</span> <span class='ocrx_word' id='word_1_318' title='bbox 1772 2807 1993 2865; x_wconf 88' lang='lat' dir='ltr'>nequeo</span> 
     </span>
    </p>
   </div>
   <div class='ocr_carea' id='block_1_44' title="bbox 351 2885 2000 2955">
    <p class='ocr_par' dir='ltr' id='par_1_44' title="bbox 351 2885 2000 2955">
     <span class='ocr_line' id='line_1_44' title="bbox 351 2885 2000 2955; baseline -0.001 -13"><span class='ocrx_word' id='word_1_319' title='bbox 351 2894 641 2955; x_wconf 74' lang='lat' dir='ltr'>surgere?</span> <span class='ocrx_word' id='word_1_320' title='bbox 675 2886 771 2941; x_wconf 90' lang='lat' dir='ltr'>ille</span> <span class='ocrx_word' id='word_1_321' title='bbox 806 2887 1019 2942; x_wconf 87' lang='lat' dir='ltr'>iterato</span> <span class='ocrx_word' id='word_1_322' title='bbox 1051 2906 1062 2941; x_wconf 89' lang='lat'>:</span> <span class='ocrx_word' id='word_1_323' title='bbox 1099 2888 1285 2955; x_wconf 79' lang='lat' dir='ltr'>Pura,</span> <span class='ocrx_word' id='word_1_324' title='bbox 1325 2886 1534 2955; x_wconf 90' lang='lat' dir='ltr'>inquit,</span> <span class='ocrx_word' id='word_1_325' title='bbox 1566 2886 1910 2942; x_wconf 77' lang='lat' dir='ltr'>necessaria</span> <span class='ocrx_word' id='word_1_326' title='bbox 1939 2885 2000 2940; x_wconf 87' lang='lat' dir='ltr'>et</span> 
     </span>
    </p>
   </div>
   <div class='ocr_carea' id='block_1_45' title="bbox 350 2972 1994 3044">
    <p class='ocr_par' dir='ltr' id='par_1_45' title="bbox 350 2972 1994 3044">
     <span class='ocr_line' id='line_1_45' title="bbox 350 2972 1994 3044; baseline -0.001 -16"><span class='ocrx_word' id='word_1_327' title='bbox 350 2975 521 3043; x_wconf 54' lang='lat' dir='ltr'>&quot;cade,</span> <span class='ocrx_word' id='word_1_328' title='bbox 544 2976 691 3043; x_wconf 78' lang='lat' dir='ltr'>quia</span> <span class='ocrx_word' id='word_1_329' title='bbox 711 2974 999 3031; x_wconf 81' lang='lat' dir='ltr'>Dominus</span> <span class='ocrx_word' id='word_1_330' title='bbox 1020 2975 1166 3030; x_wconf 70' lang='lat' dir='ltr'>ruit.</span> <span class='ocrx_word' id='word_1_331' title='bbox 1196 2972 1506 3044; x_wconf 78' lang='lat' dir='ltr'>Adquievit</span> <span class='ocrx_word' id='word_1_332' title='bbox 1531 2973 1720 3041; x_wconf 91' lang='lat' dir='ltr'>homo,</span> <span class='ocrx_word' id='word_1_333' title='bbox 1748 2975 1804 3028; x_wconf 88' lang='lat' dir='ltr'>et</span> <span class='ocrx_word' id='word_1_334' title='bbox 1828 2986 1994 3027; x_wconf 89' lang='lat' dir='ltr'>mane</span> 
     </span>
    </p>
   </div>
   <div class='ocr_carea' id='block_1_46' title="bbox 355 3060 1992 3134">
    <p class='ocr_par' dir='ltr' id='par_1_46' title="bbox 355 3060 1992 3134">
     <span class='ocr_line' id='line_1_46' title="bbox 355 3060 1992 3134; baseline -0.001 -19"><span class='ocrx_word' id='word_1_335' title='bbox 355 3062 505 3117; x_wconf 87' lang='lat' dir='ltr'>facto</span> <span class='ocrx_word' id='word_1_336' title='bbox 553 3064 765 3117; x_wconf 78' lang='lat' dir='ltr'>fratres</span> <span class='ocrx_word' id='word_1_337' title='bbox 798 3070 856 3118; x_wconf 91' lang='grc'>01</span> <span class='ocrx_word' id='word_1_338' title='bbox 890 3063 1244 3134; x_wconf 81' lang='lat' dir='ltr'>prOpinquos</span> <span class='ocrx_word' id='word_1_339' title='bbox 1292 3061 1599 3129; x_wconf 89' lang='lat' dir='ltr'>advocans,</span> <span class='ocrx_word' id='word_1_340' title='bbox 1634 3060 1992 3117; x_wconf 86' lang='lat' dir='ltr'>voluntatem</span> 
     </span>
    </p>
   </div>
   <div class='ocr_carea' id='block_1_47' title="bbox 354 3149 1994 3222">
    <p class='ocr_par' dir='ltr' id='par_1_47' title="bbox 354 3149 1994 3222">
     <span class='ocr_line' id='line_1_47' title="bbox 354 3149 1994 3222; baseline 0 -17"><span class='ocrx_word' id='word_1_341' title='bbox 354 3150 571 3205; x_wconf 87' lang='lat' dir='ltr'>Domini</span> <span class='ocrx_word' id='word_1_342' title='bbox 606 3152 855 3222; x_wconf 86' lang='lat' dir='ltr'>aperuit,</span> <span class='ocrx_word' id='word_1_343' title='bbox 878 3167 1035 3208; x_wconf 88' lang='lat' dir='ltr'>suam</span> <span class='ocrx_word' id='word_1_344' title='bbox 1060 3167 1288 3222; x_wconf 73' lang='lat' dir='ltr'>quoque</span> <span class='ocrx_word' id='word_1_345' title='bbox 1312 3149 1671 3207; x_wconf 85' lang='lat' dir='ltr'>voluntatem</span> <span class='ocrx_word' id='word_1_346' title='bbox 1696 3150 1751 3204; x_wconf 93' lang='lat' dir='ltr'>in</span> <span class='ocrx_word' id='word_1_347' title='bbox 1778 3149 1834 3204; x_wconf 89' lang='lat' dir='ltr'>id</span> <span class='ocrx_word' id='word_1_348' title='bbox 1864 3163 1994 3205; x_wconf 88' lang='lat' dir='ltr'>esse</span> 
     </span>
    </p>
   </div>
   <div class='ocr_carea' id='block_1_48' title="bbox 2104 1998 3738 2077">
    <p class='ocr_par' dir='ltr' id='par_1_48' title="bbox 2104 1998 3738 2077">
     <span class='ocr_line' id='line_1_48' title="bbox 2104 1998 3738 2077; baseline -0.007 -15"><span class='ocrx_word' id='word_1_349' title='bbox 2104 2009 2161 2062; x_wconf 91' lang='lat' dir='ltr'>et</span> <span class='ocrx_word' id='word_1_350' title='bbox 2187 2011 2449 2077; x_wconf 88' lang='lat' dir='ltr'>potestas</span> <span class='ocrx_word' id='word_1_351' title='bbox 2469 2005 2596 2073; x_wconf 87' lang='lat' dir='ltr'>ejus</span> <span class='ocrx_word' id='word_1_352' title='bbox 2620 2008 2884 2075; x_wconf 87' lang='lat' dir='ltr'>potestas</span> <span class='ocrx_word' id='word_1_353' title='bbox 2906 2007 3129 2069; x_wconf 84' lang='lat' dir='ltr'>eterna,</span> <span class='ocrx_word' id='word_1_354' title='bbox 3153 2014 3280 2069; x_wconf 61' lang='lat' dir='ltr'>quae</span> <span class='ocrx_word' id='word_1_355' title='bbox 3306 2013 3415 2053; x_wconf 92' lang='lat' dir='ltr'>non</span> <span class='ocrx_word' id='word_1_356' title='bbox 3443 1998 3738 2053; x_wconf 89' lang='lat' dir='ltr'>auferetur</span> 
     </span>
    </p>
   </div>
   <div class='ocr_carea' id='block_1_49' title="bbox 2108 2084 3739 2164">
    <p class='ocr_par' dir='ltr' id='par_1_49' title="bbox 2108 2084 3739 2164">
     <span class='ocr_line' id='line_1_49' title="bbox 2108 2084 3739 2164; baseline -0.007 -14"><span class='ocrx_word' id='word_1_357' title='bbox 2108 2094 2314 2164; x_wconf 71' lang='lat' dir='ltr'>(Ibid,</span> <span class='ocrx_word' id='word_1_358' title='bbox 2340 2099 2451 2159; x_wconf 65' lang='lat' dir='ltr'>ii).</span> <span class='ocrx_word' id='word_1_359' title='bbox 2479 2094 2780 2161; x_wconf 90' lang='lat' dir='ltr'>Biberunt,</span> <span class='ocrx_word' id='word_1_360' title='bbox 2799 2092 3051 2161; x_wconf 89' lang='lat' dir='ltr'>inquam,</span> <span class='ocrx_word' id='word_1_361' title='bbox 3072 2102 3273 2144; x_wconf 89' lang='lat' dir='ltr'>omnes</span> <span class='ocrx_word' id='word_1_362' title='bbox 3299 2087 3369 2142; x_wconf 90' lang='lat' dir='ltr'>de</span> <span class='ocrx_word' id='word_1_363' title='bbox 3390 2085 3521 2140; x_wconf 90' lang='lat' dir='ltr'>vino</span> <span class='ocrx_word' id='word_1_364' title='bbox 3548 2084 3739 2154; x_wconf 89' lang='lat' dir='ltr'>illo,et</span> 
     </span>
    </p>
   </div>
   <div class='ocr_carea' id='block_1_50' title="bbox 2107 2173 3743 2248">
    <p class='ocr_par' dir='ltr' id='par_1_50' title="bbox 2107 2173 3743 2248">
     <span class='ocr_line' id='line_1_50' title="bbox 2107 2173 3743 2248; baseline -0.006 -9"><span class='ocrx_word' id='word_1_365' title='bbox 2107 2184 2298 2239; x_wconf 89' lang='lat' dir='ltr'>vinum</span> <span class='ocrx_word' id='word_1_366' title='bbox 2329 2183 2693 2238; x_wconf 89' lang='lat' dir='ltr'>imminutum</span> <span class='ocrx_word' id='word_1_367' title='bbox 2719 2196 2827 2235; x_wconf 92' lang='lat' dir='ltr'>non</span> <span class='ocrx_word' id='word_1_368' title='bbox 2861 2183 2983 2243; x_wconf 91' lang='lat' dir='ltr'>est;</span> <span class='ocrx_word' id='word_1_369' title='bbox 3012 2176 3142 2248; x_wconf 90' lang='lat' dir='ltr'>quia</span> <span class='ocrx_word' id='word_1_370' title='bbox 3176 2191 3307 2231; x_wconf 91' lang='lat' dir='ltr'>cum</span> <span class='ocrx_word' id='word_1_371' title='bbox 3341 2190 3540 2231; x_wconf 90' lang='lat' dir='ltr'>omnes</span> <span class='ocrx_word' id='word_1_372' title='bbox 3570 2173 3743 2229; x_wconf 88' lang='lat' dir='ltr'>bibis-</span> 
     </span>
    </p>
   </div>
   <div class='ocr_carea' id='block_1_51' title="bbox 2105 2262 3737 2341">
    <p class='ocr_par' dir='ltr' id='par_1_51' title="bbox 2105 2262 3737 2341">
     <span class='ocr_line' id='line_1_51' title="bbox 2105 2262 3737 2341; baseline -0.008 -13"><span class='ocrx_word' id='word_1_373' title='bbox 2105 2276 2253 2341; x_wconf 88' lang='lat' dir='ltr'>sent,</span> <span class='ocrx_word' id='word_1_374' title='bbox 2281 2271 2463 2327; x_wconf 85' lang='lat' dir='ltr'>sollus</span> <span class='ocrx_word' id='word_1_375' title='bbox 2487 2270 2584 2326; x_wconf 90' lang='lat' dir='ltr'>ille</span> <span class='ocrx_word' id='word_1_376' title='bbox 2610 2270 2866 2339; x_wconf 78' lang='lat' dir='ltr'>scyphus</span> <span class='ocrx_word' id='word_1_377' title='bbox 2891 2264 3261 2322; x_wconf 88' lang='lat' dir='ltr'>abundanter</span> <span class='ocrx_word' id='word_1_378' title='bbox 3283 2262 3516 2320; x_wconf 89' lang='lat' dir='ltr'>eunetis</span> <span class='ocrx_word' id='word_1_379' title='bbox 3535 2262 3737 2329; x_wconf 78' lang='lat' dir='ltr'>adfuit,</span> 
     </span>
    </p>
   </div>
   <div class='ocr_carea' id='block_1_52' title="bbox 2104 2350 3741 2432">
    <p class='ocr_par' dir='ltr' id='par_1_52' title="bbox 2104 2350 3741 2432">
     <span class='ocr_line' id='line_1_52' title="bbox 2104 2350 3741 2432; baseline -0.007 -15"><span class='ocrx_word' id='word_1_380' title='bbox 2104 2366 2163 2417; x_wconf 89' lang='lat' dir='ltr'>et</span> <span class='ocrx_word' id='word_1_381' title='bbox 2197 2361 2561 2432; x_wconf 87' lang='lat' dir='ltr'>postmodum</span> <span class='ocrx_word' id='word_1_382' title='bbox 2611 2358 2765 2430; x_wconf 88' lang='lat' dir='ltr'>patri</span> <span class='ocrx_word' id='word_1_383' title='bbox 2815 2354 3104 2412; x_wconf 83' lang='lat' dir='ltr'>Riehardo</span> <span class='ocrx_word' id='word_1_384' title='bbox 3158 2370 3266 2408; x_wconf 93' lang='lat' dir='ltr'>non</span> <span class='ocrx_word' id='word_1_385' title='bbox 3304 2352 3509 2408; x_wconf 83' lang='lat' dir='ltr'>defuit.</span> <span class='ocrx_word' id='word_1_386' title='bbox 3546 2353 3613 2408; x_wconf 89' lang='lat' dir='ltr'>Et</span> <span class='ocrx_word' id='word_1_387' title='bbox 3650 2350 3741 2420; x_wconf 91' lang='lat' dir='ltr'>qui</span> 
     </span>
    </p>
   </div>
   <div class='ocr_carea' id='block_1_53' title="bbox 2104 2439 3743 2519">
    <p class='ocr_par' dir='ltr' id='par_1_53' title="bbox 2104 2439 3743 2519">
     <span class='ocr_line' id='line_1_53' title="bbox 2104 2439 3743 2519; baseline -0.007 -14"><span class='ocrx_word' id='word_1_388' title='bbox 2104 2449 2270 2519; x_wconf 84' lang='lat' dir='ltr'>vidit,</span> <span class='ocrx_word' id='word_1_389' title='bbox 2329 2448 2727 2504; x_wconf 78' lang='lat' dir='ltr'>testimonium</span> <span class='ocrx_word' id='word_1_390' title='bbox 2789 2444 3106 2517; x_wconf 88' lang='lat' dir='ltr'>perhibuit,</span> <span class='ocrx_word' id='word_1_391' title='bbox 3157 2440 3477 2513; x_wconf 55' lang='lat' dir='ltr'>praedictus</span> <span class='ocrx_word' id='word_1_392' title='bbox 3518 2439 3743 2495; x_wconf 88' lang='lat' dir='ltr'>scilicet</span> 
     </span>
    </p>
   </div>
   <div class='ocr_carea' id='block_1_54' title="bbox 2106 2527 3743 2602">
    <p class='ocr_par' dir='ltr' id='par_1_54' title="bbox 2106 2527 3743 2602">
     <span class='ocr_line' id='line_1_54' title="bbox 2106 2527 3743 2602; baseline -0.007 -9"><span class='ocrx_word' id='word_1_393' title='bbox 2106 2539 2459 2593; x_wconf 87' lang='lat' dir='ltr'>Humbertus</span> <span class='ocrx_word' id='word_1_394' title='bbox 2493 2541 2552 2593; x_wconf 90' lang='lat' dir='ltr'>et</span> <span class='ocrx_word' id='word_1_395' title='bbox 2583 2536 2738 2592; x_wconf 86' lang='lat' dir='ltr'>ﬁlius</span> <span class='ocrx_word' id='word_1_396' title='bbox 2770 2534 2896 2602; x_wconf 90' lang='lat' dir='ltr'>ejus</span> <span class='ocrx_word' id='word_1_397' title='bbox 2913 2531 3268 2595; x_wconf 85' lang='lat' dir='ltr'>Gaufrcdus;</span> <span class='ocrx_word' id='word_1_398' title='bbox 3294 2533 3353 2584; x_wconf 91' lang='lat' dir='ltr'>et</span> <span class='ocrx_word' id='word_1_399' title='bbox 3378 2529 3594 2584; x_wconf 90' lang='lat' dir='ltr'>scimus</span> <span class='ocrx_word' id='word_1_400' title='bbox 3617 2527 3743 2598; x_wconf 89' lang='lat' dir='ltr'>quia</span> 
     </span>
    </p>
   </div>
   <div class='ocr_carea' id='block_1_55' title="bbox 2106 2616 3742 2690">
    <p class='ocr_par' dir='ltr' id='par_1_55' title="bbox 2106 2616 3742 2690">
     <span class='ocr_line' id='line_1_55' title="bbox 2106 2616 3742 2690; baseline -0.006 -8"><span class='ocrx_word' id='word_1_401' title='bbox 2106 2642 2304 2683; x_wconf 87' lang='lat' dir='ltr'>verum</span> <span class='ocrx_word' id='word_1_402' title='bbox 2337 2631 2423 2683; x_wconf 90' lang='lat' dir='ltr'>est</span> <span class='ocrx_word' id='word_1_403' title='bbox 2450 2624 2847 2681; x_wconf 88' lang='lat' dir='ltr'>testimonium</span> <span class='ocrx_word' id='word_1_404' title='bbox 2867 2636 3087 2689; x_wconf 88' lang='lat' dir='ltr'>eorum,</span> <span class='ocrx_word' id='word_1_405' title='bbox 3116 2618 3246 2690; x_wconf 91' lang='lat' dir='ltr'>quia</span> <span class='ocrx_word' id='word_1_406' title='bbox 3267 2616 3379 2688; x_wconf 89' lang='lat' dir='ltr'>ipsi</span> <span class='ocrx_word' id='word_1_407' title='bbox 3403 2632 3475 2671; x_wconf 75' lang='lat' dir='ltr'>ex</span> <span class='ocrx_word' id='word_1_408' title='bbox 3496 2632 3565 2671; x_wconf 89' lang='lat' dir='ltr'>eo</span> <span class='ocrx_word' id='word_1_409' title='bbox 3592 2616 3742 2672; x_wconf 87' lang='lat' dir='ltr'>bibe-</span> 
     </span>
    </p>
   </div>
   <div class='ocr_carea' id='block_1_56' title="bbox 2104 2704 3742 2789">
    <p class='ocr_par' dir='ltr' id='par_1_56' title="bbox 2104 2704 3742 2789">
     <span class='ocr_line' id='line_1_56' title="bbox 2104 2704 3742 2789; baseline -0.006 -19"><span class='ocrx_word' id='word_1_410' title='bbox 2104 2720 2425 2789; x_wconf 74' lang='grc' dir='ltr'><strong>1001λοοω</strong></span> <span class='ocrx_word' id='word_1_411' title='bbox 2456 2714 2725 2770; x_wconf 88' lang='lat' dir='ltr'>sederent</span> <span class='ocrx_word' id='word_1_412' title='bbox 2759 2726 2825 2767; x_wconf 89' lang='lat' dir='ltr'>ea</span> <span class='ocrx_word' id='word_1_413' title='bbox 2868 2711 3008 2765; x_wconf 88' lang='lat' dir='ltr'>hora</span> <span class='ocrx_word' id='word_1_414' title='bbox 3056 2721 3236 2779; x_wconf 90' lang='lat' dir='ltr'>prope</span> <span class='ocrx_word' id='word_1_415' title='bbox 3290 2706 3445 2760; x_wconf 89' lang='lat' dir='ltr'>latus</span> <span class='ocrx_word' id='word_1_416' title='bbox 3492 2704 3742 2761; x_wconf 87' lang='lat' dir='ltr'>hominis</span> 
     </span>
    </p>
   </div>
   <div class='ocr_carea' id='block_1_57' title="bbox 2103 2797 3742 2875">
    <p class='ocr_par' dir='ltr' id='par_1_57' title="bbox 2103 2797 3742 2875">
     <span class='ocr_line' id='line_1_57' title="bbox 2103 2797 3742 2875; baseline -0.008 -15"><span class='ocrx_word' id='word_1_417' title='bbox 2103 2804 2233 2871; x_wconf 91' lang='lat' dir='ltr'>Dei;</span> <span class='ocrx_word' id='word_1_418' title='bbox 2255 2808 2312 2860; x_wconf 92' lang='lat' dir='ltr'>et</span> <span class='ocrx_word' id='word_1_419' title='bbox 2339 2807 2620 2875; x_wconf 70' lang='lat' dir='ltr'>praeterea</span> <span class='ocrx_word' id='word_1_420' title='bbox 2647 2800 2884 2857; x_wconf 88' lang='lat' dir='ltr'>virtutis</span> <span class='ocrx_word' id='word_1_421' title='bbox 2906 2798 3080 2867; x_wconf 87' lang='lat' dir='ltr'>hujus</span> <span class='ocrx_word' id='word_1_422' title='bbox 3100 2799 3187 2852; x_wconf 90' lang='lat' dir='ltr'>tot</span> <span class='ocrx_word' id='word_1_423' title='bbox 3210 2797 3345 2850; x_wconf 89' lang='lat' dir='ltr'>sunt</span> <span class='ocrx_word' id='word_1_424' title='bbox 3371 2797 3579 2863; x_wconf 89' lang='lat' dir='ltr'>testes,</span> <span class='ocrx_word' id='word_1_425' title='bbox 3609 2798 3742 2864; x_wconf 90' lang='lat' dir='ltr'>quot</span> 
     </span>
    </p>
   </div>
   <div class='ocr_carea' id='block_1_58' title="bbox 2104 2881 3746 2960">
    <p class='ocr_par' dir='ltr' id='par_1_58' title="bbox 2104 2881 3746 2960">
     <span class='ocr_line' id='line_1_58' title="bbox 2104 2881 3746 2960; baseline -0.008 -11"><span class='ocrx_word' id='word_1_426' title='bbox 2104 2900 2273 2949; x_wconf 89' lang='lat' dir='ltr'>erant</span> <span class='ocrx_word' id='word_1_427' title='bbox 2302 2893 2406 2949; x_wconf 65' lang='lat' dir='ltr'>viae</span> <span class='ocrx_word' id='word_1_428' title='bbox 2438 2892 2702 2959; x_wconf 90' lang='lat' dir='ltr'>comites,</span> <span class='ocrx_word' id='word_1_429' title='bbox 2739 2889 2869 2960; x_wconf 89' lang='lat' dir='ltr'>quia</span> <span class='ocrx_word' id='word_1_430' title='bbox 2902 2886 3098 2943; x_wconf 89' lang='lat' dir='ltr'>nullus</span> <span class='ocrx_word' id='word_1_431' title='bbox 3131 2885 3187 2939; x_wconf 90' lang='lat' dir='ltr'>in</span> <span class='ocrx_word' id='word_1_432' title='bbox 3220 2882 3502 2939; x_wconf 91' lang='lat' dir='ltr'>comitatu</span> <span class='ocrx_word' id='word_1_433' title='bbox 3536 2881 3637 2938; x_wconf 91' lang='lat' dir='ltr'>illo</span> <span class='ocrx_word' id='word_1_434' title='bbox 3669 2883 3746 2937; x_wconf 91' lang='lat' dir='ltr'>in-</span> 
     </span>
    </p>
   </div>
   <div class='ocr_carea' id='block_1_59' title="bbox 2105 2970 3745 3050">
    <p class='ocr_par' dir='ltr' id='par_1_59' title="bbox 2105 2970 3745 3050">
     <span class='ocr_line' id='line_1_59' title="bbox 2105 2970 3745 3050; baseline -0.006 -13"><span class='ocrx_word' id='word_1_435' title='bbox 2105 2984 2313 3038; x_wconf 85' lang='lat' dir='ltr'>ventus</span> <span class='ocrx_word' id='word_1_436' title='bbox 2343 2985 2455 3050; x_wconf 91' lang='lat' dir='ltr'>est,</span> <span class='ocrx_word' id='word_1_437' title='bbox 2481 2980 2575 3036; x_wconf 91' lang='lat' dir='ltr'>cui</span> <span class='ocrx_word' id='word_1_438' title='bbox 2609 2993 2721 3034; x_wconf 90' lang='lat' dir='ltr'>non</span> <span class='ocrx_word' id='word_1_439' title='bbox 2745 2976 2834 3034; x_wconf 93' lang='lat' dir='ltr'>vir</span> <span class='ocrx_word' id='word_1_440' title='bbox 2854 2976 2951 3032; x_wconf 89' lang='lat' dir='ltr'>Dei</span> <span class='ocrx_word' id='word_1_441' title='bbox 2976 2991 3048 3030; x_wconf 85' lang='lat' dir='ltr'>ex</span> <span class='ocrx_word' id='word_1_442' title='bbox 3070 2975 3179 3030; x_wconf 89' lang='lat' dir='ltr'>hoc</span> <span class='ocrx_word' id='word_1_443' title='bbox 3200 2972 3332 3028; x_wconf 91' lang='lat' dir='ltr'>vino</span> <span class='ocrx_word' id='word_1_444' title='bbox 3358 2970 3593 3028; x_wconf 89' lang='lat' dir='ltr'>virtutis</span> <span class='ocrx_word' id='word_1_445' title='bbox 3619 2985 3745 3042; x_wconf 85' lang='lat' dir='ltr'>pro-</span> 
     </span>
    </p>
   </div>
   <div class='ocr_carea' id='block_1_60' title="bbox 2107 3059 3744 3141">
    <p class='ocr_par' dir='ltr' id='par_1_60' title="bbox 2107 3059 3744 3141">
     <span class='ocr_line' id='line_1_60' title="bbox 2107 3059 3744 3141; baseline -0.005 -17"><span class='ocrx_word' id='word_1_446' title='bbox 2107 3070 2383 3141; x_wconf 89' lang='lat' dir='ltr'>pinasset.</span> <span class='ocrx_word' id='word_1_447' title='bbox 2411 3070 2512 3125; x_wconf 86' lang='lat' dir='ltr'>Est</span> <span class='ocrx_word' id='word_1_448' title='bbox 2535 3069 2724 3125; x_wconf 89' lang='lat' dir='ltr'>adhuc</span> <span class='ocrx_word' id='word_1_449' title='bbox 2748 3069 2803 3122; x_wconf 89' lang='lat' dir='ltr'>in</span> <span class='ocrx_word' id='word_1_450' title='bbox 2837 3062 3139 3136; x_wconf 90' lang='lat' dir='ltr'>Bajoeensi</span> <span class='ocrx_word' id='word_1_451' title='bbox 3164 3061 3308 3118; x_wconf 89' lang='lat' dir='ltr'>urbe</span> <span class='ocrx_word' id='word_1_452' title='bbox 3340 3059 3503 3131; x_wconf 88' lang='lat' dir='ltr'>quasi</span> <span class='ocrx_word' id='word_1_453' title='bbox 3535 3074 3744 3116; x_wconf 89' lang='lat' dir='ltr'>novum</span> 
     </span>
    </p>
   </div>
   <div class='ocr_carea' id='block_1_61' title="bbox 2106 3151 3741 3227">
    <p class='ocr_par' dir='ltr' id='par_1_61' title="bbox 2106 3151 3741 3227">
     <span class='ocr_line' id='line_1_61' title="bbox 2106 3151 3741 3227; baseline -0.006 -14"><span class='ocrx_word' id='word_1_454' title='bbox 2106 3159 2214 3215; x_wconf 90' lang='lat' dir='ltr'>hoc</span> <span class='ocrx_word' id='word_1_455' title='bbox 2246 3157 2607 3226; x_wconf 89' lang='lat' dir='ltr'>miraculum,</span> <span class='ocrx_word' id='word_1_456' title='bbox 2632 3163 2691 3212; x_wconf 88' lang='lat' dir='ltr'>et</span> <span class='ocrx_word' id='word_1_457' title='bbox 2716 3160 2910 3227; x_wconf 90' lang='lat' dir='ltr'>patres</span> <span class='ocrx_word' id='word_1_458' title='bbox 2935 3152 3031 3224; x_wconf 93' lang='lat' dir='ltr'>qui</span> <span class='ocrx_word' id='word_1_459' title='bbox 3055 3151 3330 3208; x_wconf 88' lang='lat' dir='ltr'>viderunt</span> <span class='ocrx_word' id='word_1_460' title='bbox 3358 3152 3741 3205; x_wconf 88' lang='lat' dir='ltr'>narraverunt</span> 
     </span>
    </p>
   </div>
   <div class='ocr_carea' id='block_1_62' title="bbox 356 3236 3743 3317">
    <p class='ocr_par' dir='ltr' id='par_1_62' title="bbox 356 3236 3743 3317">
     <span class='ocr_line' id='line_1_62' title="bbox 356 3236 3743 3317; baseline -0.004 -23"><span class='ocrx_word' id='word_1_461' title='bbox 356 3246 413 3294; x_wconf 88' lang='lat' dir='ltr'>ut</span> <span class='ocrx_word' id='word_1_462' title='bbox 440 3239 702 3295; x_wconf 86' lang='lat' dir='ltr'>obcdiret</span> <span class='ocrx_word' id='word_1_463' title='bbox 735 3240 1026 3311; x_wconf 87' lang='lat' dir='ltr'>patefecit.</span> <span class='ocrx_word' id='word_1_464' title='bbox 1047 3240 1130 3294; x_wconf 91' lang='lat' dir='ltr'>llli</span> <span class='ocrx_word' id='word_1_465' title='bbox 1158 3240 1605 3308; x_wconf 88' lang='lat' dir='ltr'>admirantes,et</span> <span class='ocrx_word' id='word_1_466' title='bbox 1630 3252 1733 3309; x_wconf 90' lang='lat' dir='ltr'>pro</span> <span class='ocrx_word' id='word_1_467' title='bbox 1757 3236 1995 3293; x_wconf 85' lang='lat' dir='ltr'>inﬁrmi-</span> <span class='ocrx_word' id='word_1_468' title='bbox 2028 3290 2072 3317; x_wconf 53' lang='grc' dir='ltr'><strong>η</strong></span> <span class='ocrx_word' id='word_1_469' title='bbox 2105 3262 2168 3304; x_wconf 74' lang='lat' dir='ltr'>ea</span> <span class='ocrx_word' id='word_1_470' title='bbox 2206 3247 2338 3303; x_wconf 78' lang='lat' dir='ltr'>ﬁliis</span> <span class='ocrx_word' id='word_1_471' title='bbox 2369 3247 2507 3317; x_wconf 59' lang='lat' dir='ltr'>suis,</span> <span class='ocrx_word' id='word_1_472' title='bbox 2534 3251 2590 3301; x_wconf 68' lang='grc' dir='ltr'><strong>ρι</strong></span> <span class='ocrx_word' id='word_1_473' title='bbox 2627 3245 2727 3300; x_wconf 67' lang='lat' dir='ltr'>mi;</span> <span class='ocrx_word' id='word_1_474' title='bbox 2759 3244 3009 3299; x_wconf 65' lang='lat' dir='ltr'>quorum</span> <span class='ocrx_word' id='word_1_475' title='bbox 3041 3240 3198 3311; x_wconf 60' lang='lat' dir='ltr'>ﬁliis,</span> <span class='ocrx_word' id='word_1_476' title='bbox 3225 3243 3285 3297; x_wconf 75' lang='grc' dir='ltr'>ιη</span> <span class='ocrx_word' id='word_1_477' title='bbox 3312 3241 3629 3309; x_wconf 62' lang='lat' dir='ltr'>cognoscat</span> <span class='ocrx_word' id='word_1_478' title='bbox 3650 3252 3743 3307; x_wconf 74' lang='lat' dir='ltr'>ge.</span> 
     </span>
    </p>
   </div>
   <div class='ocr_carea' id='block_1_63' title="bbox 354 3328 1995 3399">
    <p class='ocr_par' dir='ltr' id='par_1_63' title="bbox 354 3328 1995 3399">
     <span class='ocr_line' id='line_1_63' title="bbox 354 3328 1995 3399; baseline 0.001 -18"><span class='ocrx_word' id='word_1_479' title='bbox 354 3334 473 3383; x_wconf 82' lang='lat' dir='ltr'>tate</span> <span class='ocrx_word' id='word_1_480' title='bbox 509 3344 675 3399; x_wconf 82' lang='lat' dir='ltr'>quam</span> <span class='ocrx_word' id='word_1_481' title='bbox 704 3330 977 3385; x_wconf 81' lang='lat' dir='ltr'>videbant</span> <span class='ocrx_word' id='word_1_482' title='bbox 1002 3328 1285 3385; x_wconf 86' lang='lat' dir='ltr'>voluntati</span> <span class='ocrx_word' id='word_1_483' title='bbox 1317 3329 1442 3398; x_wconf 85' lang='lat' dir='ltr'>ejus</span> <span class='ocrx_word' id='word_1_484' title='bbox 1464 3328 1761 3384; x_wconf 90' lang='lat' dir='ltr'>contraire</span> <span class='ocrx_word' id='word_1_485' title='bbox 1784 3342 1995 3384; x_wconf 89' lang='lat' dir='ltr'>conan-</span> 
     </span>
    </p>
   </div>
   <div class='ocr_carea' id='block_1_64' title="bbox 354 3416 1995 3483">
    <p class='ocr_par' dir='ltr' id='par_1_64' title="bbox 354 3416 1995 3483">
     <span class='ocr_line' id='line_1_64' title="bbox 354 3416 1995 3483; baseline 0.001 -13"><span class='ocrx_word' id='word_1_486' title='bbox 354 3422 460 3483; x_wconf 81' lang='lat' dir='ltr'>tes,</span> <span class='ocrx_word' id='word_1_487' title='bbox 488 3434 617 3473; x_wconf 90' lang='lat' dir='ltr'>cum</span> <span class='ocrx_word' id='word_1_488' title='bbox 649 3424 916 3474; x_wconf 83' lang='lat' dir='ltr'>avertere</span> <span class='ocrx_word' id='word_1_489' title='bbox 950 3419 1236 3475; x_wconf 88' lang='lat' dir='ltr'>hominem</span> <span class='ocrx_word' id='word_1_490' title='bbox 1268 3435 1296 3474; x_wconf 87' lang='lat' dir='ltr'>a</span> <span class='ocrx_word' id='word_1_491' title='bbox 1330 3423 1493 3474; x_wconf 88' lang='lat' dir='ltr'>recta</span> <span class='ocrx_word' id='word_1_492' title='bbox 1532 3416 1853 3473; x_wconf 89' lang='lat' dir='ltr'>intentione</span> <span class='ocrx_word' id='word_1_493' title='bbox 1878 3431 1995 3471; x_wconf 92' lang='lat' dir='ltr'>mo-</span> 
     </span>
    </p>
   </div>
   <div class='ocr_carea' id='block_1_65' title="bbox 357 3503 1996 3577">
    <p class='ocr_par' dir='ltr' id='par_1_65' title="bbox 357 3503 1996 3577">
     <span class='ocr_line' id='line_1_65' title="bbox 357 3503 1996 3577; baseline 0.001 -20"><span class='ocrx_word' id='word_1_494' title='bbox 357 3504 624 3575; x_wconf 86' lang='lat' dir='ltr'>lirentur,</span> <span class='ocrx_word' id='word_1_495' title='bbox 655 3506 1015 3577; x_wconf 84' lang='lat' dir='ltr'>impossibile</span> <span class='ocrx_word' id='word_1_496' title='bbox 1038 3522 1164 3562; x_wconf 86' lang='lat' dir='ltr'>esse</span> <span class='ocrx_word' id='word_1_497' title='bbox 1190 3504 1815 3577; x_wconf 84' lang='lat' dir='ltr'>pronuntiabantquod</span> <span class='ocrx_word' id='word_1_498' title='bbox 1842 3503 1996 3560; x_wconf 85' lang='lat' dir='ltr'>dicc-</span> 
     </span>
    </p>
   </div>
   <div class='ocr_carea' id='block_1_66' title="bbox 358 3593 1995 3659">
    <p class='ocr_par' dir='ltr' id='par_1_66' title="bbox 358 3593 1995 3659">
     <span class='ocr_line' id='line_1_66' title="bbox 358 3593 1995 3659; baseline 0 -12"><span class='ocrx_word' id='word_1_499' title='bbox 358 3593 559 3659; x_wconf 88' lang='lat' dir='ltr'>batur;</span> <span class='ocrx_word' id='word_1_500' title='bbox 581 3611 709 3648; x_wconf 74' lang='lat' dir='ltr'>eum</span> <span class='ocrx_word' id='word_1_501' title='bbox 746 3594 841 3649; x_wconf 91' lang='lat' dir='ltr'>ille</span> <span class='ocrx_word' id='word_1_502' title='bbox 873 3594 1050 3651; x_wconf 88' lang='lat' dir='ltr'>lilium</span> <span class='ocrx_word' id='word_1_503' title='bbox 1089 3595 1475 3651; x_wconf 74' lang='lat' dir='ltr'>(iauzfredum</span> <span class='ocrx_word' id='word_1_504' title='bbox 1506 3593 1882 3650; x_wconf 85' lang='lat' dir='ltr'>assistentem</span> <span class='ocrx_word' id='word_1_505' title='bbox 1914 3593 1995 3647; x_wconf 88' lang='lat' dir='ltr'>vi-</span> 
     </span>
    </p>
   </div>
   <div class='ocr_carea' id='block_1_67' title="bbox 356 3680 1996 3754">
    <p class='ocr_par' dir='ltr' id='par_1_67' title="bbox 356 3680 1996 3754">
     <span class='ocr_line' id='line_1_67' title="bbox 356 3680 1996 3754; baseline 0.001 -19"><span class='ocrx_word' id='word_1_506' title='bbox 356 3682 528 3736; x_wconf 86' lang='lat' dir='ltr'>dens:</span> <span class='ocrx_word' id='word_1_507' title='bbox 564 3682 732 3751; x_wconf 79' lang='lat' dir='ltr'>l&#39;ade,</span> <span class='ocrx_word' id='word_1_508' title='bbox 749 3683 850 3751; x_wconf 88' lang='lat' dir='ltr'>ait,</span> <span class='ocrx_word' id='word_1_509' title='bbox 858 3698 1139 3754; x_wconf 66' lang='lat' dir='ltr'>praepara</span> <span class='ocrx_word' id='word_1_510' title='bbox 1161 3696 1451 3754; x_wconf 64' lang='lat' dir='ltr'>expensas</span> <span class='ocrx_word' id='word_1_511' title='bbox 1472 3682 1817 3752; x_wconf 71' lang='lat' dir='ltr'>etquasunI</span> <span class='ocrx_word' id='word_1_512' title='bbox 1831 3680 1996 3737; x_wconf 84' lang='lat' dir='ltr'>tanta</span> 
     </span>
    </p>
   </div>
   <div class='ocr_carea' id='block_1_68' title="bbox 354 3769 1997 3842">
    <p class='ocr_par' dir='ltr' id='par_1_68' title="bbox 354 3769 1997 3842">
     <span class='ocr_line' id='line_1_68' title="bbox 354 3769 1997 3842; baseline 0.001 -18"><span class='ocrx_word' id='word_1_513' title='bbox 354 3770 563 3827; x_wconf 74' lang='lat' dir='ltr'>itineri</span> <span class='ocrx_word' id='word_1_514' title='bbox 586 3770 942 3839; x_wconf 81' lang='lat' dir='ltr'>necessaria,</span> <span class='ocrx_word' id='word_1_515' title='bbox 970 3772 1117 3842; x_wconf 84' lang='lat' dir='ltr'>quia</span> <span class='ocrx_word' id='word_1_516' title='bbox 1136 3771 1193 3825; x_wconf 83' lang='lat' dir='ltr'>et</span> <span class='ocrx_word' id='word_1_517' title='bbox 1211 3785 1314 3841; x_wconf 71' lang='lat' dir='ltr'>ego</span> <span class='ocrx_word' id='word_1_518' title='bbox 1338 3769 1450 3838; x_wconf 78' lang='lat' dir='ltr'>ibo,</span> <span class='ocrx_word' id='word_1_519' title='bbox 1468 3775 1521 3825; x_wconf 87' lang='lat' dir='ltr'>et</span> <span class='ocrx_word' id='word_1_520' title='bbox 1543 3769 1606 3826; x_wconf 83' lang='lat' dir='ltr'>tu</span> <span class='ocrx_word' id='word_1_521' title='bbox 1626 3783 1868 3838; x_wconf 86' lang='lat' dir='ltr'>mecum,</span> <span class='ocrx_word' id='word_1_522' title='bbox 1890 3769 1997 3825; x_wconf 88' lang='lat' dir='ltr'>Dei</span> 
     </span>
    </p>
   </div>
   <div class='ocr_carea' id='block_1_69' title="bbox 352 3855 1996 3929">
    <p class='ocr_par' dir='ltr' id='par_1_69' title="bbox 352 3855 1996 3929">
     <span class='ocr_line' id='line_1_69' title="bbox 352 3855 1996 3929; baseline -0.002 -14"><span class='ocrx_word' id='word_1_523' title='bbox 352 3860 694 3929; x_wconf 80' lang='lat' dir='ltr'>cooperante</span> <span class='ocrx_word' id='word_1_524' title='bbox 706 3860 917 3915; x_wconf 69' lang='lat' dir='ltr'>clemen</span> <span class='ocrx_word' id='word_1_525' title='bbox 932 3859 1037 3916; x_wconf 89' lang='lat' dir='ltr'>tia.</span> <span class='ocrx_word' id='word_1_526' title='bbox 1059 3858 1367 3928; x_wconf 81' lang='lat' dir='ltr'>Adquievit</span> <span class='ocrx_word' id='word_1_527' title='bbox 1388 3857 1559 3927; x_wconf 86' lang='lat' dir='ltr'>ﬁlius,</span> <span class='ocrx_word' id='word_1_528' title='bbox 1577 3861 1634 3912; x_wconf 92' lang='lat' dir='ltr'>et</span> <span class='ocrx_word' id='word_1_529' title='bbox 1650 3855 1870 3927; x_wconf 88' lang='lat' dir='ltr'>paratis</span> <span class='ocrx_word' id='word_1_530' title='bbox 1884 3872 1996 3926; x_wconf 93' lang='lat' dir='ltr'>quo</span> 
     </span>
    </p>
   </div>
   <div class='ocr_carea' id='block_1_70' title="bbox 355 3945 1999 4017">
    <p class='ocr_par' dir='ltr' id='par_1_70' title="bbox 355 3945 1999 4017">
     <span class='ocr_line' id='line_1_70' title="bbox 355 3945 1999 4017; baseline -0.001 -15"><span class='ocrx_word' id='word_1_531' title='bbox 355 3948 530 4003; x_wconf 77' lang='lat' dir='ltr'>citius</span> <span class='ocrx_word' id='word_1_532' title='bbox 552 3948 738 4017; x_wconf 81' lang='lat' dir='ltr'>potuit</span> <span class='ocrx_word' id='word_1_533' title='bbox 767 3947 1135 4003; x_wconf 83' lang='lat' dir='ltr'>tantoitineri</span> <span class='ocrx_word' id='word_1_534' title='bbox 1153 3946 1523 4015; x_wconf 83' lang='lat' dir='ltr'>necessariis,</span> <span class='ocrx_word' id='word_1_535' title='bbox 1544 3950 1767 4017; x_wconf 91' lang='lat' dir='ltr'>patrem</span> <span class='ocrx_word' id='word_1_536' title='bbox 1783 3945 1852 4000; x_wconf 90' lang='lat' dir='ltr'>de</span> <span class='ocrx_word' id='word_1_537' title='bbox 1868 3960 1999 4015; x_wconf 86' lang='lat' dir='ltr'>pro-</span> 
     </span>
    </p>
   </div>
   <div class='ocr_carea' id='block_1_71' title="bbox 357 4033 1994 4107">
    <p class='ocr_par' dir='ltr' id='par_1_71' title="bbox 357 4033 1994 4107">
     <span class='ocr_line' id='line_1_71' title="bbox 357 4033 1994 4107; baseline -0.001 -19"><span class='ocrx_word' id='word_1_538' title='bbox 357 4034 606 4091; x_wconf 88' lang='lat' dir='ltr'>fectione</span> <span class='ocrx_word' id='word_1_539' title='bbox 631 4035 948 4091; x_wconf 89' lang='lat' dir='ltr'>admonuit.</span> <span class='ocrx_word' id='word_1_540' title='bbox 976 4035 1080 4091; x_wconf 88' lang='lat' dir='ltr'>Ille</span> <span class='ocrx_word' id='word_1_541' title='bbox 1107 4036 1566 4107; x_wconf 89' lang='lat' dir='ltr'>propinquorum</span> <span class='ocrx_word' id='word_1_542' title='bbox 1590 4038 1646 4089; x_wconf 84' lang='lat' dir='ltr'>et</span> <span class='ocrx_word' id='word_1_543' title='bbox 1670 4033 1994 4091; x_wconf 91' lang='lat' dir='ltr'>vicinorum</span> 
     </span>
    </p>
   </div>
   <div class='ocr_carea' id='block_1_72' title="bbox 355 4123 1998 4196">
    <p class='ocr_par' dir='ltr' id='par_1_72' title="bbox 355 4123 1998 4196">
     <span class='ocr_line' id='line_1_72' title="bbox 355 4123 1998 4196; baseline -0.002 -17"><span class='ocrx_word' id='word_1_544' title='bbox 355 4139 601 4192; x_wconf 77' lang='lat' dir='ltr'>surgens</span> <span class='ocrx_word' id='word_1_545' title='bbox 624 4123 1018 4194; x_wconf 89' lang='lat' dir='ltr'>amminiculo,</span> <span class='ocrx_word' id='word_1_546' title='bbox 1036 4132 1266 4196; x_wconf 89' lang='lat' dir='ltr'>pontem</span> <span class='ocrx_word' id='word_1_547' title='bbox 1290 4128 1425 4179; x_wconf 91' lang='lat' dir='ltr'>ante</span> <span class='ocrx_word' id='word_1_548' title='bbox 1441 4123 1853 4179; x_wconf 87' lang='lat' dir='ltr'>monasterium</span> <span class='ocrx_word' id='word_1_549' title='bbox 1870 4137 1998 4177; x_wconf 91' lang='lat' dir='ltr'>san-</span> 
     </span>
    </p>
   </div>
   <div class='ocr_carea' id='block_1_73' title="bbox 353 4210 1998 4282">
    <p class='ocr_par' dir='ltr' id='par_1_73' title="bbox 353 4210 1998 4282">
     <span class='ocr_line' id='line_1_73' title="bbox 353 4210 1998 4282; baseline -0.002 -14"><span class='ocrx_word' id='word_1_550' title='bbox 353 4218 462 4268; x_wconf 68' lang='grc'><strong>0110</strong></span> <span class='ocrx_word' id='word_1_551' title='bbox 496 4214 685 4269; x_wconf 53' lang='lat' dir='ltr'>Marte</span> <span class='ocrx_word' id='word_1_552' title='bbox 717 4213 1065 4282; x_wconf 71' lang='lat' dir='ltr'>Magdalenze</span> <span class='ocrx_word' id='word_1_553' title='bbox 1098 4214 1150 4268; x_wconf 92' lang='lat' dir='ltr'>in</span> <span class='ocrx_word' id='word_1_554' title='bbox 1185 4213 1387 4268; x_wconf 89' lang='lat' dir='ltr'>eadem</span> <span class='ocrx_word' id='word_1_555' title='bbox 1421 4212 1824 4282; x_wconf 87' lang='lat' dir='ltr'>Bajoeensium</span> <span class='ocrx_word' id='word_1_556' title='bbox 1859 4210 1998 4266; x_wconf 85' lang='lat' dir='ltr'>civi-</span> 
     </span>
    </p>
   </div>
   <div class='ocr_carea' id='block_1_74' title="bbox 355 4300 1998 4371">
    <p class='ocr_par' dir='ltr' id='par_1_74' title="bbox 355 4300 1998 4371">
     <span class='ocr_line' id='line_1_74' title="bbox 355 4300 1998 4371; baseline -0.002 -16"><span class='ocrx_word' id='word_1_557' title='bbox 355 4306 476 4356; x_wconf 89' lang='lat' dir='ltr'>tate</span> <span class='ocrx_word' id='word_1_558' title='bbox 506 4301 702 4369; x_wconf 90' lang='lat' dir='ltr'>situm,</span> <span class='ocrx_word' id='word_1_559' title='bbox 735 4302 888 4371; x_wconf 89' lang='lat' dir='ltr'>quod</span> <span class='ocrx_word' id='word_1_560' title='bbox 922 4306 1051 4357; x_wconf 91' lang='lat' dir='ltr'>erat</span> <span class='ocrx_word' id='word_1_561' title='bbox 1080 4302 1332 4358; x_wconf 90' lang='lat' dir='ltr'>vicinum</span> <span class='ocrx_word' id='word_1_562' title='bbox 1367 4300 1560 4356; x_wconf 92' lang='lat' dir='ltr'>domui</span> <span class='ocrx_word' id='word_1_563' title='bbox 1594 4316 1734 4369; x_wconf 58' lang='lat' dir='ltr'>sua},</span> <span class='ocrx_word' id='word_1_564' title='bbox 1771 4314 1799 4354; x_wconf 90' lang='lat' dir='ltr'>a</span> <span class='ocrx_word' id='word_1_565' title='bbox 1833 4301 1998 4370; x_wconf 89' lang='lat' dir='ltr'>quat-</span> 
     </span>
    </p>
   </div>
   <div class='ocr_carea' id='block_1_75' title="bbox 353 4389 1998 4459">
    <p class='ocr_par' dir='ltr' id='par_1_75' title="bbox 353 4389 1998 4459">
     <span class='ocr_line' id='line_1_75' title="bbox 353 4389 1998 4459; baseline -0.001 -14"><span class='ocrx_word' id='word_1_566' title='bbox 353 4394 490 4446; x_wconf 91' lang='lat' dir='ltr'>tuor</span> <span class='ocrx_word' id='word_1_567' title='bbox 521 4391 653 4445; x_wconf 91' lang='lat' dir='ltr'>hinc</span> <span class='ocrx_word' id='word_1_568' title='bbox 685 4396 743 4446; x_wconf 90' lang='lat' dir='ltr'>et</span> <span class='ocrx_word' id='word_1_569' title='bbox 775 4390 907 4447; x_wconf 89' lang='lat' dir='ltr'>inde</span> <span class='ocrx_word' id='word_1_570' title='bbox 941 4394 1305 4447; x_wconf 87' lang='lat' dir='ltr'>sustentatus</span> <span class='ocrx_word' id='word_1_571' title='bbox 1359 4389 1612 4459; x_wconf 88' lang='lat' dir='ltr'>transiit,</span> <span class='ocrx_word' id='word_1_572' title='bbox 1646 4393 1703 4445; x_wconf 91' lang='lat' dir='ltr'>et</span> <span class='ocrx_word' id='word_1_573' title='bbox 1755 4404 1888 4444; x_wconf 83' lang='lat' dir='ltr'>mox</span> <span class='ocrx_word' id='word_1_574' title='bbox 1934 4391 1998 4444; x_wconf 93' lang='lat' dir='ltr'>ut</span> 
     </span>
    </p>
   </div>
   <div class='ocr_carea' id='block_1_76' title="bbox 353 4474 1995 4551">
    <p class='ocr_par' dir='ltr' id='par_1_76' title="bbox 353 4474 1995 4551">
     <span class='ocr_line' id='line_1_76' title="bbox 353 4474 1995 4551; baseline -0.004 -15"><span class='ocrx_word' id='word_1_575' title='bbox 353 4495 504 4551; x_wconf 90' lang='lat' dir='ltr'>equo</span> <span class='ocrx_word' id='word_1_576' title='bbox 534 4480 844 4551; x_wconf 87' lang='lat' dir='ltr'>impositus</span> <span class='ocrx_word' id='word_1_577' title='bbox 872 4484 984 4551; x_wconf 89' lang='lat' dir='ltr'>est,</span> <span class='ocrx_word' id='word_1_578' title='bbox 1021 4496 1196 4537; x_wconf 90' lang='lat' dir='ltr'>sanus</span> <span class='ocrx_word' id='word_1_579' title='bbox 1228 4482 1418 4535; x_wconf 89' lang='lat' dir='ltr'>factus</span> <span class='ocrx_word' id='word_1_580' title='bbox 1447 4484 1503 4534; x_wconf 91' lang='lat' dir='ltr'>et</span> <span class='ocrx_word' id='word_1_581' title='bbox 1538 4477 1861 4546; x_wconf 89' lang='lat' dir='ltr'>incolomis,</span> <span class='ocrx_word' id='word_1_582' title='bbox 1889 4474 1995 4531; x_wconf 74' lang='lat' dir='ltr'>vim</span> 
     </span>
    </p>
   </div>
   <div class='ocr_carea' id='block_1_77' title="bbox 354 4566 1993 4639">
    <p class='ocr_par' dir='ltr' id='par_1_77' title="bbox 354 4566 1993 4639">
     <span class='ocr_line' id='line_1_77' title="bbox 354 4566 1993 4639; baseline -0.002 -14"><span class='ocrx_word' id='word_1_583' title='bbox 354 4584 415 4625; x_wconf 86' lang='lat' dir='ltr'>se</span> <span class='ocrx_word' id='word_1_584' title='bbox 447 4568 717 4639; x_wconf 88' lang='lat' dir='ltr'>credidit,</span> <span class='ocrx_word' id='word_1_585' title='bbox 753 4573 812 4625; x_wconf 89' lang='lat' dir='ltr'>et</span> <span class='ocrx_word' id='word_1_586' title='bbox 838 4568 1157 4625; x_wconf 88' lang='lat' dir='ltr'>comitante</span> <span class='ocrx_word' id='word_1_587' title='bbox 1191 4568 1383 4624; x_wconf 89' lang='lat' dir='ltr'>divina</span> <span class='ocrx_word' id='word_1_588' title='bbox 1434 4567 1623 4637; x_wconf 87' lang='lat' dir='ltr'>gratia</span> <span class='ocrx_word' id='word_1_589' title='bbox 1672 4566 1993 4623; x_wconf 88' lang='lat' dir='ltr'>Virdunum</span> 
     </span>
    </p>
   </div>
   <div class='ocr_carea' id='block_1_78' title="bbox 2108 3325 3740 3404">
    <p class='ocr_par' dir='ltr' id='par_1_78' title="bbox 2108 3325 3740 3404">
     <span class='ocr_line' id='line_1_78' title="bbox 2108 3325 3740 3404; baseline -0.006 -13"><span class='ocrx_word' id='word_1_590' title='bbox 2108 3336 2333 3392; x_wconf 87' lang='lat' dir='ltr'>neratio</span> <span class='ocrx_word' id='word_1_591' title='bbox 2367 3335 2571 3391; x_wconf 90' lang='lat' dir='ltr'>altera.</span> <span class='ocrx_word' id='word_1_592' title='bbox 2608 3336 2722 3390; x_wconf 84' lang='lat' dir='ltr'>Nos</span> <span class='ocrx_word' id='word_1_593' title='bbox 2754 3346 2986 3404; x_wconf 89' lang='lat' dir='ltr'>quoque</span> <span class='ocrx_word' id='word_1_594' title='bbox 3036 3331 3144 3386; x_wconf 92' lang='lat' dir='ltr'>hoc</span> <span class='ocrx_word' id='word_1_595' title='bbox 3190 3345 3219 3384; x_wconf 90' lang='lat' dir='ltr'>a</span> <span class='ocrx_word' id='word_1_596' title='bbox 3270 3325 3575 3384; x_wconf 87' lang='lat' dir='ltr'>Gauzfredi</span> <span class='ocrx_word' id='word_1_597' title='bbox 3627 3325 3740 3381; x_wconf 84' lang='lat' dir='ltr'>ﬁlio</span> 
     </span>
    </p>
   </div>
   <div class='ocr_carea' id='block_1_79' title="bbox 2111 3415 3747 3493">
    <p class='ocr_par' dir='ltr' id='par_1_79' title="bbox 2111 3415 3747 3493">
     <span class='ocr_line' id='line_1_79' title="bbox 2111 3415 3747 3493; baseline -0.007 -11"><span class='ocrx_word' id='word_1_598' title='bbox 2111 3426 2384 3482; x_wconf 89' lang='lat' dir='ltr'>Gozelino</span> <span class='ocrx_word' id='word_1_599' title='bbox 2417 3424 2664 3493; x_wconf 85' lang='lat' dir='ltr'>nomine,</span> <span class='ocrx_word' id='word_1_600' title='bbox 2701 3424 2827 3480; x_wconf 91' lang='lat' dir='ltr'>viro</span> <span class='ocrx_word' id='word_1_601' title='bbox 2871 3421 3054 3492; x_wconf 90' lang='lat' dir='ltr'>probo</span> <span class='ocrx_word' id='word_1_602' title='bbox 3087 3425 3146 3475; x_wconf 90' lang='grc'>01</span> <span class='ocrx_word' id='word_1_603' title='bbox 3179 3419 3444 3488; x_wconf 85' lang='grc'><strong>11000810,</strong></span> <span class='ocrx_word' id='word_1_604' title='bbox 3480 3431 3633 3473; x_wconf 88' lang='lat' dir='ltr'>nunc</span> <span class='ocrx_word' id='word_1_605' title='bbox 3664 3415 3747 3471; x_wconf 78' lang='lat' dir='ltr'>Di—</span> 
     </span>
    </p>
   </div>
   <div class='ocr_carea' id='block_1_80' title="bbox 2107 3504 3743 3580">
    <p class='ocr_par' dir='ltr' id='par_1_80' title="bbox 2107 3504 3743 3580">
     <span class='ocr_line' id='line_1_80' title="bbox 2107 3504 3743 3580; baseline -0.007 -8"><span class='ocrx_word' id='word_1_606' title='bbox 2107 3514 2402 3572; x_wconf 89' lang='lat' dir='ltr'>vionensis</span> <span class='ocrx_word' id='word_1_607' title='bbox 2432 3513 2698 3570; x_wconf 66' lang='lat' dir='ltr'>ecclesiae</span> <span class='ocrx_word' id='word_1_608' title='bbox 2724 3511 3024 3580; x_wconf 89' lang='lat' dir='ltr'>monacho,</span> <span class='ocrx_word' id='word_1_609' title='bbox 3048 3507 3392 3577; x_wconf 89' lang='lat' dir='ltr'>audivimus,</span> <span class='ocrx_word' id='word_1_610' title='bbox 3418 3505 3514 3577; x_wconf 92' lang='lat' dir='ltr'>qui</span> <span class='ocrx_word' id='word_1_611' title='bbox 3541 3504 3659 3575; x_wconf 89' lang='lat' dir='ltr'>jam</span> <span class='ocrx_word' id='word_1_612' title='bbox 3681 3518 3743 3561; x_wconf 89' lang='lat' dir='ltr'>eo</span> 
     </span>
    </p>
   </div>
   <div class='ocr_carea' id='block_1_81' title="bbox 2110 3592 3746 3672">
    <p class='ocr_par' dir='ltr' id='par_1_81' title="bbox 2110 3592 3746 3672">
     <span class='ocr_line' id='line_1_81' title="bbox 2110 3592 3746 3672; baseline -0.007 -15"><span class='ocrx_word' id='word_1_613' title='bbox 2110 3608 2375 3672; x_wconf 90' lang='lat' dir='ltr'>tempore</span> <span class='ocrx_word' id='word_1_614' title='bbox 2405 3604 2578 3656; x_wconf 88' lang='lat' dir='ltr'>natus</span> <span class='ocrx_word' id='word_1_615' title='bbox 2606 3603 2665 3655; x_wconf 91' lang='lat' dir='ltr'>et</span> <span class='ocrx_word' id='word_1_616' title='bbox 2696 3597 2951 3665; x_wconf 91' lang='lat' dir='ltr'>adultus,</span> <span class='ocrx_word' id='word_1_617' title='bbox 2978 3610 3008 3651; x_wconf 87' lang='lat' dir='ltr'>a</span> <span class='ocrx_word' id='word_1_618' title='bbox 3031 3599 3194 3666; x_wconf 92' lang='lat' dir='ltr'>patre</span> <span class='ocrx_word' id='word_1_619' title='bbox 3216 3599 3275 3650; x_wconf 92' lang='lat' dir='ltr'>et</span> <span class='ocrx_word' id='word_1_620' title='bbox 3297 3594 3368 3649; x_wconf 90' lang='lat' dir='ltr'>ab</span> <span class='ocrx_word' id='word_1_621' title='bbox 3392 3607 3498 3648; x_wconf 89' lang='lat' dir='ltr'>avo</span> <span class='ocrx_word' id='word_1_622' title='bbox 3521 3592 3634 3647; x_wconf 89' lang='lat' dir='ltr'>hoc</span> <span class='ocrx_word' id='word_1_623' title='bbox 3654 3605 3746 3646; x_wconf 87' lang='lat' dir='ltr'>au-</span> 
     </span>
    </p>
   </div>
   <div class='ocr_carea' id='block_1_82' title="bbox 2109 3678 3744 3759">
    <p class='ocr_par' dir='ltr' id='par_1_82' title="bbox 2109 3678 3744 3759">
     <span class='ocr_line' id='line_1_82' title="bbox 2109 3678 3744 3759; baseline -0.008 -14"><span class='ocrx_word' id='word_1_624' title='bbox 2109 3690 2273 3759; x_wconf 89' lang='lat' dir='ltr'>divit,</span> <span class='ocrx_word' id='word_1_625' title='bbox 2300 3693 2359 3744; x_wconf 87' lang='grc'>01</span> <span class='ocrx_word' id='word_1_626' title='bbox 2395 3688 2598 3745; x_wconf 89' lang='lat' dir='ltr'>didicit</span> <span class='ocrx_word' id='word_1_627' title='bbox 2633 3688 2703 3742; x_wconf 90' lang='lat' dir='ltr'>ab</span> <span class='ocrx_word' id='word_1_628' title='bbox 2738 3686 2854 3741; x_wconf 92' lang='lat' dir='ltr'>illis</span> <span class='ocrx_word' id='word_1_629' title='bbox 2887 3686 3123 3740; x_wconf 90' lang='lat' dir='ltr'>formam</span> <span class='ocrx_word' id='word_1_630' title='bbox 3148 3681 3373 3752; x_wconf 90' lang='lat' dir='ltr'>orandi,</span> <span class='ocrx_word' id='word_1_631' title='bbox 3395 3694 3565 3753; x_wconf 90' lang='lat' dir='ltr'>quam</span> <span class='ocrx_word' id='word_1_632' title='bbox 3592 3678 3744 3735; x_wconf 91' lang='lat' dir='ltr'>insti-</span> 
     </span>
    </p>
   </div>
   <div class='ocr_carea' id='block_1_83' title="bbox 2106 3768 3745 3849">
    <p class='ocr_par' dir='ltr' id='par_1_83' title="bbox 2106 3768 3745 3849">
     <span class='ocr_line' id='line_1_83' title="bbox 2106 3768 3745 3849; baseline -0.005 -15"><span class='ocrx_word' id='word_1_633' title='bbox 2106 3779 2221 3835; x_wconf 88' lang='lat' dir='ltr'>tuit</span> <span class='ocrx_word' id='word_1_634' title='bbox 2257 3778 2642 3849; x_wconf 88' lang='lat' dir='ltr'>simpliciores</span> <span class='ocrx_word' id='word_1_635' title='bbox 2671 3781 2726 3831; x_wconf 91' lang='lat' dir='ltr'>et</span> <span class='ocrx_word' id='word_1_636' title='bbox 2762 3774 2973 3831; x_wconf 90' lang='lat' dir='ltr'>idiotas</span> <span class='ocrx_word' id='word_1_637' title='bbox 3004 3790 3034 3830; x_wconf 93' lang='lat' dir='ltr'>e</span> <span class='ocrx_word' id='word_1_638' title='bbox 3067 3771 3284 3829; x_wconf 74' lang='lat' dir='ltr'>smculo</span> <span class='ocrx_word' id='word_1_639' title='bbox 3333 3771 3405 3826; x_wconf 90' lang='lat' dir='ltr'>ad</span> <span class='ocrx_word' id='word_1_640' title='bbox 3452 3785 3511 3826; x_wconf 90' lang='lat' dir='ltr'>se</span> <span class='ocrx_word' id='word_1_641' title='bbox 3550 3768 3745 3825; x_wconf 88' lang='lat' dir='ltr'>confu-</span> 
     </span>
    </p>
   </div>
   <div class='ocr_carea' id='block_1_84' title="bbox 2106 3857 3742 3938">
    <p class='ocr_par' dir='ltr' id='par_1_84' title="bbox 2106 3857 3742 3938">
     <span class='ocr_line' id='line_1_84' title="bbox 2106 3857 3742 3938; baseline -0.008 -16"><span class='ocrx_word' id='word_1_642' title='bbox 2106 3868 2337 3937; x_wconf 88' lang='lat' dir='ltr'>gientes</span> <span class='ocrx_word' id='word_1_643' title='bbox 2390 3871 2556 3938; x_wconf 89' lang='lat' dir='ltr'>pater</span> <span class='ocrx_word' id='word_1_644' title='bbox 2589 3863 2913 3920; x_wconf 82' lang='lat' dir='ltr'>Richardus</span> <span class='ocrx_word' id='word_1_645' title='bbox 2946 3862 2999 3919; x_wconf 92' lang='lat' dir='ltr'>in</span> <span class='ocrx_word' id='word_1_646' title='bbox 3033 3862 3302 3932; x_wconf 90' lang='lat' dir='ltr'>ingressu</span> <span class='ocrx_word' id='word_1_647' title='bbox 3351 3857 3742 3915; x_wconf 70' lang='lat' dir='ltr'>aecclesiarum</span> 
     </span>
    </p>
   </div>
   <div class='ocr_carea' id='block_1_85' title="bbox 2110 3946 3744 4023">
    <p class='ocr_par' dir='ltr' id='par_1_85' title="bbox 2110 3946 3744 4023">
     <span class='ocr_line' id='line_1_85' title="bbox 2110 3946 3744 4023; baseline -0.006 -12"><span class='ocrx_word' id='word_1_648' title='bbox 2110 3956 2324 4023; x_wconf 87' lang='lat' dir='ltr'>dicere,</span> <span class='ocrx_word' id='word_1_649' title='bbox 2353 3955 2408 4010; x_wconf 89' lang='lat' dir='ltr'>in</span> <span class='ocrx_word' id='word_1_650' title='bbox 2441 3955 2586 4011; x_wconf 87' lang='lat' dir='ltr'>hanc</span> <span class='ocrx_word' id='word_1_651' title='bbox 2612 3954 2851 4009; x_wconf 88' lang='lat' dir='ltr'>formam</span> <span class='ocrx_word' id='word_1_652' title='bbox 2879 3971 2891 4005; x_wconf 88' lang='lat'><strong>:</strong></span> <span class='ocrx_word' id='word_1_653' title='bbox 2916 3950 3239 4009; x_wconf 77' lang='lat' dir='ltr'>Adoremus</span> <span class='ocrx_word' id='word_1_654' title='bbox 3258 3950 3464 4017; x_wconf 88' lang='lat' dir='ltr'>Deum,</span> <span class='ocrx_word' id='word_1_655' title='bbox 3480 3946 3744 4004; x_wconf 78' lang='lat' dir='ltr'>sanctam</span> 
     </span>
    </p>
   </div>
   <div class='ocr_carea' id='block_1_86' title="bbox 2113 4035 3744 4113">
    <p class='ocr_par' dir='ltr' id='par_1_86' title="bbox 2113 4035 3744 4113">
     <span class='ocr_line' id='line_1_86' title="bbox 2113 4035 3744 4113; baseline -0.008 -11"><span class='ocrx_word' id='word_1_656' title='bbox 2113 4043 2489 4112; x_wconf 74' lang='lat' dir='ltr'>Trinitatem,</span> <span class='ocrx_word' id='word_1_657' title='bbox 2507 4042 2882 4113; x_wconf 78' lang='lat' dir='ltr'>deprecemur</span> <span class='ocrx_word' id='word_1_658' title='bbox 2892 4040 3127 4098; x_wconf 84' lang='lat' dir='ltr'>sanctos</span> <span class='ocrx_word' id='word_1_659' title='bbox 3138 4038 3267 4109; x_wconf 83' lang='lat' dir='ltr'>ejus</span> <span class='ocrx_word' id='word_1_660' title='bbox 3279 4038 3387 4109; x_wconf 86' lang='lat' dir='ltr'>qui</span> <span class='ocrx_word' id='word_1_661' title='bbox 3386 4049 3501 4108; x_wconf 86' lang='lat' dir='ltr'>pro</span> <span class='ocrx_word' id='word_1_662' title='bbox 3512 4035 3633 4093; x_wconf 88' lang='lat' dir='ltr'>Deo</span> <span class='ocrx_word' id='word_1_663' title='bbox 3650 4048 3744 4104; x_wconf 65' lang='grc' dir='ltr'>αρε</span> 
     </span>
    </p>
   </div>
   <div class='ocr_carea' id='block_1_87' title="bbox 2094 4120 3743 4206">
    <p class='ocr_par' dir='ltr' id='par_1_87' title="bbox 2094 4120 3743 4206">
     <span class='ocr_line' id='line_1_87' title="bbox 2094 4120 3743 4206; baseline -0.007 -16"><span class='ocrx_word' id='word_1_664' title='bbox 2094 4133 2426 4206; x_wconf 61' lang='lat' dir='ltr'>pellantur.</span> <span class='ocrx_word' id='word_1_665' title='bbox 2470 4132 2540 4188; x_wconf 89' lang='lat' dir='ltr'>ut</span> <span class='ocrx_word' id='word_1_666' title='bbox 2576 4133 2695 4202; x_wconf 91' lang='lat' dir='ltr'>ipsi</span> <span class='ocrx_word' id='word_1_667' title='bbox 2726 4130 3108 4201; x_wconf 77' lang='lat' dir='ltr'>deprecentur</span> <span class='ocrx_word' id='word_1_668' title='bbox 3139 4129 3345 4196; x_wconf 86' lang='lat' dir='ltr'>Deum,</span> <span class='ocrx_word' id='word_1_669' title='bbox 3370 4125 3441 4182; x_wconf 89' lang='lat' dir='ltr'>ut</span> <span class='ocrx_word' id='word_1_670' title='bbox 3465 4123 3567 4181; x_wconf 88' lang='lat' dir='ltr'>det</span> <span class='ocrx_word' id='word_1_671' title='bbox 3588 4120 3743 4181; x_wconf 74' lang='lat' dir='ltr'>nobis</span> 
     </span>
    </p>
   </div>
   <div class='ocr_carea' id='block_1_88' title="bbox 2101 4212 3743 4294">
    <p class='ocr_par' dir='ltr' id='par_1_88' title="bbox 2101 4212 3743 4294">
     <span class='ocr_line' id='line_1_88' title="bbox 2101 4212 3743 4294; baseline -0.008 -14"><span class='ocrx_word' id='word_1_672' title='bbox 2101 4236 2309 4294; x_wconf 88' lang='lat' dir='ltr'>pacem</span> <span class='ocrx_word' id='word_1_673' title='bbox 2343 4222 2399 4278; x_wconf 85' lang='lat' dir='ltr'>et</span> <span class='ocrx_word' id='word_1_674' title='bbox 2424 4220 2767 4288; x_wconf 70' lang='lat' dir='ltr'>sanitatem,</span> <span class='ocrx_word' id='word_1_675' title='bbox 2815 4215 3221 4291; x_wconf 84' lang='lat' dir='ltr'>peccatoribus</span> <span class='ocrx_word' id='word_1_676' title='bbox 3263 4212 3743 4286; x_wconf 79' lang='lat' dir='ltr'>cerampeniten-</span> 
     </span>
    </p>
   </div>
   <div class='ocr_carea' id='block_1_89' title="bbox 2107 4297 3742 4381">
    <p class='ocr_par' dir='ltr' id='par_1_89' title="bbox 2107 4297 3742 4381">
     <span class='ocr_line' id='line_1_89' title="bbox 2107 4297 3742 4381; baseline -0.008 -12"><span class='ocrx_word' id='word_1_677' title='bbox 2107 4314 2274 4381; x_wconf 86' lang='lat' dir='ltr'>tiam,</span> <span class='ocrx_word' id='word_1_678' title='bbox 2328 4307 2809 4368; x_wconf 84' lang='lat' dir='ltr'>discordantibus</span> <span class='ocrx_word' id='word_1_679' title='bbox 2856 4320 3060 4363; x_wconf 80' lang='lat' dir='ltr'>ceram</span> <span class='ocrx_word' id='word_1_680' title='bbox 3106 4302 3539 4371; x_wconf 41' lang='lat' dir='ltr'>«concordiam,</span> <span class='ocrx_word' id='word_1_681' title='bbox 3594 4297 3742 4359; x_wconf 72' lang='lat' dir='ltr'>vicis</span> 
     </span>
    </p>
   </div>
   <div class='ocr_carea' id='block_1_90' title="bbox 2096 4387 3739 4474">
    <p class='ocr_par' dir='ltr' id='par_1_90' title="bbox 2096 4387 3739 4474">
     <span class='ocr_line' id='line_1_90' title="bbox 2096 4387 3739 4474; baseline -0.01 -15"><span class='ocrx_word' id='word_1_682' title='bbox 2096 4414 2325 4474; x_wconf 86' lang='lat' dir='ltr'>pacem,</span> <span class='ocrx_word' id='word_1_683' title='bbox 2359 4398 2661 4470; x_wconf 82' lang='lat' dir='ltr'>defunctis</span> <span class='ocrx_word' id='word_1_684' title='bbox 2714 4397 2999 4468; x_wconf 87' lang='lat' dir='ltr'>requiem.</span> <span class='ocrx_word' id='word_1_685' title='bbox 3062 4396 3178 4450; x_wconf 85' lang='lat' dir='ltr'>Hec</span> <span class='ocrx_word' id='word_1_686' title='bbox 3211 4391 3416 4450; x_wconf 90' lang='lat' dir='ltr'>orandi</span> <span class='ocrx_word' id='word_1_687' title='bbox 3467 4391 3649 4446; x_wconf 86' lang='lat' dir='ltr'>forma</span> <span class='ocrx_word' id='word_1_688' title='bbox 3690 4387 3739 4442; x_wconf 90' lang='lat' dir='ltr'>in</span> 
     </span>
    </p>
   </div>
   <div class='ocr_carea' id='block_1_91' title="bbox 2107 4480 3562 4554">
    <p class='ocr_par' dir='ltr' id='par_1_91' title="bbox 2107 4480 3562 4554">
     <span class='ocr_line' id='line_1_91' title="bbox 2107 4480 3562 4554; baseline -0.009 -8"><span class='ocrx_word' id='word_1_689' title='bbox 2107 4488 2375 4546; x_wconf 89' lang='lat' dir='ltr'>omnibus</span> <span class='ocrx_word' id='word_1_690' title='bbox 2406 4485 2774 4543; x_wconf 89' lang='lat' dir='ltr'>monasteriis</span> <span class='ocrx_word' id='word_1_691' title='bbox 2817 4485 2939 4541; x_wconf 89' lang='lat' dir='ltr'>suis</span> <span class='ocrx_word' id='word_1_692' title='bbox 2967 4482 3150 4554; x_wconf 86' lang='lat' dir='ltr'>layeis</span> <span class='ocrx_word' id='word_1_693' title='bbox 3196 4480 3562 4537; x_wconf 86' lang='lat' dir='ltr'>tradebatur.</span> 
     </span>
    </p>
   </div>
   <div class='ocr_carea' id='block_1_92' title="bbox 356 4641 3736 4728">
    <p class='ocr_par' dir='ltr' id='par_1_92' title="bbox 356 4641 3736 4728">
     <span class='ocr_line' id='line_1_92' title="bbox 356 4641 3736 4728; baseline -0.007 -15"><span class='ocrx_word' id='word_1_694' title='bbox 356 4658 611 4728; x_wconf 87' lang='lat' dir='ltr'>veniens,</span> <span class='ocrx_word' id='word_1_695' title='bbox 644 4674 771 4714; x_wconf 89' lang='lat' dir='ltr'>cum</span> <span class='ocrx_word' id='word_1_696' title='bbox 806 4657 1036 4714; x_wconf 90' lang='lat' dir='ltr'>audiret</span> <span class='ocrx_word' id='word_1_697' title='bbox 1069 4662 1125 4714; x_wconf 91' lang='lat' dir='ltr'>et</span> <span class='ocrx_word' id='word_1_698' title='bbox 1161 4657 1389 4713; x_wconf 72' lang='lat' dir='ltr'>videret</span> <span class='ocrx_word' id='word_1_699' title='bbox 1423 4655 1840 4728; x_wconf 85' lang='lat' dir='ltr'>profectionem</span> <span class='ocrx_word' id='word_1_700' title='bbox 1882 4653 1993 4710; x_wconf 83' lang='lat' dir='ltr'>viri</span> <span class='ocrx_word' id='word_1_701' title='bbox 2025 4649 2079 4714; x_wconf 91' lang='lat' dir='ltr'>D</span> <span class='ocrx_word' id='word_1_702' title='bbox 2178 4654 2265 4707; x_wconf 70' lang='lat'>20.</span> <span class='ocrx_word' id='word_1_703' title='bbox 2292 4651 2427 4705; x_wconf 86' lang='lat' dir='ltr'>Erat</span> <span class='ocrx_word' id='word_1_704' title='bbox 2463 4651 2655 4704; x_wconf 86' lang='lat' dir='ltr'>autem</span> <span class='ocrx_word' id='word_1_705' title='bbox 2687 4645 2815 4701; x_wconf 90' lang='lat' dir='ltr'>viro</span> <span class='ocrx_word' id='word_1_706' title='bbox 2848 4644 2945 4700; x_wconf 90' lang='lat' dir='ltr'>Dei</span> <span class='ocrx_word' id='word_1_707' title='bbox 2980 4641 3260 4698; x_wconf 88' lang='lat' dir='ltr'>familiare</span> <span class='ocrx_word' id='word_1_708' title='bbox 3290 4654 3453 4696; x_wconf 88' lang='lat' dir='ltr'>mane</span> <span class='ocrx_word' id='word_1_709' title='bbox 3485 4650 3736 4708; x_wconf 80' lang='lat' dir='ltr'>surgere,</span> 
     </span>
    </p>
   </div>
   <div class='ocr_carea' id='block_1_93' title="bbox 354 4742 1997 4815">
    <p class='ocr_par' dir='ltr' id='par_1_93' title="bbox 354 4742 1997 4815">
     <span class='ocr_line' id='line_1_93' title="bbox 354 4742 1997 4815; baseline 0 -15"><span class='ocrx_word' id='word_1_710' title='bbox 354 4746 451 4803; x_wconf 89' lang='lat' dir='ltr'>Dei</span> <span class='ocrx_word' id='word_1_711' title='bbox 477 4750 600 4801; x_wconf 91' lang='lat' dir='ltr'>tota</span> <span class='ocrx_word' id='word_1_712' title='bbox 622 4746 765 4801; x_wconf 89' lang='lat' dir='ltr'>urbe</span> <span class='ocrx_word' id='word_1_713' title='bbox 790 4745 1130 4815; x_wconf 89' lang='lat' dir='ltr'>aceelerari,</span> <span class='ocrx_word' id='word_1_714' title='bbox 1147 4743 1448 4813; x_wconf 85' lang='lat' dir='ltr'>sustinuit,</span> <span class='ocrx_word' id='word_1_715' title='bbox 1468 4749 1526 4800; x_wconf 93' lang='lat' dir='ltr'>et</span> <span class='ocrx_word' id='word_1_716' title='bbox 1549 4742 1850 4799; x_wconf 91' lang='lat' dir='ltr'>comitatui</span> <span class='ocrx_word' id='word_1_717' title='bbox 1869 4744 1997 4813; x_wconf 86' lang='lat' dir='ltr'>ejus</span> 
     </span>
    </p>
   </div>
   <div class='ocr_carea' id='block_1_94' title="bbox 354 4832 1993 4904">
    <p class='ocr_par' dir='ltr' id='par_1_94' title="bbox 354 4832 1993 4904">
     <span class='ocr_line' id='line_1_94' title="bbox 354 4832 1993 4904; baseline -0.002 -14"><span class='ocrx_word' id='word_1_718' title='bbox 354 4833 1061 4904; x_wconf 77' lang='lat' dir='ltr'>adhercns,orationibus</span> <span class='ocrx_word' id='word_1_719' title='bbox 1092 4835 1218 4904; x_wconf 91' lang='lat' dir='ltr'>ejus</span> <span class='ocrx_word' id='word_1_720' title='bbox 1248 4849 1307 4890; x_wconf 91' lang='lat' dir='ltr'>se</span> <span class='ocrx_word' id='word_1_721' title='bbox 1339 4848 1469 4889; x_wconf 90' lang='lat' dir='ltr'>cum</span> <span class='ocrx_word' id='word_1_722' title='bbox 1520 4832 1637 4889; x_wconf 85' lang='lat' dir='ltr'>ﬁlio</span> <span class='ocrx_word' id='word_1_723' title='bbox 1681 4832 1993 4903; x_wconf 90' lang='lat' dir='ltr'>commisit,</span> 
     </span>
    </p>
   </div>
   <div class='ocr_carea' id='block_1_95' title="bbox 354 4922 1996 4996">
    <p class='ocr_par' dir='ltr' id='par_1_95' title="bbox 354 4922 1996 4996">
     <span class='ocr_line' id='line_1_95' title="bbox 354 4922 1996 4996; baseline -0.003 -12"><span class='ocrx_word' id='word_1_724' title='bbox 354 4941 502 4996; x_wconf 90' lang='lat' dir='ltr'>quos</span> <span class='ocrx_word' id='word_1_725' title='bbox 532 4924 619 4981; x_wconf 91' lang='lat' dir='ltr'>vir</span> <span class='ocrx_word' id='word_1_726' title='bbox 651 4924 748 4980; x_wconf 87' lang='lat' dir='ltr'>Dei</span> <span class='ocrx_word' id='word_1_727' title='bbox 782 4922 1263 4979; x_wconf 88' lang='lat' dir='ltr'>familiarissimos</span> <span class='ocrx_word' id='word_1_728' title='bbox 1287 4923 1509 4980; x_wconf 86' lang='lat' dir='ltr'>habuit.</span> <span class='ocrx_word' id='word_1_729' title='bbox 1538 4923 1789 4979; x_wconf 87' lang='lat' dir='ltr'>Profecti</span> <span class='ocrx_word' id='word_1_730' title='bbox 1817 4922 1996 4993; x_wconf 81' lang='lat' dir='ltr'>igitur</span> 
     </span>
    </p>
   </div>
   <div class='ocr_carea' id='block_1_96' title="bbox 357 5011 1995 5086">
    <p class='ocr_par' dir='ltr' id='par_1_96' title="bbox 357 5011 1995 5086">
     <span class='ocr_line' id='line_1_96' title="bbox 357 5011 1995 5086; baseline -0.002 -16"><span class='ocrx_word' id='word_1_731' title='bbox 357 5031 457 5086; x_wconf 90' lang='lat' dir='ltr'>per</span> <span class='ocrx_word' id='word_1_732' title='bbox 488 5013 806 5085; x_wconf 74' lang='lat' dir='ltr'>Illyricum,</span> <span class='ocrx_word' id='word_1_733' title='bbox 842 5016 1127 5067; x_wconf 90' lang='lat' dir='ltr'>venerunt</span> <span class='ocrx_word' id='word_1_734' title='bbox 1157 5012 1225 5067; x_wconf 89' lang='lat' dir='ltr'>ad</span> <span class='ocrx_word' id='word_1_735' title='bbox 1260 5011 1516 5068; x_wconf 88' lang='lat' dir='ltr'>deserta.</span> <span class='ocrx_word' id='word_1_736' title='bbox 1555 5012 1692 5079; x_wconf 70' lang='lat' dir='ltr'>Quae</span> <span class='ocrx_word' id='word_1_737' title='bbox 1722 5027 1851 5069; x_wconf 90' lang='lat' dir='ltr'>cum</span> <span class='ocrx_word' id='word_1_738' title='bbox 1879 5012 1995 5082; x_wconf 88' lang='lat' dir='ltr'>jam</span> 
     </span>
    </p>
   </div>
   <div class='ocr_carea' id='block_1_97' title="bbox 356 5098 1999 5173">
    <p class='ocr_par' dir='ltr' id='par_1_97' title="bbox 356 5098 1999 5173">
     <span class='ocr_line' id='line_1_97' title="bbox 356 5098 1999 5173; baseline -0.002 -16"><span class='ocrx_word' id='word_1_739' title='bbox 356 5105 474 5158; x_wconf 87' lang='lat' dir='ltr'>fere</span> <span class='ocrx_word' id='word_1_740' title='bbox 501 5099 981 5173; x_wconf 87' lang='lat' dir='ltr'>pertransissent,</span> <span class='ocrx_word' id='word_1_741' title='bbox 1000 5098 1092 5154; x_wconf 89' lang='lat' dir='ltr'>die</span> <span class='ocrx_word' id='word_1_742' title='bbox 1114 5100 1358 5170; x_wconf 90' lang='lat' dir='ltr'>quadam</span> <span class='ocrx_word' id='word_1_743' title='bbox 1376 5100 1589 5156; x_wconf 89' lang='lat' dir='ltr'>fontem</span> <span class='ocrx_word' id='word_1_744' title='bbox 1615 5099 1841 5155; x_wconf 90' lang='lat' dir='ltr'>eminus</span> <span class='ocrx_word' id='word_1_745' title='bbox 1866 5113 1999 5155; x_wconf 91' lang='lat' dir='ltr'>con-</span> 
     </span>
    </p>
   </div>
   <div class='ocr_carea' id='block_1_98' title="bbox 356 5188 1999 5261">
    <p class='ocr_par' dir='ltr' id='par_1_98' title="bbox 356 5188 1999 5261">
     <span class='ocr_line' id='line_1_98' title="bbox 356 5188 1999 5261; baseline -0.002 -14"><span class='ocrx_word' id='word_1_746' title='bbox 356 5192 560 5261; x_wconf 88' lang='lat' dir='ltr'>spicati</span> <span class='ocrx_word' id='word_1_747' title='bbox 581 5189 970 5247; x_wconf 87' lang='lat' dir='ltr'>clarissimum</span> <span class='ocrx_word' id='word_1_748' title='bbox 987 5192 1041 5243; x_wconf 90' lang='lat' dir='ltr'>et</span> <span class='ocrx_word' id='word_1_749' title='bbox 1062 5188 1879 5260; x_wconf 87' lang='lat' dir='ltr'>perlucidum,deseendcrunt</span> <span class='ocrx_word' id='word_1_750' title='bbox 1904 5202 1999 5259; x_wconf 90' lang='lat' dir='ltr'>pa-</span> 
     </span>
    </p>
   </div>
   <div class='ocr_carea' id='block_1_99' title="bbox 356 5276 1991 5349">
    <p class='ocr_par' dir='ltr' id='par_1_99' title="bbox 356 5276 1991 5349">
     <span class='ocr_line' id='line_1_99' title="bbox 356 5276 1991 5349; baseline -0.002 -16"><span class='ocrx_word' id='word_1_751' title='bbox 356 5278 926 5336; x_wconf 83' lang='lat' dir='ltr'>terRicharduscum</span> <span class='ocrx_word' id='word_1_752' title='bbox 953 5277 1129 5335; x_wconf 89' lang='lat' dir='ltr'>sociis</span> <span class='ocrx_word' id='word_1_753' title='bbox 1155 5283 1218 5334; x_wconf 92' lang='lat' dir='ltr'>ut</span> <span class='ocrx_word' id='word_1_754' title='bbox 1241 5278 1573 5349; x_wconf 88' lang='lat' dir='ltr'>acciperent</span> <span class='ocrx_word' id='word_1_755' title='bbox 1598 5276 1991 5348; x_wconf 84' lang='lat' dir='ltr'>gentaculum.</span> 
     </span>
    </p>
   </div>
   <div class='ocr_carea' id='block_1_100' title="bbox 353 5366 1998 5438">
    <p class='ocr_par' dir='ltr' id='par_1_100' title="bbox 353 5366 1998 5438">
     <span class='ocr_line' id='line_1_100' title="bbox 353 5366 1998 5438; baseline -0.002 -16"><span class='ocrx_word' id='word_1_756' title='bbox 353 5368 559 5424; x_wconf 89' lang='lat' dir='ltr'>Turbis</span> <span class='ocrx_word' id='word_1_757' title='bbox 588 5381 819 5438; x_wconf 89' lang='lat' dir='ltr'>quoque</span> <span class='ocrx_word' id='word_1_758' title='bbox 853 5366 1009 5423; x_wconf 86' lang='lat' dir='ltr'>circa</span> <span class='ocrx_word' id='word_1_759' title='bbox 1036 5367 1253 5423; x_wconf 89' lang='lat' dir='ltr'>fontem</span> <span class='ocrx_word' id='word_1_760' title='bbox 1278 5366 1800 5435; x_wconf 90' lang='lat' dir='ltr'>diseumbentibus,</span> <span class='ocrx_word' id='word_1_761' title='bbox 1829 5379 1998 5421; x_wconf 89' lang='lat' dir='ltr'>vene-</span> 
     </span>
    </p>
   </div>
   <div class='ocr_carea' id='block_1_101' title="bbox 359 5453 1997 5528">
    <p class='ocr_par' dir='ltr' id='par_1_101' title="bbox 359 5453 1997 5528">
     <span class='ocr_line' id='line_1_101' title="bbox 359 5453 1997 5528; baseline -0.001 -18"><span class='ocrx_word' id='word_1_762' title='bbox 359 5457 559 5514; x_wconf 89' lang='lat' dir='ltr'>rabilis</span> <span class='ocrx_word' id='word_1_763' title='bbox 575 5459 743 5528; x_wconf 88' lang='lat' dir='ltr'>pater</span> <span class='ocrx_word' id='word_1_764' title='bbox 758 5453 885 5512; x_wconf 88' lang='lat' dir='ltr'>loco</span> <span class='ocrx_word' id='word_1_765' title='bbox 899 5456 1251 5527; x_wconf 88' lang='lat' dir='ltr'>competenti</span> <span class='ocrx_word' id='word_1_766' title='bbox 1269 5470 1374 5527; x_wconf 90' lang='lat' dir='ltr'>pro</span> <span class='ocrx_word' id='word_1_767' title='bbox 1389 5460 1653 5526; x_wconf 88' lang='lat' dir='ltr'>tempore</span> <span class='ocrx_word' id='word_1_768' title='bbox 1677 5453 1921 5523; x_wconf 86' lang='lat' dir='ltr'>resedit,</span> <span class='ocrx_word' id='word_1_769' title='bbox 1938 5458 1997 5509; x_wconf 89' lang='lat' dir='ltr'>et</span> 
     </span>
    </p>
   </div>
   <div class='ocr_carea' id='block_1_102' title="bbox 2109 4730 3739 4806">
    <p class='ocr_par' dir='ltr' id='par_1_102' title="bbox 2109 4730 3739 4806">
     <span class='ocr_line' id='line_1_102' title="bbox 2109 4730 3739 4806; baseline -0.009 -12"><span class='ocrx_word' id='word_1_770' title='bbox 2109 4740 2313 4797; x_wconf 90' lang='lat' dir='ltr'>laudes</span> <span class='ocrx_word' id='word_1_771' title='bbox 2338 4739 2454 4794; x_wconf 89' lang='lat' dir='ltr'>Deo</span> <span class='ocrx_word' id='word_1_772' title='bbox 2479 4736 2693 4806; x_wconf 83' lang='lat' dir='ltr'>dicere,</span> <span class='ocrx_word' id='word_1_773' title='bbox 2714 4736 2827 4790; x_wconf 87' lang='lat' dir='ltr'>iter</span> <span class='ocrx_word' id='word_1_774' title='bbox 2846 4731 3197 4802; x_wconf 85' lang='lat' dir='ltr'>accelerare,</span> <span class='ocrx_word' id='word_1_775' title='bbox 3218 4735 3391 4801; x_wconf 89' lang='lat' dir='ltr'>atque</span> <span class='ocrx_word' id='word_1_776' title='bbox 3405 4730 3739 4785; x_wconf 90' lang='lat' dir='ltr'>consuetum</span> 
     </span>
    </p>
   </div>
   <div class='ocr_carea' id='block_1_103' title="bbox 2108 4814 3741 4898">
    <p class='ocr_par' dir='ltr' id='par_1_103' title="bbox 2108 4814 3741 4898">
     <span class='ocr_line' id='line_1_103' title="bbox 2108 4814 3741 4898; baseline -0.011 -12"><span class='ocrx_word' id='word_1_777' title='bbox 2108 4829 2349 4886; x_wconf 90' lang='lat' dir='ltr'>Domino</span> <span class='ocrx_word' id='word_1_778' title='bbox 2384 4828 2438 4882; x_wconf 90' lang='lat' dir='ltr'>in</span> <span class='ocrx_word' id='word_1_779' title='bbox 2472 4826 2562 4881; x_wconf 88' lang='lat' dir='ltr'>via</span> <span class='ocrx_word' id='word_1_780' title='bbox 2598 4840 2839 4898; x_wconf 89' lang='lat' dir='ltr'>pensum</span> <span class='ocrx_word' id='word_1_781' title='bbox 2866 4822 3135 4890; x_wconf 87' lang='lat' dir='ltr'>reddere,</span> <span class='ocrx_word' id='word_1_782' title='bbox 3161 4825 3217 4876; x_wconf 89' lang='lat' dir='ltr'>et</span> <span class='ocrx_word' id='word_1_783' title='bbox 3243 4820 3326 4876; x_wconf 91' lang='lat' dir='ltr'>sic</span> <span class='ocrx_word' id='word_1_784' title='bbox 3348 4819 3488 4873; x_wconf 89' lang='lat' dir='ltr'>hora</span> <span class='ocrx_word' id='word_1_785' title='bbox 3518 4814 3741 4872; x_wconf 88' lang='lat' dir='ltr'>fractio-</span> 
     </span>
    </p>
   </div>
   <div class='ocr_carea' id='block_1_104' title="bbox 2108 4906 3737 4988">
    <p class='ocr_par' dir='ltr' id='par_1_104' title="bbox 2108 4906 3737 4988">
     <span class='ocr_line' id='line_1_104' title="bbox 2108 4906 3737 4988; baseline -0.01 -14"><span class='ocrx_word' id='word_1_786' title='bbox 2108 4918 2197 4975; x_wconf 92' lang='lat' dir='ltr'>nis</span> <span class='ocrx_word' id='word_1_787' title='bbox 2232 4916 2397 4988; x_wconf 91' lang='lat' dir='ltr'>panis</span> <span class='ocrx_word' id='word_1_788' title='bbox 2429 4913 2787 4983; x_wconf 89' lang='lat' dir='ltr'>imminente,</span> <span class='ocrx_word' id='word_1_789' title='bbox 2824 4911 3134 4968; x_wconf 89' lang='lat' dir='ltr'>missarum</span> <span class='ocrx_word' id='word_1_790' title='bbox 3183 4906 3500 4978; x_wconf 90' lang='lat' dir='ltr'>solempnia</span> <span class='ocrx_word' id='word_1_791' title='bbox 3555 4916 3737 4974; x_wconf 84' lang='lat' dir='ltr'>agere,</span> 
     </span>
    </p>
   </div>
   <div class='ocr_carea' id='block_1_105' title="bbox 2110 4994 3743 5078">
    <p class='ocr_par' dir='ltr' id='par_1_105' title="bbox 2110 4994 3743 5078">
     <span class='ocr_line' id='line_1_105' title="bbox 2110 4994 3743 5078; baseline -0.012 -15"><span class='ocrx_word' id='word_1_792' title='bbox 2110 5018 2474 5078; x_wconf 86' lang='lat' dir='ltr'>quocumque</span> <span class='ocrx_word' id='word_1_793' title='bbox 2506 5017 2659 5072; x_wconf 87' lang='lat' dir='ltr'>esse,</span> <span class='ocrx_word' id='word_1_794' title='bbox 2696 5006 2751 5057; x_wconf 89' lang='lat' dir='ltr'>et</span> <span class='ocrx_word' id='word_1_795' title='bbox 2784 5000 3037 5072; x_wconf 86' lang='lat' dir='ltr'>expletis</span> <span class='ocrx_word' id='word_1_796' title='bbox 3078 4996 3354 5053; x_wconf 89' lang='lat' dir='ltr'>misteriis</span> <span class='ocrx_word' id='word_1_797' title='bbox 3384 4995 3455 5051; x_wconf 87' lang='lat' dir='ltr'>ad</span> <span class='ocrx_word' id='word_1_798' title='bbox 3490 4994 3743 5063; x_wconf 82' lang='lat' dir='ltr'>frangen-</span> 
     </span>
    </p>
   </div>
   <div class='ocr_carea' id='block_1_106' title="bbox 2110 5079 3743 5166">
    <p class='ocr_par' dir='ltr' id='par_1_106' title="bbox 2110 5079 3743 5166">
     <span class='ocr_line' id='line_1_106' title="bbox 2110 5079 3743 5166; baseline -0.01 -14"><span class='ocrx_word' id='word_1_799' title='bbox 2110 5096 2245 5152; x_wconf 90' lang='lat' dir='ltr'>dum</span> <span class='ocrx_word' id='word_1_800' title='bbox 2279 5106 2483 5166; x_wconf 88' lang='lat' dir='ltr'>panem</span> <span class='ocrx_word' id='word_1_801' title='bbox 2516 5091 2907 5160; x_wconf 90' lang='lat' dir='ltr'>discumbere,</span> <span class='ocrx_word' id='word_1_802' title='bbox 2930 5103 3001 5144; x_wconf 88' lang='lat' dir='ltr'>ne</span> <span class='ocrx_word' id='word_1_803' title='bbox 3025 5089 3412 5159; x_wconf 83' lang='lat' dir='ltr'>gravarentur</span> <span class='ocrx_word' id='word_1_804' title='bbox 3437 5083 3650 5138; x_wconf 87' lang='lat' dir='ltr'>fratres</span> <span class='ocrx_word' id='word_1_805' title='bbox 3672 5079 3743 5134; x_wconf 85' lang='lat' dir='ltr'>la-</span> 
     </span>
    </p>
   </div>
   <div class='ocr_carea' id='block_1_107' title="bbox 2111 5170 3743 5246">
    <p class='ocr_par' dir='ltr' id='par_1_107' title="bbox 2111 5170 3743 5246">
     <span class='ocr_line' id='line_1_107' title="bbox 2111 5170 3743 5246; baseline -0.01 -6"><span class='ocrx_word' id='word_1_806' title='bbox 2111 5185 2251 5240; x_wconf 90' lang='lat' dir='ltr'>bore</span> <span class='ocrx_word' id='word_1_807' title='bbox 2284 5179 2513 5237; x_wconf 89' lang='lat' dir='ltr'>itineris</span> <span class='ocrx_word' id='word_1_808' title='bbox 2541 5182 2599 5235; x_wconf 91' lang='lat' dir='ltr'>et</span> <span class='ocrx_word' id='word_1_809' title='bbox 2633 5178 3070 5235; x_wconf 90' lang='lat' dir='ltr'>continuatione</span> <span class='ocrx_word' id='word_1_810' title='bbox 3096 5174 3302 5246; x_wconf 89' lang='lat' dir='ltr'>jejunii</span> <span class='ocrx_word' id='word_1_811' title='bbox 3338 5170 3743 5242; x_wconf 59' lang='grc' dir='ltr'><strong>(1⁷1101ςί111εο-</strong></span> 
     </span>
    </p>
   </div>
   <div class='ocr_carea' id='block_1_108' title="bbox 2107 5258 3743 5339">
    <p class='ocr_par' dir='ltr' id='par_1_108' title="bbox 2107 5258 3743 5339">
     <span class='ocr_line' id='line_1_108' title="bbox 2107 5258 3743 5339; baseline -0.01 -12"><span class='ocrx_word' id='word_1_812' title='bbox 2107 5273 2203 5329; x_wconf 83' lang='lat' dir='ltr'>nis</span> <span class='ocrx_word' id='word_1_813' title='bbox 2234 5276 2342 5339; x_wconf 73' lang='lat'>40).</span> <span class='ocrx_word' id='word_1_814' title='bbox 2380 5267 2547 5323; x_wconf 83' lang='lat' dir='ltr'>Venit</span> <span class='ocrx_word' id='word_1_815' title='bbox 2579 5281 2719 5337; x_wconf 87' lang='lat' dir='ltr'>ergo</span> <span class='ocrx_word' id='word_1_816' title='bbox 2752 5266 3135 5335; x_wconf 86' lang='lat' dir='ltr'>Antiochiam,</span> <span class='ocrx_word' id='word_1_817' title='bbox 3165 5263 3258 5321; x_wconf 93' lang='lat' dir='ltr'>ubi</span> <span class='ocrx_word' id='word_1_818' title='bbox 3286 5258 3743 5320; x_wconf 83' lang='grc'><strong>0001001011100-</strong></span> 
     </span>
    </p>
   </div>
   <div class='ocr_carea' id='block_1_109' title="bbox 2111 5348 3744 5430">
    <p class='ocr_par' dir='ltr' id='par_1_109' title="bbox 2111 5348 3744 5430">
     <span class='ocr_line' id='line_1_109' title="bbox 2111 5348 3744 5430; baseline -0.009 -13"><span class='ocrx_word' id='word_1_819' title='bbox 2111 5362 2193 5418; x_wconf 91' lang='lat' dir='ltr'>ris</span> <span class='ocrx_word' id='word_1_820' title='bbox 2208 5359 2527 5416; x_wconf 87' lang='lat' dir='ltr'>necessitas</span> <span class='ocrx_word' id='word_1_821' title='bbox 2545 5358 2765 5430; x_wconf 85' lang='lat' dir='ltr'>aliquot</span> <span class='ocrx_word' id='word_1_822' title='bbox 2791 5358 3000 5416; x_wconf 90' lang='lat' dir='ltr'>diebus</span> <span class='ocrx_word' id='word_1_823' title='bbox 3025 5354 3305 5413; x_wconf 90' lang='lat' dir='ltr'>remorari</span> <span class='ocrx_word' id='word_1_824' title='bbox 3331 5352 3648 5422; x_wconf 84' lang='lat' dir='ltr'>coegisset,</span> <span class='ocrx_word' id='word_1_825' title='bbox 3664 5348 3744 5405; x_wconf 89' lang='lat' dir='ltr'>vir</span> 
     </span>
    </p>
   </div>
   <div class='ocr_carea' id='block_1_110' title="bbox 2109 5440 3746 5521">
    <p class='ocr_par' dir='ltr' id='par_1_110' title="bbox 2109 5440 3746 5521">
     <span class='ocr_line' id='line_1_110' title="bbox 2109 5440 3746 5521; baseline -0.007 -15"><span class='ocrx_word' id='word_1_826' title='bbox 2109 5451 2209 5506; x_wconf 87' lang='lat' dir='ltr'>Dei</span> <span class='ocrx_word' id='word_1_827' title='bbox 2243 5450 2509 5521; x_wconf 80' lang='lat' dir='ltr'>Symeon,</span> <span class='ocrx_word' id='word_1_828' title='bbox 2537 5448 2634 5520; x_wconf 91' lang='lat' dir='ltr'>qui</span> <span class='ocrx_word' id='word_1_829' title='bbox 2666 5462 2818 5504; x_wconf 89' lang='lat' dir='ltr'>nunc</span> <span class='ocrx_word' id='word_1_830' title='bbox 2848 5446 3250 5504; x_wconf 90' lang='lat' dir='ltr'>Trevirensem</span> <span class='ocrx_word' id='word_1_831' title='bbox 3282 5440 3608 5501; x_wconf 74' lang='lat' dir='ltr'>aecclesiam</span> <span class='ocrx_word' id='word_1_832' title='bbox 3629 5452 3746 5497; x_wconf 86' lang='lat' dir='ltr'>cor-</span> 
     </span>
    </p>
   </div>
   <div class='ocr_carea' id='block_1_111' title="bbox 1943 5625 2163 5685">
    <p class='ocr_par' dir='ltr' id='par_1_111' title="bbox 1943 5625 2163 5685">
     <span class='ocr_line' id='line_1_111' title="bbox 1943 5625 2163 5685; baseline -0.009 -2"><span class='ocrx_word' id='word_1_833' title='bbox 1943 5625 2163 5685; x_wconf 66' lang='lat' dir='ltr'>NOTIE.</span> 
     </span>
    </p>
   </div>
   <div class='ocr_carea' id='block_1_112' title="bbox 429 5751 1890 5826">
    <p class='ocr_par' dir='ltr' id='par_1_112' title="bbox 429 5751 1890 5826">
     <span class='ocr_line' id='line_1_112' title="bbox 429 5751 1890 5826; baseline -0.001 -15"><span class='ocrx_word' id='word_1_834' title='bbox 429 5754 541 5826; x_wconf 83' lang='lat'>(98)</span> <span class='ocrx_word' id='word_1_835' title='bbox 578 5752 847 5812; x_wconf 77' lang='lat' dir='ltr'>Ademari</span> <span class='ocrx_word' id='word_1_836' title='bbox 883 5752 1027 5810; x_wconf 84' lang='lat' dir='ltr'>Hist.</span> <span class='ocrx_word' id='word_1_837' title='bbox 1061 5753 1155 5809; x_wconf 88' lang='lat' dir='ltr'>lll.</span> <span class='ocrx_word' id='word_1_838' title='bbox 1191 5756 1278 5808; x_wconf 76' lang='lat'>6:5.</span> <span class='ocrx_word' id='word_1_839' title='bbox 1315 5752 1443 5810; x_wconf 89' lang='lat' dir='ltr'>Vita</span> <span class='ocrx_word' id='word_1_840' title='bbox 1476 5751 1771 5822; x_wconf 81' lang='lat' dir='ltr'>Ricbardi,</span> <span class='ocrx_word' id='word_1_841' title='bbox 1803 5756 1890 5810; x_wconf 85' lang='grc'><strong>17.</strong></span> 
     </span>
    </p>
   </div>
  </div>
