3922 6396
196 440 311 502 245

1434 434 1935 505 cunomcou.
1956 468 2039 527 _-
2069 436 2220 500 LIB.
2269 430 2348 501 Π.

3490 433 3604 498 246

199 588 341 648 pore
363 580 421 634 et
444 574 763 633 virtutibus
783 573 1529 649 adornat(99),etamicitiis
1543 578 1593 634 ei
1605 578 1842 649 junctus
1872 573 1926 633 A
1956 579 2133 635 ventu
2158 590 2265 635 suo
2293 588 2502 649 passus
2525 574 2714 633 fuerat
2738 567 2999 645 infestos,
3034 569 3146 645 ipsi
3194 568 3247 629 ei
3277 583 3447 631 versa
3476 572 3606 633 vice

198 672 323 738 est,
351 669 405 723 et
449 665 730 722 fratribus
775 666 870 737 qui
921 671 1246 724 erantcum
1275 682 1362 739 eo,
1396 668 1682 740 adoptans
1730 669 1841 726 sibi

197 755 432 813 illumiu
487 759 708 826 patrem
752 755 920 827 (100).
960 758 1015 811 In
1052 772 1165 826 quo
1191 758 1341 812 beati
1383 757 1663 814 Simeonis
1692 759 1843 815 facto

198 842 304 902 hoc
330 838 545 900 intueri
572 843 885 915 libet,quia
914 845 1063 900 idem
1097 845 1186 901 vir
1210 847 1307 901 Dei
1332 862 1442 903 non
1469 847 1595 916 ejus
1627 862 1689 902 se
1722 862 1845 903 cre-

195 933 359 988 deret
412 932 768 1003 magisterio,
791 948 901 989 non
930 934 1321 990 committeret
1356 936 1699 1007 patrocinio,
1735 936 1842 991 nisi

192 1019 389 1077 divina
428 1021 636 1092 pietas,
690 1037 818 1092 qua:
851 1038 980 1079 eum
1034 1040 1063 1079 a
1123 1020 1303 1080 seCuli
1334 1026 1565 1081 actibus
1595 1024 1842 1081 alienum

194 1107 558 1180 reddiderat,
587 1112 749 1167 cordi
773 1111 900 1180 ejus
928 1112 1244 1169 revelasset
1270 1113 1502 1183 dignum
1529 1113 1689 1170 illum
1713 1129 1843 1170 esse

193 1199 293 1269 qui
329 1200 584 1256 subditis
607 1215 828 1271 praesse
861 1206 921 1255 et
946 1202 1227 1273 prodesse
1252 1206 1469 1273 posset.
1506 1204 1846 1259 Mittebatur

195 1291 390 1344 autem
418 1288 598 1344 isdem
624 1289 834 1346 beatus
855 1292 1095 1361 Symeon
1130 1307 1157 1346 a
1193 1292 1474 1347 fratribus
1505 1292 1842 1349 monasterii

195 1376 410 1433 montis
431 1377 578 1447 Syon
618 1393 721 1449 pro
744 1379 1081 1449 elemosina,
1119 1395 1245 1450 qua)
1278 1381 1349 1436 de
1385 1387 1537 1437 terra
1574 1381 1841 1436 Richardi

191 1464 431 1520 comitis
444 1466 812 1523 Normannize
833 1468 1184 1524 monasterio
1203 1468 1386 1524 eidem
1404 1470 1759 1535 debebatur;
1785 1472 1841 1523 et

195 1566 547 1624 quamquam
599 1560 797 1611 nosset
851 1557 1062 1627 spiritu
1098 1556 1208 1613 sibi
1242 1558 1538 1614 revelante
1570 1558 1750 1614 multa
1782 1570 1843 1613 se

192 1642 435 1700 adversa
475 1658 802 1715 passurum,
839 1650 1030 1701 tamen
1071 1652 1241 1718 pater
1269 1647 1595 1703 Richardus
1625 1646 1845 1703 discre-

188 1730 371 1787 tionis
403 1732 589 1788 oculis
612 1733 744 1789 hinc
778 1734 909 1789 inde
935 1736 1193 1791 munitus
1215 1736 1527 1791 concilium
1561 1735 1749 1804 dedit,
1780 1740 1841 1792 ut

186 1818 382 1890 ceptis
410 1820 729 1889 insisteret,
765 1823 1179 1879 obcedientiam
1213 1823 1504 1895 impleret,
1539 1838 1840 1894 usquequo

1955 682 2082 723 cum
2133 667 2351 722 honore
2382 665 2693 734 servirent,
2726 667 2785 719 et
2841 675 3005 718 mane
3059 660 3212 717 facto
3244 660 3604 720 deducerent

1956 755 2286 810 abeuntem.
2317 752 2656 809 Mirificabat
2689 751 2840 807 enim
2864 748 3139 805 Dominus
3181 762 3412 804 servum
3438 764 3603 806 suum

1955 843 2139 913 signis
2172 845 2228 898 et
2257 841 2560 913 prodigiis,
2587 841 2643 895 in
2668 844 2894 895 tantum
2928 842 2989 894 ut
3024 837 3295 894 omnibus
3323 839 3606 896 sanctitas

1956 934 2082 1003 ejus
2134 933 2555 999 innotesceret,
2593 934 2652 985 et
2682 929 2872 984 virtus
2899 928 3035 983 Jesu
3069 941 3172 998 per
3204 942 3333 983 eum
3392 928 3605 998 ubique

1958 1020 2408 1092 praedicabatur,
2473 1019 2604 1089 quia
2641 1019 2785 1073 fama
2847 1015 3182 1072 sanctitatis
3214 1015 3341 1085 ejus
3391 1016 3603 1086 ubique

1960 1111 2276 1166 ferebatur.

2023 1197 2112 1253 2‘1.
2148 1195 2707 1267 Constantinopolim
2761 1194 3022 1262 veniens,
3075 1208 3205 1249 cum
3259 1196 3477 1263 quanto
3508 1194 3605 1250 ho—

1958 1302 2097 1343 nore
2121 1292 2406 1356 exceptus
2430 1286 2501 1340 ab
2526 1285 2880 1355 imperatore
2902 1283 2999 1352 sit,
3027 1282 3333 1353 dignisque
3356 1283 3606 1338 muneri-

1959 1377 2067 1431 bus
2097 1380 2153 1429 et
2184 1374 2485 1444 obsequiis
2516 1374 2857 1441 honoratus,
2895 1372 3091 1426 dicere
3125 1372 3602 1443 supersedemus,

1957 1465 2089 1535 quia
2124 1464 2193 1519 ad
2218 1463 2325 1518 alia
2348 1475 2749 1533 properamus.
2779 1462 3007 1531 Optata)
3059 1461 3256 1531 itaque
3280 1461 3388 1517 viae
3413 1459 3606 1517 dimis-

1956 1570 2053 1609 sus
2075 1568 2202 1609 cum
2227 1551 2435 1621 gratia,
2474 1565 2574 1622 per
2620 1549 2957 1606 multimoda
2992 1548 3250 1620 pericula
3284 1550 3607 1620 apprehen-

1956 1644 2042 1698 dit
2063 1642 2459 1698 Jherosolimae
2479 1641 2608 1696 loca
2624 1639 2980 1695 desiderata.
2999 1639 3452 1709 Ingrediensque
3472 1639 3609 1695 civi-

1958 1732 2099 1788 tatis
2122 1740 2371 1802 portam,
2394 1729 2829 1801 responsorium
2854 1728 2997 1785 illud
3023 1728 3093 1784 de
3116 1727 3409 1785 Dominica
3437 1729 3492 1783 in
3516 1743 3605 1783 ra-

1958 1821 2066 1876 mis
2089 1820 2407 1891 palmarum
2442 1839 2454 1873 :
2488 1817 2869 1889 Ingrediente
2880 1818 3128 1874 Domino
3144 1817 3212 1873 in
3235 1817 3508 1873 sanctam
3525 1816 3607 1874 ci-

188 1922 313 1964 rem
330 1910 610 1980 probaret
625 1902 1372 1983 evéntusl‘lehtenﬁtaque
1387 1913 1694 1970 etlristem
1709 1929 1837 1969 eum
1870 1931 1924 1994 Β
1953 1911 2219 1979 nitatem,
2254 1908 2584 1965 dulcissona
2616 1922 2747 1963 cum
2780 1906 2954 1964 sociis
2977 1905 3368 1963 modulatione
3398 1905 3606 1961 decan-

187 2011 221 2051 a
246 2011 308 2053 se
342 1997 581 2067 dimisit,
610 1999 901 2070 utrimque
926 2001 1171 2070 pedibus
1204 2002 1469 2058 manibus
1499 2007 1557 2059 et
1590 2003 1840 2072 genibus

185 2084 566 2156 exosculatis,
593 2087 725 2158 quia
748 2092 873 2143 erat
906 2088 960 2144 in
1003 2089 1090 2145 eis
1136 2091 1325 2160 gratia
1349 2090 1603 2161 Spiritus
1628 2090 1839 2147 sancti.

186 2175 323 2231 Haec
355 2178 448 2231 est
471 2176 622 2232 enim
656 2180 994 2234 sanctorum
1027 2177 1364 2249 delectatio,
1394 2179 1638 2250 diligere
1668 2179 1843 2236 alter-

187 2267 409 2334 utrum,
436 2265 570 2335 quia
595 2269 655 2321 et
685 2267 833 2322 Deus
854 2266 1072 2323 caritas
1095 2273 1204 2338 est,
1232 2273 1293 2324 et
1327 2268 1421 2339 qui
1448 2273 1637 2323 manet
1667 2268 1720 2323 in
1751 2283 1843 2324 ca-

186 2353 385 2423 ritate,
436 2354 491 2408 in
533 2356 652 2411 Deo
685 2356 928 2427 manel(I
948 2359 1123 2413 Joan.
1162 2373 1234 2427 iv,
1264 2358 1371 2428 16).
1401 2358 1713 2414 Caritatem
1746 2372 1844 2415 au-

184 2446 306 2498 tem
336 2457 502 2513 aqua;
535 2444 733 2501 multae
766 2460 876 2501 non
910 2451 1184 2516 poterunt
1219 2447 1582 2517 extinguere,
1609 2462 1715 2503 nec
1741 2447 1843 2503 ﬂu-

189 2532 343 2588 mina
367 2534 621 2589 obruent
666 2533 821 2589 illam
856 2535 1051 2600 (C’ant.
1091 2550 1208 2604 νῐιῐ,
1236 2536 1309 2606 7).
1338 2538 1628 2592 Probatus
1663 2537 1842 2605 igitur

187 2618 413 2673 Domini
435 2633 642 2675 servus
667 2620 813 2675 viam
833 2634 1100 2692 carpens,
1118 2626 1176 2676 et
1197 2622 1301 2678 viae
1317 2622 1520 2677 ducem
1544 2622 1839 2678 Christum

184 2705 554 2776 collaudans,
585 2711 798 2763 terram
833 2710 1284 2766 Sarracenorum
1317 2710 1621 2780 ingressus
1641 2715 1748 2767 est.
1771 2712 1841 2766 Et

189 2809 324 2851 cum
349 2797 847 2867 appropinquaret
868 2798 1209 2854 civitatibus
1232 2813 1453 2861 eorum,
1482 2800 1836 2870 praedicabat

184 2884 459 2941 omnibus
487 2885 781 2941 Christum
811 2887 1028 2956 Iesum,
1065 2887 1118 2943 in
1153 2886 1386 2943 domino
1430 2889 1546 2943 Deo
1571 2903 1674 2945 suo
1703 2904 1839 2945 con-

187 2972 349 3044 fisus,
385 2973 519 3043 quia
546 2988 656 3030 non
689 2978 815 3030 erat
849 2975 904 3030 in
928 2975 1135 3046 spiritu
1171 2976 1298 3046 ejus
1325 2976 1513 3032 dolus.
1543 2979 1664 3032 Jam
1697 2992 1836 3033 vero

188 3060 286 3118 ubi
312 3062 382 3117 ad
408 3062 606 3119 urbem
631 3063 911 3133 venisset,
943 3068 1078 3120 ante
1108 3080 1333 3121 murum
1362 3066 1521 3122 urbis
1549 3065 1837 3135 psallebat

185 3150 472 3208 Salvatori
499 3166 619 3222 suo,
666 3156 724 3207 et
758 3152 1063 3209 missarum
1090 3154 1402 3225 solempnia
1438 3155 1651 3209 ibidem
1683 3155 1834 3210 cele-

186 3240 414 3310 brabat,
451 3240 688 3311 paganis
709 3241 781 3297 de
806 3256 981 3313 super
1004 3242 1529 3313 saxajacientibus,
1565 3248 1628 3298 ut
1653 3243 1830 3314 capiti

183 3327 313 3398 ejus
336 3327 664 3393 illiderent;
692 3329 788 3399 qui
809 3329 894 3385 sic
911 3330 1039 3385 urbi
1062 3331 1533 3402 apprOpiaverat,
1554 3335 1613 3387 ut
1632 3332 1829 3388 tabula

179 3415 388 3474 altaris
408 3416 643 3473 hereret
668 3433 847 3474 muro.
876 3420 1095 3475 Etcum
1122 3418 1300 3475 multa
1319 3420 1572 3491 desuper
1595 3435 1733 3476 saxa
1758 3421 1831 3476 ab

178 3506 402 3563 eisdem
428 3507 850 3577 aspicientibus
880 3512 940 3562 et
962 3507 1721 3587 illudentibusjacerentur,
1752 3510 1830 3565 ita

178 3609 208 3650 a
232 3594 464 3673 Christo
500 3596 939 3666 protegebatur,
992 3600 1057 3653 ut
1107 3612 1217 3653 non
1254 3597 1458 3667 altare,
1489 3613 1599 3654 non
1629 3597 1829 3655 tabula

179 3682 405 3753 altaris,
441 3698 550 3739 non
578 3688 873 3755 postremo
903 3684 1046 3740 illud
1067 3685 1349 3756 quidquid
1372 3690 1461 3741 est
1489 3687 1642 3757 quod
1658 3686 1830 3743 altari

177 3771 518 3842 imponitur,
537 3787 647 3828 non
672 3772 793 3844 ipse
819 3773 1068 3844 denique
1085 3775 1180 3844 qui
1206 3774 1377 3831 altari
1401 3776 1627 3831 astabat
1653 3776 1831 3832 intre-

178 3859 409 3932 pidus,a
435 3860 727 3932 lapidibus
751 3865 1112 3933 tangeretur,
1140 3878 1271 3920 cum
1296 3868 1661 3921 tantusesset
1688 3866 1830 3921 mul-

178 3947 397 4004 totiens
430 3949 483 4005 in
540 3950 790 4005 circuitu
823 3949 1028 4006 altaris
1061 3965 1237 4021 agger
1289 3952 1542 4022 lapidum
1576 3953 1829 4025 desuper

175 4037 495 4107 ruentium,
553 4040 616 4093 ut
669 4037 845 4093 missa
879 4038 1034 4094 dicta
1065 4053 1176 4094 non
1228 4039 1338 4096 nisi
1371 4040 1461 4095 via
1510 4042 1659 4096 facta
1692 4041 1826 4098 inde

171 4126 405 4182 extrahi
430 4130 652 4196 posset.
677 4126 1083 4183 Monachorum
1108 4143 1246 4183 vero
1279 4132 1335 4183 et
1359 4128 1705 4185 clericorum
1731 4146 1825 4186 co-

171 4213 505 4270 mitantium
539 4213 701 4269 illum
726 4213 923 4270 nullus
943 4215 995 4270 ei
1026 4230 1225 4273 coesse
1252 4215 1341 4272 vel
1365 4217 1705 4274 cohabitare
1729 4234 1824 4290 po-

169 4307 357 4369 terat;
382 4303 973 4374 setquantumjactus
994 4307 1085 4360 est
1110 4304 1319 4376 lapidis
1349 4305 1572 4377 alonge
1596 4311 1820 4365 stantes

173 4392 550 4459 canebant,et
570 4392 803 4448 canenti
828 4393 1414 4465 respondebant,ipse
1446 4394 1606 4451 solus
1635 4396 1819 4453 inten-

1956 2001 2143 2069 tabat,
2205 1998 2497 2054 Christum
2530 1996 2895 2065 crucifixum,
2932 1995 3029 2066 qui
3079 1999 3169 2052 est
3202 2010 3381 2066 super
3412 1995 3604 2051 omnia

1957 2090 2111 2145 Dens
2137 2086 2549 2144 benedictusin
2579 2084 2773 2141 secula
2793 2086 2979 2153 (Rom.
3008 2101 3084 2155 ix,
3122 2086 3194 2155 5).
3234 2084 3487 2140 adorans
3543 2086 3602 2138 et

1958 2178 2145 2235 locum
2196 2175 2493 2248 sepulchri
2536 2175 2662 2245 ejus
2711 2174 2896 2232 oculis
2946 2174 3076 2231 fidei
3109 2177 3460 2230 veneranter
3489 2188 3604 2229 am-

1959 2266 2240 2338 plectens.
2276 2265 2477 2321 Omnia
2500 2279 2640 2335 ergo
2664 2264 2991 2319 nativitatis
3013 2263 3300 2335 passionis
3330 2268 3386 2317 et
3414 2277 3606 2318 resur-

1958 2354 2234 2412 rectionis
2263 2354 2389 2410 loca
2423 2353 2534 2409 fide
2593 2352 2908 2423 circuiens,
2944 2352 3078 2409 dum
3138 2367 3247 2408 non
3279 2351 3604 2407 saciaretur

1956 2443 2142 2502 oculis
2176 2442 2478 2511 intuendo,
2518 2449 2709 2497 mente
2742 2443 3125 2512 pascebatur;
3169 2440 3301 2511 quia
3335 2440 3405 2497 ad
3434 2438 3605 2496 visio-

1955 2548 2081 2589 nem
2109 2531 2506 2588 dulcissimam
2538 2535 2595 2586 et
2629 2531 2726 2586 diu
2761 2530 3176 2599 desideratam,
3202 2530 3438 2600 jamque
3470 2543 3605 2584 con-

1954 2620 2277 2693 cupiscenti
2313 2620 2502 2675 animo
2554 2622 2945 2690 preparatam,
2982 2618 3330 2674 mirabilium
3355 2617 3599 2673 Domini.

1951 2710 2164 2780 gaudio
2194 2714 2254 2764 et
2277 2708 2480 2765 laetitia
2516 2706 2790 2764 ineffabili
2825 2706 3182 2778 replebatur.
3211 2706 3481 2763 Occurrit
3506 2721 3603 2763 au-

1951 2803 2069 2854 tem
2098 2799 2149 2853 ei
2183 2797 2437 2853 venienti
2500 2796 2825 2868 patriarcha
2884 2794 3473 2865 Jherosolymitanus;
3504 2809 3602 2851 au-

1953 2887 2139 2943 dierat
2189 2886 2340 2942 enim
2375 2886 2579 2941 famam
2610 2885 2736 2954 ejus
2765 2883 3018 2940 omnium
3050 2898 3151 2940 ore
3207 2883 3600 2952 celebratam;

1950 2980 2007 3031 et
2041 2975 2391 3033 consalutati
2426 2977 2645 3043 mutuo,
2681 2974 2817 3030 dato
2849 2973 2957 3029 sibi
2984 2973 3141 3045 pacis
3164 2973 3392 3041 osculo,
3416 2971 3599 3029 laetati

1950 3070 2085 3123 sunt
2111 3067 2166 3121 in
2199 3065 2462 3122 Domino.
2486 3065 2702 3120 Videns
2732 3078 2872 3119 vero
2906 3063 2961 3118 in
2994 3078 3063 3118 eo
3093 3054 3395 3134 aspectum
3429 3076 3600 3132 ange-

1948 3155 2141 3224 licum,
2170 3154 2498 3210 modestum
2542 3167 2888 3223 sermonem,
2923 3152 3219 3209 incessum
3254 3153 3470 3223 mitem,
3507 3167 3600 3209 ca-

1944 3243 2150 3300 niciem
2186 3242 2595 3310 venerandam,
2631 3240 3031 3298 habitudinem
3057 3241 3383 3297 senectutis
3415 3240 3596 3297 omni-

1942 3331 2052 3387 bus
2085 3328 2482 3398 revercndam,
2507 3320 2915 3398 gratulabatur
2938 3328 2992 3383 in
3026 3327 3472 3399 spil'itquz'cut,
3508 3328 3599 3383 in-

1943 3427 2172 3499 quiens,
2209 3426 2586 3495 audivimus,
2619 3425 2711 3482 ita
2740 3424 3078 3482 etvidemus
3103 3425 3296 3490 (Psal.
3322 3439 3492 3494 van,
3516 3427 3592 3496 9).

1944 3515 2325 3571 Introductus
2350 3515 2531 3585 igitur
2566 3514 2620 3568 in
2652 3517 2911 3569 sanctam
2945 3514 3116 3585 Syon,
3169 3512 3475 3570 missarum
3508 3528 3598 3569 so-

1943 3603 2193 3675 lempnia
2218 3602 2561 3672 celebravit,
2582 3604 2811 3658 astante
2838 3601 3111 3673 pontifice
3134 3605 3193 3657 et
3216 3601 3409 3669 clero;
3431 3607 3491 3657 et
3513 3602 3594 3659 sic

1939 3691 2132 3748 locum
2183 3690 2478 3761 sepulchri
2538 3689 2759 3746 Domini
2801 3688 3000 3745 cordis
3054 3688 3267 3745 affectu
3311 3688 3589 3763 revisens,

1941 3794 2285 3850 omnemque
2338 3779 2529 3836 locum
2569 3782 2835 3834 sanctum
2888 3778 2979 3849 pia
3023 3777 3330 3834 devotione
3371 3777 3595 3850 perlus-

1938 3872 2128 3938 trans,
2146 3883 2274 3924 cum
2292 3881 2352 3923 se
2368 3866 2665 3923 desiderio
2689 3866 3049 3923 satisfecisse
3072 3865 3362 3935 crederet,
3382 3866 3591 3923 iterum

1939 3960 2270 4013 estuantem
2313 3956 2525 4011 devota
2568 3954 2965 4011 sollicitudine
3016 3954 3274 4011 saciabat
3316 3954 3586 4011 animum.

1938 4046 2258 4115 Numquam
2283 4059 2313 4099 a
2352 4044 2658 4100 missarum
2683 4044 3081 4100 celebratione
3105 4044 3417 4114 desistens,
3436 4058 3594 4099 num-

1939 4147 2106 4203 quam
2123 4147 2153 4187 a
2174 4131 2337 4187 verbi
2362 4132 2462 4187 Dei
2493 4132 2833 4200 erogatione
2866 4145 3073 4188 cessan
3091 4146 3138 4201 s,
3158 4132 3328 4188 immo
3378 4132 3591 4202 ubique

1937 4236 2064 4292 quae
2098 4220 2195 4274 Dei
2222 4224 2360 4275 sunt
2383 4221 2764 4290 annuncians,
2787 4219 3120 4276 nectimore
3137 4220 3362 4290 mortis,
3389 4235 3493 4277 nec
3510 4221 3592 4276 in-

1936 4307 2251 4365 festatione
2273 4306 2577 4363 barbarica
2597 4321 2627 4361 a
2651 4306 2775 4362 veri
2801 4310 2858 4362 et
2877 4307 3023 4362 recti
3040 4307 3358 4364 exibitione
3378 4317 3436 4364 et
3455 4309 3588 4365 mali

1934 4394 2326 4468 prohibitione
2343 4394 2707 4450 desistens.0
2722 4394 2852 4465 quis
2876 4394 3003 4464 ejus
3022 4395 3268 4451 allectus
3296 4396 3351 4451 in
3375 4398 3587 4458 Deum!

173 4479 457 4537 debathis
476 4494 605 4551 quae
627 4484 883 4551 ceperat,
903 4481 1087 4537 donec
1112 4481 1286 4537 missa
1304 4483 1638 4554 perexpleta
1656 4499 1819 4553 egre-
1848 4471 1901 4532 D
1934 4487 2147 4554 quanta
2211 4481 2451 4538 contriti
2498 4486 2556 4537 et
2594 4480 2902 4537 'humiliati
2960 4481 3207 4553 spiritus
3262 4482 3585 4540 exultatio!

166 4568 414 4625 deretur
436 4568 529 4625 vel
547 4568 740 4640 potius
752 4570 1181 4625 extraheretur.
1205 4570 1342 4626 .Fol.
1361 4574 1474 4635 87.)
1491 4573 1820 4630 Erutusau-

167 4656 459 4726 teminde,
486 4660 621 4714 ante
647 4658 808 4714 urbis
832 4663 1202 4730 prospectum
1228 4662 1480 4716 tentoria
1511 4661 1744 4732 ﬁgebat,
1762 4665 1820 4717 et

162 4746 895 4817 comparatisnecessariis
921 4748 1250 4820 sumptibus
1267 4749 1475 4805 ibidem
1492 4750 1825 4822 hospitaba-

165 4837 295 4903 tur,
330 4847 359 4889 a
391 4834 494 4890 Dei
554 4834 826 4892 laudibus
888 4850 1198 4907 numquam
1234 4852 1468 4906 vacans,
1532 4839 1665 4908 quia
1701 4838 1826 4895 laus

172 4921 305 4992 ejus
353 4937 587 4994 semper
615 4926 742 4979 erat
777 4924 1116 4981 indeﬁciens
1145 4927 1199 4981 in
1229 4941 1329 4982 ore
1375 4926 1575 4997 ipsius.
1610 4928 1824 4997 Pagani

166 5013 369 5067 autem
385 5010 674 5068 miraculo
690 5012 1015 5082 perterriti,
1032 5017 1090 5068 et
1104 5014 1291 5084 gratia
1307 5014 1611 5071 reverendi
1628 5015 1827 5073 vultus

162 5098 300 5168 ejus
332 5098 585 5169 invitati,
613 5099 924 5156 veniebant
950 5101 1019 5155 ad
1042 5115 1191 5167 eum,
1218 5102 1429 5172 quibus
1454 5102 1575 5173 ipse
1609 5119 1712 5175 per
1743 5105 1825 5160 in-

158 5192 491 5260 terpretem
518 5204 645 5260 qum
673 5190 743 5245 de
757 5192 895 5246 Jesu
910 5193 1077 5246 erant
1091 5196 1396 5260 gratanter
1409 5194 1691 5248 aununcia
1704 5195 1819 5264 bat,

158 5281 224 5333 et
259 5282 315 5334 ul
358 5278 430 5333 ab
462 5276 671 5348 injuria
738 5292 1041 5335 servorum
1085 5278 1185 5334 Dei
1216 5295 1418 5337 manus
1476 5282 1821 5338 cohiberent

166 5363 550 5437 praedicabat.
589 5364 911 5435 Fiebatque
941 5364 1090 5421 miro
1122 5366 1314 5437 modo,
1355 5372 1417 5423 ut
1453 5383 1603 5439 quos
1635 5370 1694 5424 in
1725 5368 1823 5425 ad-

1935 4576 2149 4644 quanta
2178 4570 2372 4627 cordis
2400 4569 2705 4640 jubilatio;
2758 4585 2886 4625 cum
2922 4569 3148 4625 videret
3181 4585 3244 4626 se
3276 4585 3419 4627 esse
3443 4587 3589 4641 pra:-

1935 4659 2265 4716 sentialiter
2294 4658 2389 4715 ubi
2423 4658 2688 4715 Christus
2717 4661 2890 4714 natus
2919 4662 3031 4727 est,
3069 4658 3163 4714 ubi
3216 4673 3448 4730 passus,
3486 4661 3585 4717 ubi

1939 4747 2226 4821 sepultus,
2244 4748 2341 4804 ubi
2357 4750 2652 4803 steterunt
2669 4747 2983 4802 novissime
3000 4746 3180 4818 pedes
3203 4746 3330 4817 eujs
3354 4748 3585 4818 quando

1938 4838 2200 4895 ascendit
2228 4838 2282 4893 in
2307 4828 2517 4894 celum.
2545 4837 2904 4908 Ubicumque
2929 4837 3581 4908 incubuissetorationi,

1938 4926 2207 4982 madebat
2223 4929 2379 4982 terra
2395 4925 2669 4992 lacrimis,
2687 4925 3119 4982 clamorcordis
3138 4926 3496 4983 ascendebat
3513 4926 3586 4983 ad

1937 5016 2261 5085 Dominum,
2285 5030 2501 5085 corpus
2524 5016 2913 5085 atterebatur,
2953 5014 3201 5087 spiritus
3221 5015 3580 5071 elevabatur.

1938 5102 2326 5181 Continuabat
2351 5108 2554 5159 noctes
2574 5102 2806 5172 vigiliis,
2833 5105 3176 5160 attenuabat
3209 5119 3426 5175 corpus
3438 5102 3587 5174 jeju-

1936 5192 2066 5261 niis,
2092 5205 2404 5263 numquam
2446 5192 2571 5247 sine
2595 5190 2871 5262 lacrimis,
2901 5207 3210 5261 numquam
3242 5192 3367 5248 sine
3402 5192 3587 5263 preci-

1934 5280 2061 5351 bus,
2087 5294 2215 5336 cum
2266 5283 2429 5336 totus
2451 5278 2745 5337 exultaret
2777 5280 2832 5334 in
2854 5280 3112 5350 Domino,
3139 5279 3401 5337 lastitiam
3434 5295 3589 5337 men-

1942 5369 2041 5441 tis,
2073 5368 2276 5426 vultus
2307 5369 2627 5425 serenitate
2660 5369 3013 5439 proferebat.
3036 5369 3331 5426 Dominica
3355 5369 3447 5426 die
3470 5384 3584 5442 qua

1749 5494 1972 5551 NOTE.

254 5574 346 5646 99)
381 5574 539 5632 Obiit
567 5590 618 5633 a.
653 5580 809 5634 1035.

258 5646 385 5717 100)
436 5647 644 5704 Ultima
692 5647 814 5705 haec
848 5651 983 5706 sunt
1032 5650 1211 5707 verba
1243 5652 1535 5709 Eberwini
1587 5652 1818 5710 abbatis

156 5717 408 5791 Trevir.,
445 5720 541 5790 qui
565 5718 837 5777 Richardi
862 5720 919 5777 in
952 5719 1160 5778 itinere
1184 5722 1708 5795 Hierosolymitano
1725 5739 1821 5780 co-

1928 5583 2317 5657 mesLVitam
2349 5583 2629 5657 Simeonis
2677 5583 3024 5655 composuit.
3083 5585 3252 5657 Mab.,
3296 5588 3425 5644 Act.
3485 5584 3578 5642 SS.

1933 5657 2055 5712 Szec
2085 5655 2175 5727 VI,
2207 5659 2257 5725 l,
2297 5672 2350 5729 p.
2387 5660 2490 5713 376
2551 5656 2635 5711 Cf.
2672 5670 2868 5728 supra.
