3922 6396
375 419 490 484 247

1331 422 1701 488 HUGONIS
1744 421 2105 487 ABBATIS
2146 390 2835 488 FLAVINIACENSIS

3672 422 3783 485 248

377 549 716 608 celebratur
757 552 1044 610 adVentus
1075 552 1298 611 Domlni
1334 553 1389 612 in
1444 557 1809 616 Jherusalem
1841 561 1902 614 et
1931 571 2030 613 ex-
2059 553 2116 617 A
2146 554 2204 612 in
2225 568 2369 613 voce
2393 555 2528 613 fidei
2555 555 2939 613 annunciaret
2969 553 3290 612 fratribus:
3313 554 3781 617 Reatina-itha-

380 639 575 711 ceptio
607 639 734 709 ejus
764 655 793 696 a
826 642 1029 712 pueris
1058 656 1189 699 cum
1222 642 1451 714 hymnis
1493 645 1939 718 palmarumque
1972 649 2029 702 et

382 728 670 785 frondium
724 729 920 800 ramis,
956 729 1156 787 urbem
1205 731 1505 802 ingressus
1535 738 1655 791 est:
1712 735 2030 791 ebdomada

382 820 505 874 tota
538 818 906 888 pernoctavit
929 818 1278 877 inlaudibus
1303 821 1421 892 Dei,
1443 830 1573 879 cum
1608 827 1730 879 tota
1763 822 2033 880 aecclesia

381 905 820 962 discurreretur
842 921 871 961 a
891 907 1134 978 paganis
1152 906 1365 978 gladiis
1402 910 1679 968 accinctis
1702 911 1828 983 ipse
1856 909 2033 967 nichil

383 994 676 1066 dubitans,
711 994 887 1050 nichil
928 995 1212 1067 hesitans,
1237 1013 1365 1069 quae
1387 999 1484 1055 Dei
1517 1005 1654 1057 sunt
1685 1001 1802 1056 Deo
1835 1000 2037 1057 redde-

385 1085 480 1139 bat
512 1083 762 1154 pervigil
792 1083 849 1139 in
897 1085 1278 1157 orationibus,
1317 1087 1372 1143 in
1410 1089 1648 1161 jejuniis
1676 1089 2032 1146 continuus:

383 1171 530 1227 adeo
567 1175 629 1228 ut
648 1172 901 1242 gentiles
933 1173 1042 1247 ipsi
1073 1175 1506 1234 admirarentur
1548 1177 1879 1235 devotionis
1910 1177 2037 1247 ejus

388 1261 746 1333 instantiam,
771 1266 830 1318 et
854 1270 1270 1321 revererentur
1289 1267 1702 1323 constantiam.
1729 1266 1868 1336 (Fol.
1895 1267 2038 1337 86b.)

386 1350 545 1405 Diem
598 1365 757 1407 cena)
806 1352 1264 1410 sacratissimum
1296 1352 1350 1409 in
1403 1355 1724 1412 exibitione
1785 1354 2040 1411 mandati

2140 644 2362 701 minus.
2415 645 2577 701 Mane
2627 646 2804 714 facto,
2855 642 3396 701 consuetudinariis
3423 646 3665 706 canticis
3692 664 3780 706 ex-

2148 732 2344 803 pletis,
2394 733 2625 791 missam
2660 733 2869 790 festive
2918 732 3078 789 circa
3139 731 3338 789 horam
3370 732 3607 790 terciam
3635 738 3781 795 cele-

2144 820 2356 893 bravit,
2416 826 2476 878 et
2531 821 2977 879 communicatis
3032 819 3305 877 fidelibus
3370 821 3602 893 populis
3660 841 3775 884 cum

2143 910 2358 980 gaudio
2380 910 2611 968 domum
2633 910 2888 980 rediens,
2914 909 3248 966 celebritati
3272 908 3385 965 diei
3410 909 3717 981 satisfecit,
3734 922 3782 968 ct

2144 1001 2269 1055 tota
2296 999 2389 1056 die
2420 1014 2549 1056 cum
2583 999 2914 1070 patriarcha
2949 997 3292 1054 familiarius
3316 997 3611 1069 loquutus,
3639 1000 3780 1056 diem

2148 1087 2393 1144 deduxit
2416 1088 2471 1143 in
2492 1088 2681 1159 jubilo
2700 1087 2897 1145 cordis
2920 1087 3545 1158 etvoceexultationis,
3563 1100 3786 1161 semper

2148 1175 2341 1233 locum
2361 1176 2657 1247 sepulchri
2687 1176 2912 1232 Domini
2936 1176 3193 1233 revisere
3223 1176 3501 1247 gestiens,
3530 1177 3787 1235 recolens

2149 1268 2208 1321 et
2259 1264 2553 1321 admirans
2612 1264 2909 1322 sudarium
2957 1264 3173 1335 capitis
3223 1264 3447 1320 Domini
3505 1280 3618 1322 non
3667 1280 3789 1324 cum

2151 1353 2592 1411 linteaminibus
2620 1353 2898 1426 positum,
2930 1352 3033 1410 sed
3054 1352 3370 1426 separatim
3393 1353 3717 1412 involutum
3740 1354 3791 1411 in

389 1438 616 1494 Domini
649 1443 706 1496 et
770 1455 1091 1512 pauperum
1143 1443 1511 1500 recreatione
1539 1443 1803 1514 deduxit,
1862 1443 2043 1515 pedes

390 1541 713 1599 pauperum
738 1528 1006 1600 abluens,
1034 1534 1229 1587 vestes
1243 1535 1301 1588 et
1327 1546 1572 1603 quaeque
1586 1532 1919 1590 necessaria
1943 1532 2046 1588 tri~

392 1615 597 1687 buens,
631 1620 689 1672 et
724 1620 910 1673 totum
943 1632 1007 1674 se
1038 1619 1356 1677 Dominicis
1386 1621 1652 1679 serviciis
1679 1622 2047 1678 conformans

392 1710 448 1759 et
476 1703 793 1776 applicans.
818 1707 940 1762 Iam
974 1720 1115 1763 vero
1148 1707 1280 1778 quis
1305 1709 1541 1779 referat,
1573 1708 1825 1779 qualiter
1858 1723 1924 1765 se
1953 1708 2046 1766 die
2160 1707 2229 1764 de
2260 1707 2474 1765 reditu.
2524 1710 2639 1765 Nec
2663 1708 2839 1765 rediit
2867 1723 3087 1767 vacuus
3112 1723 3143 1765 a
3173 1723 3432 1781 munere,
3467 1710 3603 1781 quia
3632 1710 3796 1768 archa

396 1806 716 1864 parasceve
732 1794 1098 1864 mactaverit,
1116 1796 1731 1867 cruciaverit,Christo
1744 1797 1905 1855 cruci
1921 1812 2049 1855 con-
2160 1796 2355 1874 eprdis
2378 1796 2502 1867 ejus
2516 1797 2738 1868 repleta
2758 1797 3049 1855 eratbona
3072 1797 3399 1855 devotione.
3426 1798 3588 1865 Quod
3611 1802 3797 1856 autem

398 1880 830 1938 fixerit?Totus
853 1882 909 1938 in
961 1883 1238 1956 lacrimis,
1285 1889 1446 1942 totus
1471 1885 1527 1942 in
1549 1886 1748 1943 cordis
1777 1901 2048 1959 compun-
2075 1901 2133 1963 Β
2164 1884 2269 1942 fuit
2306 1900 2514 1942 munus
2566 1885 2744 1942 illud?
2790 1886 3200 1943 Discurrentes
3229 1887 3434 1958 p'agani
3468 1900 3570 1959 per
3629 1887 3799 1945 muni-

398 1968 615 2039 ctione,
652 1970 706 2025 in
741 1972 1261 2044 contemplatione,
1308 1973 1363 2028 in
1401 1974 1612 2032 suimet
1645 1975 2045 2048 abnegatione,
2165 1974 2312 2031 tiora
2338 1973 2702 2046 templi,ipsa
2734 1975 3055 2032 ebdomada
3079 1980 3213 2031 ante
3235 1976 3473 2046 pascha,
3497 1975 3724 2048 lapides
3746 1976 3798 2032 in

402 2057 649 2115 maxime
673 2074 803 2114 cum
825 2059 1054 2118 videret
1075 2061 1447 2133 sepulchrum
1468 2065 1603 2121 Jesu
1629 2078 1746 2135 prae
1768 2063 2051 2135 oculis,et
2166 2062 2442 2135 pepulum
2485 2077 2652 2119 sacra
2685 2062 3080 2120 celebrantem
3123 2063 3442 2133 jaciebant.
3479 2065 3629 2121 Casu
3661 2063 3801 2136 lapis

402 2152 561 2203 esset
584 2147 635 2203 ei
660 2148 903 2205 materia
937 2148 1163 2207 doloris
1194 2155 1250 2206 et
1284 2152 1729 2224 compassionis.
1757 2154 1817 2208 In
1839 2153 2056 2211 oratio—
2163 2150 2405 2208 veniens
2437 2150 2591 2207 intra
2634 2151 2967 2222 sepulcrum
3006 2152 3240 2223 cecidit,
3272 2168 3446 2224 quem
3465 2152 3553 2209 vir
3588 2152 3803 2209 Domini

405 2236 577 2292 nibus
607 2236 904 2307 assiduus,
932 2252 1155 2309 pernox
1183 2238 1239 2294 in
1267 2238 1506 2310 vigiliis,
1528 2230 1886 2297 ~fatiscentes
1910 2240 2057 2311 jeju-
2167 2254 2273 2311 pro
2296 2254 2503 2309 magno
2535 2253 2774 2296 munere
2807 2239 2918 2295 sibi
2948 2241 3287 2312 assumpsit,
3314 2245 3374 2297 et
3400 2240 3541 2297 totis
3560 2239 3679 2296 illis
3698 2240 3807 2297 die-

403 2323 516 2379 niis
548 2329 715 2382 artus
774 2325 1011 2398 spiritui
1065 2327 1288 2384 servire
1339 2329 1605 2399 cogebat.
1637 2330 1737 2385 Die
1796 2328 1896 2384 illa
1927 2345 2055 2387 cum
2169 2328 2296 2398 bus,
2324 2327 2535 2398 quibus
2557 2326 2892 2384 celebratur
2924 2327 3119 2399 passio
3148 2328 3239 2385 vel
3275 2328 3636 2387 resurrectio
3656 2330 3805 2399 Iesu,

403 2416 576 2471 nocte
609 2415 881 2485 sequenti
913 2430 946 2477 a
977 2414 1104 2472 loco
1145 2416 1445 2488 sepulchri
1477 2432 1591 2473 non
1624 2418 1890 2490 recessit,
1943 2433 2061 2476 am-
2170 2416 2323 2471 intra
2354 2414 2725 2487 sepulchrum
2765 2414 3055 2485 jacentem
3104 2416 3323 2487 vigiliis
3355 2421 3413 2472 et
3448 2416 3803 2473 orationibus

405 2502 754 2559 mirantibus
802 2504 1071 2561 omnibus
1120 2505 1457 2562 instantiam
1514 2505 1691 2578 illius,
1726 2507 1880 2578 quod
1931 2507 2063 2564 aliis
2169 2504 2410 2561 Domino
2435 2503 2747 2561 dedicavit.
2773 2505 2936 2560 Ilunc
2973 2518 3315 2561 recessurus
3335 2520 3467 2562 cum
3489 2519 3693 2575 magna
3722 2504 3807 2561 de-

410 2591 827 2650 rccedentibus
882 2593 1009 2665 ipse
1052 2609 1163 2651 non
1215 2595 1546 2652 recedebat.
1583 2594 1726 2665 (Fol.
1765 2597 1881 2669 87.)
1912 2596 2060 2663 Quid
2170 2593 2408 2650 votione
2429 2591 2691 2663 sustulit,
2717 2591 3128 2651 ctexosculato
3149 2592 3280 2650 loco
3301 2596 3528 2664 sancto,
3555 2592 3807 2664 quasito—

412 2681 629 2739 multa?
650 2682 813 2739 venit
836 2683 962 2740 dies
982 2684 1168 2740 sancti
1211 2684 1459 2755 sabbati,
1491 2699 1605 2756 quo
1635 2686 2063 2757 expectabatur
2172 2686 2295 2738 tum
2319 2696 2516 2739 secum
2542 2682 2740 2752 ferret,
2781 2681 2934 2738 inter
2963 2685 3166 2738 sancta
3198 2681 3483 2752 reposuit,
3507 2685 3564 2738 et
3608 2680 3809 2738 valedi-

409 2770 625 2842 ignisa
676 2772 938 2844 Domino,
1000 2777 1061 2829 et
1117 2772 1372 2843 gentiles
1431 2773 1661 2845 armati,
1721 2774 2064 2831 Christianis
2173 2769 3810 2843 ccnspatriarchaa,prosperaeiimprecatusabiredecre

410 2860 567 2916 intro
597 2860 891 2918 conclusis
922 2865 980 2917 et
1026 2860 1454 2934 beneplaeitam
1488 2862 1849 2920 voluntatem
1881 2864 2066 2920 Domi-
2174 2860 2279 2916 vit.
2334 2858 2621 2930 Ingemuit
2653 2857 2750 2914 ille
2800 2858 2857 2914 in
2888 2873 3033 2916 voce
3064 2857 3265 2915 dilecti
3297 2857 3425 2914 vale
3456 2858 3725 2927 dicentis,
3755 2862 3804 2914 et

412 2948 469 3003 ni
501 2949 572 3005 de
623 2950 754 3020 igne
805 2949 1179 3021 suscipiendo
1226 2949 1725 3023 praestolantibus,
1758 2955 1938 3009 totam
1969 2953 2067 3009 oh-
2176 2950 2485 3022 proferens
2509 2947 2792 3019 reliquias
2813 2946 3273 3019 preciosissimas
3299 2946 3370 3003 de
3396 2946 3550 3017 ligno
3570 2945 3802 3014 Domini,

414 3042 793 3096 servaVcrant
825 3038 1174 3110 aecclesiam,
1210 3043 1272 3096 ut
1317 3039 1365 3096 si
1397 3039 1547 3110 ignis
1577 3055 1692 3097 non
1741 3041 2065 3112 adveniret,
2179 3039 2436 3109 itemque
2460 3035 2816 3108 marsupium
2840 3050 3015 3093 unum
3046 3051 3190 3092 auro
3222 3040 3447 3092 textum
3477 3034 3808 3107 praegrandia

416 3142 619 3184 omnes
648 3126 845 3197 gladio
875 3128 1305 3199 perimerentur
1340 3146 1352 3182 :
1384 3143 1515 3186 cum
1547 3143 1705 3200 ecce,
1733 3129 1872 3186 hora
1901 3130 2070 3186 cirei-
2181 3125 2445 3198 reliquiis
2463 3128 2799 3182 sanctorum
2824 3123 3347 3196 refertum,optulit
3368 3124 3489 3182 seni
3503 3121 3807 3180 venerabili

2103 3254 2153 3316 Ο
2181 3231 2309 3273 cum
2322 3214 2644 3285 gratiarum
2659 3212 3477 3284 actione,inquienszAccipe,o
3491 3212 3811 3316 dilecte'Do:

2181 3305 2354 3375 mini,
2368 3316 2585 3362 munus
2598 3301 2760 3361 bona
2775 3302 3107 3360 voluntatis
3127 3303 3188 3359 et
3203 3302 3549 3371 devotionis,
3565 3300 3727 3375 quod
3738 3298 3813 3358 sit

2152 1456 2329 1498 unum
2353 1440 2565 1498 locum.

2225 1530 2313 1587 22.
2347 1531 2565 1587 Diebus
2599 1529 2768 1587 festis
2794 1529 3039 1602 reliquis
3062 1530 3380 1588 celebratis
3411 1530 3467 1587 in
3496 1530 3712 1603 gaudio
3741 1537 3796 1590 et

2158 1619 2417 1691 tripudio
2449 1619 2647 1691 animi,
2682 1619 3000 1677 destinavrt
3031 1619 3120 1677 vir
3142 1619 3515 1678 mittissimus
3543 1621 3794 1692 cogitare

419 3221 509 3272 ter
558 3231 730 3289 nona,
794 3216 1067 3274 omnibus
1133 3216 1461 3289 orantibus,
1522 3218 1579 3274 in
1638 3234 1748 3276 una
1804 3219 2071 3293 lampade

419 3306 573 3381 ignis
596 3306 745 3380 (101)
770 3320 1055 3364 accensus
1086 3312 1181 3364 est
1226 3321 1257 3363 a
1284 3308 1547 3378 Demino,
1581 3308 1800 3366 nullius
1858 3312 2076 3366 morta.

421 3398 560 3456 lium
584 3395 941 3468 suffragante
965 3395 1361 3469 amminiculo,
1386 3400 1444 3453 et
1458 3396 1711 3468 gentiles
1733 3413 1933 3455 omnes
1954 3402 2077 3455 stu-
2182 3394 2379 3451 mutui
2404 3394 2636 3464 pignus
2652 3391 2894 3461 amoris,
2913 3404 3132 3448 munus
3148 3390 3310 3464 quod
3336 3404 3665 3462 numquam
3697 3402 3811 3447 con-

421 3502 529 3560 por
556 3484 941 3557 apprehendit
963 3490 1023 3541 et
1046 3499 1247 3557 pavor,
1271 3484 1634 3543 Christianos
1650 3486 2076 3557 verogaudium
2184 3483 2538 3552 summatur,
2563 3494 2790 3554 semper
2819 3479 2998 3551 extet,
3038 3480 3262 3549 herent,
3296 3479 3486 3538 amico
3531 3477 3807 3548 convivat,

422 3581 482 3632 et
510 3574 819 3643 exultatio,
843 3576 903 3631 ut
929 3575 1001 3630 ab
1026 3574 1298 3631 omnibus
1318 3578 1439 3630 tota
1458 3575 1730 3632 certatim
1763 3579 2079 3632 caneretur
2186 3572 2345 3646 quod
2372 3570 2806 3629 evanescentem
2839 3569 3186 3626 memoriam
3222 3569 3456 3638 excitet,
3476 3566 3807 3639 joeundum,

425 3663 721 3723 zecclesia:
745 3660 1008 3734 Magnus
1026 3663 1319 3720 Dominus
1338 3664 1556 3734 noster,
1578 3664 1859 3736 etmagna
1881 3665 2080 3723 virtus
2187 3658 2589 3734 quodobviam
2622 3659 2823 3716 animo
2860 3656 3085 3727 veniat,
3110 3657 3499 3727 etnumquam
3537 3653 3810 3712 labatura

426 3756 576 3827 ejus,
603 3752 1124 3824 etsapientiaejus
1137 3765 1257 3808 non
1285 3751 1866 3823 estnumerus(Psal.
1893 3768 2076 3824 cxm,
2186 3748 2492 3805 memoria.
2520 3745 3055 3805 PrestetDominus
3082 3744 3219 3802 istis
3231 3742 3566 3801 etomnibus
3601 3741 3810 3801 sancti:

429 3848 504 3915 5).
535 3842 677 3898 Ilico
708 3840 798 3896 vir
831 3841 1040 3919 beatus
1072 3840 1260 3897 sacris
1292 3839 1531 3898 indutus
1570 3842 1855 3913 vestibus,
1891 3856 2079 3914 myssa
2190 3835 2710 3905 intercedentibus,
2742 3835 2815 3893 ut
2829 3833 3050 3892 iterum
3076 3830 3810 3891 videamusnosinceelesti-

433 3928 1169 4001 inchoata,Kg/rieeleison
1186 3928 1487 4001 solempne
1514 3929 1665 3986 elata
1700 3930 1756 3988 in
1783 3930 2080 3988 excelsum
2194 3924 2429 3997 bus,ubi
2452 3927 2608 3998 ﬁnis
2649 3923 2987 3982 laborumet
3018 3922 3420 3980 remuneratio
3453 3919 3810 3993 praemiorum

432 4033 574 4076 voce
589 4017 1017 4091 pronunciavit.
1047 4016 1191 4087 (Fol.
1235 4016 1367 4090 87’.)
1385 4020 1508 4074 Jam
1540 4019 1692 4075 enim
1716 4018 1997 4078 lectiones
2023 4024 2084 4076 et
2193 4013 3009 4086 aeternorum,ubinumquam
3023 4010 3097 4069 ab
3123 4010 3811 4083 invicemseparabimur;

433 4107 682 4179 cantica,
711 4120 811 4164 seu
849 4105 1131 4179 quidquid
1156 4110 1249 4164 est
1272 4106 1414 4164 illud
1438 4108 1937 4165 consuetudinarii
1967 4108 2084 4166 om-
2186 4104 2518 4180 gaudentes
2531 4104 2591 4161 et
2607 4103 2921 4175 gustantes
2951 4115 3135 4173 quam
3151 4099 3483 4159 sitdulceet
3501 4097 3810 4170 jocundum

433 4197 511 4255 cii
536 4211 721 4268 usque
752 4195 824 4252 ad
856 4196 1261 4253 aceensionem
1303 4196 1540 4254 luminis
1570 4197 1626 4254 in
1674 4198 2085 4271 expectatione
2195 4195 2473 4254 habitare
2472 4188 3676 4266 fratresinunum(PsaI.cxxxu,1).Divisi
3695 4188 3808 4244 sunt

437 4301 603 4343 novae
628 4285 883 4343 lucernae
907 4284 1157 4355 ﬁnierat,
1180 4290 1239 4342 et
1260 4285 1345 4342 sic
1371 4285 1582 4346 Gloria
1602 4289 1668 4344 in
1694 4288 1947 4345 excetsis
1964 4289 2086 4345 Deo
2195 4298 2337 4355 ergo
2353 4282 2682 4341 abinvicem
2696 4278 3147 4351 ﬂentes,quibus
3159 4278 3207 4335 si
3227 4278 3491 4336 licuisset
3503 4277 3807 4342 convivere,

437 4389 567 4432 cum
624 4374 879 4432 lacrimis
929 4378 988 4430 et
1013 4374 1203 4446 jubilo
1232 4373 1432 4432 cordis
1485 4376 1778 4447 intonans,
1810 4376 2086 4446 gaudium
2198 4367 3158 4459 etcommorilibuisset.Graditur
3178 4364 3678 4459 paterRiehardus
3698 4366 3811 4459 Cra:

441 4463 812 4535 Christianis,
840 4466 1054 4520 metum
1074 4469 1131 4520 et
1164 4463 1611 4521 admirationem
1636 4465 1878 4537 paganis
1901 4464 2090 4522 incus-
2201 4464 2281 4521 tia
2314 4463 2640 4533 Deiaggere
2652 4458 3197 4532 publico,oneratus
3210 4471 3384 4513 onere
3410 4455 3586 4513 nobili
3609 4452 3809 4512 etdulci

438 4551 537 4611 sit.
555 4554 841 4609 Astabant
866 4551 919 4607 in
940 4551 1194 4609 circuitu
1213 4550 1419 4608 altaris
1433 4551 1691 4623 undique
1707 4554 2090 4611 frementcset
2117 4612 2165 4623 __
2204 4554 2409 4623 ﬂuo,se
2432 4555 2493 4608 et
2513 4550 2622 4607 sibi
2647 4547 3056 4606 commitantes
3079 4545 3393 4604 comittens
3413 4547 3528 4602 Deo
3544 4543 3813 4600 universo-

442 4640 797 4712 frendentes,
835 4640 936 4697 sed
970 4645 1130 4697 tanta
1152 4644 1282 4699 erat
1311 4612 1639 4698 reverentia
1680 4641 1811 4713 viri,
1835 4644 1998 4699 tanta
2033 4643 2091 4699 in
2117 4612 2173 4675 Π
2205 4612 2520 4701 νυιηόονάθ
2539 4637 2739 4696 humili
2760 4640 2817 4693 et
2841 4634 3606 4694 contribulato.Pendebant
3632 4648 3661 4689 a
3682 4628 3812 4688 collo

443 4731 631 4787 virum
685 4729 982 4803 protectio
1015 4729 1226 4787 Christi
1259 4729 1496 4801 domini,
1530 4734 1592 4787 ut
1651 4746 1851 4790 omnes
1881 4734 2094 4791 sancti-
2203 4732 2333 4803 ejus
2356 4733 2688 4788 sanctorum
2703 4725 2984 4796 reliquiae,
3008 4724 3332 4815 uthaberet
3353 4720 3815 4815 praeoeulispara-

445 4825 623 4877 tatem
648 4817 775 4888 ejus
797 4823 858 4874 et
903 4817 1245 4888 religionem
1276 4817 1587 4875 admirantt
1605 4834 1634 4874 s
1658 4821 2091 4895 revererentur,
2208 4826 2327 4879 tum
2353 4818 2647 4892 Speeimen
2664 4815 3131 4885 sanctitatis,nec
3146 4812 3377 4870 deesset
3393 4810 3552 4869 cordi
3569 4810 3813 4868 memoria

444 4914 505 4967 et
527 4907 683 4966 omni
725 4922 855 4964 eum
906 4906 1125 4963 honore
1175 4907 1409 4978 dignum
1444 4907 1726 4967 ducerent
1759 4910 1870 4983 ipsi
1920 4912 2095 4969 etiam
2205 4924 2428 4979 eorum,
2453 4921 2698 4978 quorum
2744 4904 2975 4963 sarcina
2998 4900 3331 4960 delectabili
3354 4900 3631 4992 reliquias
3655 4899 3814 4992 gesta-

448 4997 543 5070 qui
569 4995 1041 5052 inimicabantur.
1078 4996 1315 5052 Noctem
1349 4995 1504 5054 illam
1539 5003 1706 5070 pater
1729 5006 1932 5057 noster
1962 5001 2099 5057 Gra-
2208 5000 2324 5056 bat.
2351 4999 2576 5065 Quanta
2600 5010 2738 5053 vero
2761 4994 2816 5050 in
2839 4992 3139 5051 redeundo
3166 5005 3377 5064 passus
3408 4989 3503 5061 sit,
3529 4990 3654 5062 ipse
3684 4985 3813 5044 novit

449 5087 529 5141 tia
561 5085 661 5141 Dei
680 5083 1201 5155 duxitinsomnem,
1227 5085 1525 5144 Dominum
1549 5092 1951 5159 resurgentem
1970 5088 2102 5146 ado-
2209 5089 2305 5160 qui
2329 5086 2573 5161 pertulit
2604 5105 2617 5141 :
2653 5098 2779 5157 quae
2802 5082 2989 5140 omnia
3014 5080 3314 5151 dijudieat,
3340 5078 3437 5150 qui
3465 5077 3720 5134 laborum
3747 5084 3815 5127 re-

450 5188 609 5243 rans,
633 5177 691 5228 et
738 5188 869 5230 cum
920 5173 1092 5229 Maria
1124 5174 1460 5244 Magdalene
1502 5175 1556 5230 in
1579 5181 1710 5234 orto
1733 5177 1964 5247 mentis,
2000 5178 2099 5235 ubi
2210 5180 2641 5235 muneratorem
2661 5188 2724 5231 se
2749 5168 3286 5246 promisit.Videres
3309 5168 3495 5225 virum
3519 5164 3725 5222 seculis
3743 5172 3817 5216 ve-

452 5263 719 5319 virebant
750 5277 855 5335 per
908 5276 1038 5319 eum
1089 5261 1377 5334 plantaria
1406 5263 1710 5336 virtutum,
1770 5265 2099 5324 ortolanum
2211 5265 2552 5335 nerandum,
2579 5264 2713 5320 dum
2736 5261 2868 5331 iret,
2912 5259 3127 5332 saepius
3147 5257 3379 5316 cervice
3401 5254 3613 5312 reﬂexa
3640 5258 3817 5310 versus

450 5353 647 5408 Jesum
689 5350 891 5409 videre
931 5351 1290 5424 desiderans,
1325 5356 1390 5411 ut
1418 5357 1656 5412 vocaret
1687 5367 1817 5414 eum
1868 5356 2102 5428 praprio

456 5437 705 5509 nomine,
765 5443 826 5495 et
880 5454 944 5497 se
1002 5441 1347 5512 magistrum
1399 5445 1460 5497 et
1512 5441 1815 5500 Dominum
1863 5427 2103 5502 doceret
2211 5443 2484 5503 ati‘ectum
2525 5441 2723 5499 cordis
2746 5437 2932 5497 oculis
2954 5437 3230 5510 pandere,
3262 5432 3519 5504 gaudere
3542 5427 3694 5502 quod
3718 5437 3818 5483 san-

455 5531 879 5597 agnoscere,ut
898 5528 1086 5586 factus
1108 5528 1282 5586 testis
1302 5542 1454 5587 veraa
1476 5530 1931 5590 resurrectionis
1952 5532 2097 5605 ejus,
2211 5537 2370 5592 ctum
2410 5530 2603 5590 locum
2651 5526 2945 5602 sepulchri
3003 5524 3270 5595 vidisset,
3300 5520 3501 5580 dolere
3532 5515 3706 5592 quod
3730 5524 3818 5570 non

531 5728 676 5803 (101)
709 5731 788 5786 De
819 5730 930 5787 hoc
962 5729 1093 5801 igne
1124 5743 1294 5788 sacro
1314 5706 1389 5790 cf.
1421 5730 1709 5793 Wilhelm.
1744 5648 2344 5798 MalmesbNGCels‘ltED.
2380 5737 2444 5794 Α.
2480 5734 2571 5793 1V.
2601 5732 2693 5791 ed.
2724 5731 2937 5802 Hardy,
2973 5744 3027 5803 p.
3062 5731 3185 5786 δον.
3218 5730 3219 5733 ‘

2210 5357 2472 5412 sanctam
2500 5350 2866 5410 Jherusalem
2894 5346 3208 5418 humiliari,
3240 5343 3562 5418 suspirare,
3594 5347 3817 5413 gemere.
