3922 6452
247 422 365 483 249

1517 415 2021 481 CHRONICON.
2050 454 2128 466 —
2156 421 2312 486 LIB.
2357 426 2433 488 II.

3544 423 3667 486 250

247 567 482 626 semper
510 549 760 607 videret.
788 551 932 608 Hinc
962 564 1035 608 ex
1065 551 1275 609 affectu
1309 566 1632 610 sermonem
1667 552 1900 625 pepulis
1926 552 1982 612 A
2015 560 2326 624 supererat
2378 558 2662 630 temporis
2713 557 2885 614 simul
2936 555 3242 629 explerent
3280 555 3335 609 in
3373 553 3664 611 exercicio

251 644 411 712 dare,
439 638 720 697 beneﬁcia
739 641 878 696 Jesu
898 639 1086 696 oculis
1105 642 1453 711 monstrare,
1476 655 1677 698 omnes
1700 641 1897 698 subito

247 748 324 790 ex
337 730 653 788 devotione
679 729 1082 800 ingemiscere,
1099 731 1278 787 Deum
1304 729 1672 802 benedicere,
1688 744 1899 787 memo-

248 821 369 878 rari
397 817 731 876 dulcedinis
753 817 984 889 divinae,
1005 822 1060 875 et
1088 818 1160 874 ad
1183 820 1330 876 bona
1355 819 1628 877 sectanda
1654 835 1898 892 prorsus

250 909 515 968 accendi.
567 909 687 964 Non
741 906 987 963 cadebat
1038 907 1232 978 passio
1283 907 1506 964 Domini
1542 923 1571 964 a
1601 909 1896 980 memoria,

251 1013 382 1070 quae
406 999 531 1055 erat
559 997 678 1052 fere
704 999 828 1052 tota
855 995 985 1065 ejus
1012 997 1308 1053 memoria.
1338 996 1486 1064 Quid
1509 996 1660 1053 enim
1683 997 1789 1054 fuit
1815 1002 1901 1055 to-

251 1091 350 1145 tus
400 1085 536 1142 vitae
565 1085 691 1154 ejus
716 1099 1025 1155 excursus,
1051 1083 1161 1141 nisi
1185 1084 1335 1142 velle
1359 1085 1478 1158 pati
1511 1101 1616 1158 pro
1647 1085 1896 1157 Christo,

253 1175 534 1234 commori
559 1174 611 1230 ei
635 1177 693 1230 et
717 1173 1094 1246 consepeliri,
1123 1180 1186 1231 ut
1210 1175 1452 1232 daretur
1474 1174 1585 1232 sibi
1610 1190 1717 1246 per
1742 1176 1902 1232 Chri-

253 1272 411 1323 stum
442 1265 499 1321 in
522 1264 707 1337 gloria
741 1278 1052 1334 resurgere
1079 1279 1209 1323 cum
1242 1265 1378 1324 illo?
1409 1265 1543 1323 Ideo
1576 1271 1734 1323 tanta
1769 1282 1901 1339 pas-

253 1370 360 1412 sus
389 1358 498 1424 est,
536 1353 632 1424 qui
664 1357 725 1411 ut
760 1357 1066 1425 pateretur
1115 1353 1248 1411 exul
1294 1370 1398 1427 pro
1436 1356 1676 1412 Domino
1711 1357 1901 1414 factus

253 1447 368 1502 est.
395 1442 537 1513 (Fel.
563 1444 678 1515 88.)
704 1444 771 1499 Et
797 1443 1029 1514 quidem
1048 1442 1230 1514 juste.
1258 1445 1516 1516 Sapienti
1539 1445 1690 1502 enim
1714 1447 1902 1503 omnis

255 1532 508 1590 mundus
555 1531 813 1604 exilium,
847 1536 904 1589 et
936 1532 1062 1589 viro
1107 1533 1270 1603 justo
1317 1534 1504 1590 omnis
1553 1535 1804 1592 mundus
1834 1535 1904 1569 ⁸¹⁰

257 1623 485 1679 domus.
523 1621 766 1693 Sapiens
787 1625 981 1677 autem
1003 1625 1153 1692 erat,
1182 1636 1350 1692 quem
1383 1621 1508 1694 ipsa
1540 1623 1902 1681 inhabitabat

255 1709 569 1782 sapientia,
595 1709 897 1779 virjustus
920 1713 1066 1779 erat,
1094 1709 1225 1780 quia
1247 1725 1466 1782 corpus
1491 1711 1751 1784 peccatis
1773 1713 1906 1771 sub-

258 1800 446 1857 ditum
481 1799 668 1856 nescit
704 1798 1032 1854 inhabitare
1061 1798 1370 1871 sapientia.

2013 641 2343 712 spiritualis
2377 645 2776 718 phleSOphiae
2810 644 3156 717 (Vithym.
3195 645 3304 714 10).
3351 642 3665 700 Venientes

2014 734 2207 787 autem
2242 734 2311 789 ad
2345 734 2643 790 civitatem
2675 732 3072 802 Bellegradam
3107 731 3277 804 (102),
3315 745 3443 800 quae
3475 737 3564 787 est
3603 730 3663 786 in

2013 819 2266 876 confinio
2291 820 2674 891 Bulgarorum
2701 825 2760 877 et
2787 820 3235 890 llungariorum,
3252 833 3281 874 a
3303 818 3564 875 civitatis
3585 819 3666 874 in-

2014 906 2357 964 felicissimo
2387 909 2650 981 principe
2675 909 3006 982 prohibitus
3026 913 3116 964 est
3137 923 3266 964 cum
3285 908 3372 964 eis
3393 906 3662 977 transire,

2012 1002 2070 1053 et
2089 997 2168 1054 ita
2189 997 2394 1068 lugens
2412 1005 2471 1056 et
2489 999 2693 1056 dolens
2717 999 2940 1056 divisus
2960 1003 3052 1055 est
3068 1013 3096 1054 a
3118 1003 3285 1070 patre
3308 999 3364 1054 et
3388 996 3670 1054 fratribus

2012 1085 2349 1156 lugentibus
2368 1091 2424 1144 et
2447 1088 2804 1145 dolentibus.
2827 1090 3079 1145 Domnus
3103 1087 3343 1158 Symeon
3364 1099 3466 1157 per
3486 1084 3665 1140 multa

2015 1175 2272 1248 pericula
2306 1177 2411 1233 ivit
2445 1178 2828 1248 Rotomagum
2862 1192 2968 1248 pro
3001 1175 3274 1248 inplenda
3301 1173 3666 1238 obedientia;

2015 1268 2181 1336 pater
2219 1264 2548 1323 Richardus
2589 1265 2778 1336 gratia
2810 1265 2910 1322 Dei
2945 1264 3116 1334 longo
3150 1269 3208 1320 et
3242 1263 3404 1320 vario
3439 1261 3666 1319 itineris

2014 1353 2216 1410 labore
2257 1353 2523 1411 redditus
2567 1359 2657 1411 est
2702 1353 2914 1411 finibus
2948 1352 3146 1410 Galliae
3180 1351 3448 1423 Belgicae.

2090 1445 2176 1499 24.
2214 1443 2485 1500 Occurrit
2518 1442 2653 1500 ilico
2687 1442 2839 1515 patri
2872 1457 2903 1499 a
2935 1440 3107 1512 longe
3142 1440 3391 1498 filiorum
3425 1453 3668 1497 examen

2018 1529 2344 1588 laetantium
2370 1536 2429 1588 et
2451 1533 2830 1603 gaudentium
2853 1532 2927 1588 ob
2952 1531 3266 1588 adventum
3289 1531 3416 1601 ejus
3441 1528 3669 1586 deside-

2020 1619 2286 1676 rabilem.
2323 1621 2430 1677 Ubi
2465 1636 2603 1678 vero
2643 1620 2982 1693 percrebuit
3029 1620 3174 1676 fama
3216 1618 3505 1676 celebrior
3536 1632 3668 1674 eum

2021 1707 2319 1779 advenire,
2357 1709 2547 1766 factus
2577 1714 2668 1766 est
2699 1723 3024 1767 concursus
3045 1708 3114 1764 ad
3137 1722 3267 1765 eum
3300 1706 3578 1763 nobilium
3610 1709 3671 1762 et

2022 1796 2386 1868 ignobilium,
2438 1798 2706 1870 divitum,
2758 1797 3162 1868 mediocrium,
3212 1810 3556 1869 pauperum,
3606 1799 3668 1852 et

332 1892 418 1946 23.
456 1888 753 1944 Reversus
797 1886 1031 1944 tandem
1073 1887 1143 1944 ad
1185 1887 1320 1943 illos
1353 1903 1490 1946 suos
1540 1887 1902 1961 palestrites,
1936 1904 1991 1966 Β
2026 1901 2470 1957 quaquaversus
2517 1887 2808 1956 veniebat,
2857 1901 3142 1944 occursus
3187 1885 3561 1957 gaudentium
3611 1888 3668 1940 et

262 1979 615 2035 Sarracenos
643 1974 890 2046 scilicet,
927 1991 1036 2047 qua
1070 1976 1160 2032 via
1193 1982 1455 2048 venerat,
1489 1979 1690 2035 eadem
1729 1983 1786 2034 et
1822 1994 1908 2035 re-

255 2067 660 2137 grediebatur.
696 2068 843 2122 Ante
875 2080 1074 2122 muros
1105 2065 1332 2123 urbium
1366 2067 1674 2124 missarum
1703 2067 1908 2124 solem-

261 2156 393 2228 puia
425 2155 753 2226 celebrans,
798 2169 902 2211 nec
945 2159 1214 2212 assuetos
1253 2155 1472 2212 imbres
1503 2156 1908 2214 inundantium

260 2244 516 2316 lapidum
541 2257 778 2316 pavens.
802 2243 1085 2300 Mirabilis
1110 2259 1354 2316 prorsus
1381 2245 1572 2302 virtus
1591 2249 1648 2301 et
1671 2249 1911 2318 stupen-

259 2332 349 2402 da,
383 2332 604 2403 grande
654 2332 1015 2403 mysterium,
1067 2332 1466 2403 spectaculum
1508 2333 1904 2405 praedicabile.

259 2422 501 2477 Stabant
528 2435 704 2492 supra
737 2424 912 2492 caput
938 2420 1189 2476 hominis
1213 2421 1310 2476 Dei
1334 2421 1552 2492 hostes,
1579 2421 1908 2491 dirigebant

257 2524 376 2580 que
430 2510 484 2565 in
509 2509 672 2566 illum
697 2509 940 2581 lapides,
975 2509 1120 2565 adeo
1153 2510 1532 2580 pregrandes,
1568 2515 1628 2566 ut
1653 2524 1764 2566 non
1787 2515 1912 2567 tan-

259 2602 383 2655 tum
432 2602 633 2669 caput,
677 2597 781 2653 sed
821 2600 1008 2654 totum
1047 2611 1294 2668 prorsus
1323 2596 1392 2630 3“
1423 2598 1470 2653 si
1513 2599 1910 2656 occurrissent

259 2690 722 2756 conquassarent
769 2685 1077 2741 hominem.
1125 2685 1389 2742 Manebat
1422 2685 1520 2741 ille
1555 2687 1906 2758 intrepidus,

255 2774 393 2846 quia
429 2774 854 2846 protegebatur
887 2788 915 2828 a
951 2773 1142 2844 lapide
1176 2773 1424 2844 praeciso
1455 2775 1526 2830 de
1559 2781 1752 2831 monte
1787 2775 1911 2832 sine

255 2862 542 2920 manibus.
571 2861 985 2932 Dirigebantur
1008 2860 1284 2918 aliorsum
1311 2861 1555 2933 lapides,
1573 2863 1706 2933 quia
1732 2862 1910 2936 lapidi

256 2951 392 3007 vivo
418 2950 673 3008 manenti
691 2949 745 3005 in
763 2949 957 3021 lapide
981 2950 1078 3020 qui
1103 2951 1456 3021 reprobatus
1478 2953 1590 3019 est,
1619 2953 1714 3022 qui
1736 2967 1911 3022 angu-

258 3039 400 3096 laris
425 3038 642 3096 missus
665 3042 777 3108 est,
804 3039 1087 3094 timebant
1121 3039 1298 3106 illidi;
1321 3040 1415 3096 cui
1437 3040 1483 3097 si
1516 3039 1907 3113 illiderentur,

259 3129 689 3200 frangerentur.
747 3129 1254 3200 Obstupesccbant
1299 3129 1551 3199 gentiles
1604 3131 1906 3202 miraculo,

257 3231 368 3274 nec
407 3217 667 3274 novitate
705 3216 969 3274 miraculi
1014 3219 1414 3289 terrebantur,
1461 3219 1627 3289 cujus
1665 3219 1912 3276 admira-

261 3306 418 3362 tione
452 3304 987 3378 deteriorabantur,
1022 3306 1292 3376 quoniam
1331 3306 1452 3377 ipsa
1483 3307 1570 3362 eis
1603 3307 1912 3363 admiratio

258 3398 390 3450 erat
420 3394 641 3465 peccati
675 3394 992 3450 innovatio.
1030 3395 1273 3450 Stabant
1298 3394 1524 3465 alonge
1557 3396 1822 3452 monachi
1852 3401 1912 3452 et

257 3482 461 3540 clerici
485 3483 972 3554 quantumjactus
991 3487 1082 3538 est
1109 3483 1341 3554 lapidis,
1368 3487 1423 3540 et
1447 3485 1761 3555 peregrini,
1789 3485 1912 3556 ipse

262 3571 426 3628 solus
456 3571 897 3641 ingrediebatur
927 3571 1428 3643 propiciatorium,
1465 3573 1562 3643 qui
1595 3588 1817 3630 armum
1852 3574 1909 3630 in

263 3659 628 3717 sacrificioet
645 3658 915 3716 dextrum
940 3664 1244 3731 acceperat
1269 3664 1623 3732 separatum,
1648 3662 1779 3731 quia
1801 3676 1912 3718 non

264 3748 453 3806 solum
483 3752 608 3805 erat
643 3747 910 3819 Operatio
951 3747 1080 3818 ejus
1113 3747 1297 3820 utilis,
1333 3749 1439 3805 sed
1470 3756 1528 3805 et
1560 3749 1912 3820 singularis;

262 3838 363 3910 qui
388 3838 541 3894 inter
565 3835 746 3894 malos
772 3851 881 3894 non
907 3836 1090 3893 solum
1121 3852 1249 3908 quae
1281 3841 1418 3895 sunt
1443 3843 1600 3896 recta
1636 3840 1910 3911 faciebat,

264 3927 369 3984 sed
382 3931 438 3984 et
456 3927 600 3984 bene
621 3929 938 3997 cperantes
959 3925 1230 3983 subditos
1252 3927 1404 3984 sicut
1430 3927 1649 3985 honore
1668 3928 1910 3999 ordinis,

265 4017 347 4072 ita
390 4030 615 4074 morum
656 4014 879 4072 virtute
911 4016 1384 4072 transcendebat.
1439 4015 1707 4083 Quicum
1752 4032 1914 4074 armo

266 4103 674 4177 pectusculum
700 4118 929 4174 quoque
952 4103 1008 4159 in
1031 4118 1136 4159 esu
1166 4108 1495 4174 acceperat,
1533 4105 1666 4175 quia
1691 4121 1802 4162 non
1829 4121 1917 4162 so-

266 4193 384 4250 lum
409 4197 650 4264 pectore
671 4195 829 4246 recta
847 4191 1164 4262 cogitabat,
1188 4191 1291 4248 sed
1309 4196 1369 4247 et
1391 4196 1757 4264 spectatores
1775 4208 1914 4252 suos

267 4283 340 4340 ad
384 4280 656 4339 sublimia
697 4294 858 4337 armo
898 4281 1095 4352 operis
1139 4281 1443 4338 invitabat.
1491 4283 1599 4339 Sed
1624 4282 1740 4352 jam
1775 4283 1912 4354 quid

268 4383 565 4428 moramur
607 4367 983 4424 redeuntem?
1020 4367 1350 4424 Reddamus
1391 4373 1614 4440 patrem
1654 4367 1806 4439 filiis,
1851 4373 1910 4426 ut

265 4456 640 4529 gratulentur
663 4455 720 4512 in
745 4454 1012 4526 invicem,
1037 4458 1094 4512 et
1118 4471 1222 4528 pro
1245 4456 1528 4513 absentia)
1550 4455 1730 4528 tedio,
1759 4456 1912 4527 quod

269 4544 537 4619 perpessi
571 4549 729 4615 sunt,
767 4543 876 4615 ipsi
900 4543 1010 4600 sibi
1041 4544 1156 4601 sint
1188 4543 1528 4601 consolatio.
1566 4547 1686 4601 Non
1718 4550 1911 4602 autem

2025 1979 2504 2035 concurrentium
2553 1994 2666 2034 non
2699 1978 2921 2035 deerat.
2959 1981 3095 2034 Cum
3126 1980 3288 2033 tanta
3320 1975 3667 2046 frequentia,

2023 2079 2153 2120 cum
2177 2068 2336 2121 tanta
2359 2065 2698 2136 pontificum
2722 2070 2778 2122 et
2804 2064 3192 2136 palatinorum
3218 2078 3544 2137 procerum,
3567 2077 3670 2119 nec

2023 2167 2134 2208 non
2169 2152 2312 2209 eleri
2348 2152 2653 2224 plebisque
2686 2152 2913 2222 laetitia,
2962 2151 3132 2223 longa
3179 2167 3337 2208 mora
3390 2155 3670 2222 protenso

2026 2243 2310 2313 temporis
2341 2243 2558 2314 spacio,
2590 2243 2910 2299 Virdunum
2952 2256 3137 2312 usque
3179 2239 3508 2297 deducitur.
3547 2239 3670 2306 Quo

2023 2343 2154 2386 cum
2177 2331 2556 2389 nunciaretur
2579 2332 2807 2402 adesse,
2831 2331 2978 2388 totis
3000 2332 3229 2388 obviam
3257 2331 3444 2402 portis
3468 2332 3666 2399 ruunt,

2025 2421 2147 2474 tota
2169 2418 2395 2475 obviam
2418 2419 2626 2476 civitas
2649 2419 3044 2491 progreditur.
3072 2419 3255 2476 Senes
3277 2434 3406 2477 cum
3423 2418 3669 2488 juniori-

2025 2507 2155 2576 bus,
2183 2510 2400 2564 matres
2421 2522 2549 2564 cum
2575 2508 2916 2577 infantibus,
2941 2511 3085 2563 :etas
3107 2521 3337 2577 quoque
3365 2506 3488 2578 ipse
3513 2506 3671 2562 inbe-

2021 2594 2212 2650 cillior
2236 2594 2291 2649 in
2316 2609 2625 2651 occursum
2658 2595 2804 2651 tanti
2829 2595 2938 2652 viri
2962 2609 3022 2651 se
3043 2595 3318 2666 proripit,
3356 2595 3510 2651 domi
3546 2593 3672 2650 nul-

2024 2681 2116 2739 lus
2139 2682 2432 2738 subsistit.
2470 2681 2844 2753 Clericorum,
2883 2682 3320 2754 monachorum,
3345 2698 3452 2740 nec
3475 2697 3586 2739 non
3612 2685 3668 2738 et

2025 2769 2556 2827 sanctimonialium
2587 2772 2825 2828 Domino
2850 2786 3012 2827 sacer
3036 2771 3180 2827 ordo
3203 2771 3430 2829 dicatus
3458 2772 3668 2829 obvius

2023 2860 2325 2930 egreditur
2357 2861 2509 2933 patri
2543 2876 2674 2918 cum
2703 2862 2982 2918 crucibus
3012 2863 3068 2917 et
3103 2860 3311 2930 cereis,
3347 2866 3402 2916 et
3436 2861 3670 2920 diverso

2021 2949 2460 3008 mcclesiasticaa
2507 2950 2812 3021 dignitatis
2842 2953 3128 3021 apparatu
3176 2950 3529 3022 praestolans
3576 2968 3671 3009 ve-

2023 3039 2298 3108 nientem,
2335 3043 2394 3095 et
2427 3043 2814 3095 remorantem
2846 3039 2944 3094 vix
2979 3039 3189 3107 ferens,
3231 3038 3362 3108 quia
3405 3040 3666 3110 cupienti

2024 3127 2215 3184 animo
2246 3127 2424 3184 nichil
2455 3127 2600 3184 satis
2636 3127 3044 3185 festinabatur.
3079 3127 3186 3183 Ubi
3219 3142 3359 3183 vero
3390 3127 3570 3199 venit,
3604 3133 3661 3186 et

2025 3217 2354 3273 venientem
2383 3218 2468 3272 fas
2493 3216 2600 3273 fuit
2625 3216 2843 3286 videre,
2877 3215 3098 3271 clamor
3124 3215 3321 3287 populi
3352 3215 3665 3287 attollitur,

2026 3306 2211 3361 fluunt
2233 3303 2487 3361 lacrimae
2506 3304 2719 3375 gaudio
2739 3304 2944 3376 plenae.
2961 3305 3082 3359 Non
3097 3307 3222 3359 erat
3241 3304 3382 3360 satis
3400 3307 3669 3376 cuiquam

2027 3391 2207 3450 semel
2231 3393 2474 3462 vidisse,
2499 3392 2610 3448 nisi
2636 3392 2878 3448 daretur
2909 3391 3121 3448 iterum
3152 3391 3482 3462 iterumque
3515 3394 3671 3452 vide-

2026 3497 2108 3539 re.
2144 3480 2455 3538 Descendit
2490 3481 2707 3552 itaque,
2733 3483 2789 3536 et
2817 3483 3126 3552 susceptus
3159 3479 3446 3537 deductus
3478 3487 3569 3538 est
3597 3483 3669 3539 ad

2026 3569 2444 3627 monasterium
2477 3583 2606 3624 cum
2640 3569 2869 3624 cantico
2895 3569 2950 3623 iu
2976 3568 3182 3639 jubilo,
3215 3569 3482 3627 omnibus
3513 3571 3673 3643 plau-

2027 3657 2306 3714 dentibus
2339 3663 2399 3714 et
2443 3657 2775 3714 dicentibus
2810 3676 2822 3710 :
2853 3657 3210 3715 Benedictus
3248 3657 3521 3717 dominus
3564 3661 3674 3732 qui

2009 3748 2184 3821 facit
2225 3747 2542 3805 mirabilia
2578 3748 2758 3805 sol-us.
2803 3745 2962 3802 Diem
2994 3745 3150 3802 illam
3182 3747 3413 3816 gaudiis
3444 3747 3669 3819 plenam

2025 3836 2380 3908 solempnem
2404 3837 2568 3894 duxit
2593 3835 2828 3892 devotio
2863 3836 3130 3905 fratrum,
3166 3834 3298 3905 quia
3322 3838 3379 3890 et
3399 3834 3555 3905 justa
3578 3841 3670 3894 est

2026 3941 2199 3984 causa
2225 3925 2447 3985 laetitia:
2473 3925 2720 3981 amicum
2749 3925 2943 3981 laetum
2977 3923 3177 3980 videre
3203 3943 3215 3978 :
3241 3923 3372 3980 etsi
3399 3925 3666 3996 amicum,

2028 4015 2164 4086 quid
2199 4015 2463 4086 patrem?
2494 4014 2613 4084 (fol.
2641 4013 2773 4085 88’.)
2809 4013 3108 4084 Agrndum
3137 4016 3229 4069 est
3262 4011 3446 4084 bonis,
3484 4018 3548 4070 ut
3579 4031 3671 4071 vo-

2027 4103 2224 4160 luntas
2247 4104 2394 4159 bona
2419 4118 2531 4158 non
2554 4103 2757 4172 lateat,
2776 4103 2878 4159 sed
2901 4102 3202 4173 aperiatur
3220 4108 3280 4158 ut
3297 4103 3508 4160 luceat.
3534 4105 3672 4161 Ver-

2027 4191 2097 4247 ba
2129 4193 2382 4261 cessent,
2418 4189 2466 4246 si
2509 4187 2994 4260 quemadmodum
3029 4189 3202 4246 debet
3237 4191 3366 4262 quis
3397 4191 3667 4262 afficitur,

2026 4279 2388 4337 conscientia
2413 4277 2693 4335 eminebit
2717 4278 2771 4333 in
2794 4277 2982 4333 vultu.
3007 4277 3192 4334 Nichil
3217 4282 3409 4336 autem
3442 4281 3668 4349 gratius

2027 4368 2263 4443 publica
2283 4367 2558 4437 amicitia,
2574 4366 2795 4424 nullum
2809 4365 3157 4438 supplicium
3173 4369 3411 4438 gravius
3430 4369 3668 4442 publico

2026 4457 2180 4513 odio.
2217 4455 2586 4512 Intellectum
2625 4454 2776 4511 enim
2818 4455 2900 4510 rei
2941 4455 3175 4526 optimae
3215 4460 3275 4512 et
3315 4457 3666 4515 dulcissimae

2027 4544 2242 4615 amisit,
2270 4545 2366 4615 qui
2401 4544 2654 4600 omnium
2687 4542 3029 4614 designatur
3059 4542 3265 4614 oculis,
3291 4549 3349 4602 et
3373 4545 3665 4616 designari

271 4633 794 4706 praetermittamus
824 4631 1189 4688 Antiochiam
1223 4632 1408 4689 sancti
1443 4633 1740 4706 Symeonis
1771 4650 1912 4706 prze-
1940 4622 1997 4686 D
2027 4636 2351 4708 sejudicat,
2380 4636 2475 4708 qui
2501 4639 2663 4691 caret
2688 4635 2811 4691 acie
2842 4634 3163 4707 oculorum,
3190 4635 3286 4705 qui
3311 4631 3548 4692 sens'um
3573 4637 3668 4693 be-

269 4723 458 4780 sentia
481 4721 716 4780 claram.
739 4721 826 4778 Ibi
843 4721 995 4778 enim
1016 4722 1237 4779 invenit
1261 4724 1426 4794 pater
1449 4723 1912 4780 amantissimum

269 4811 473 4882 filium,
496 4811 574 4868 ibi
595 4810 814 4882 recepit
836 4810 992 4867 filius
1012 4815 1236 4883 patrem
1261 4811 1644 4882 karissimum,
1670 4812 1747 4868 ibi
1769 4813 1911 4869 socii

268 4900 512 4971 socium,
551 4901 766 4958 fratres
796 4901 1056 4968 fratrem,
1081 4900 1324 4956 comites
1347 4914 1710 4971 agnoverunt
1741 4903 1916 4958 comi-

266 4994 406 5046 tem.
437 4991 630 5061 Neque
653 4989 802 5046 enim
830 4989 1041 5061 potuit,
1070 4989 1272 5046 multis
1295 4989 1666 5048 obstantibus
1690 4992 1916 5064 pericu-

270 5079 362 5149 lis,
386 5077 665 5149 perficere
685 5077 838 5148 quod
862 5078 1224 5149 decreverat,
1248 5078 1542 5151 praecipue
1561 5095 1690 5138 cum
1715 5085 1912 5137 nosset

268 5167 464 5224 divina
498 5165 855 5224 revelatione
880 5165 934 5221 in
957 5165 1167 5223 itinere
1192 5166 1292 5224 illo
1317 5167 1483 5240 plura
1510 5183 1573 5226 se
1605 5183 1914 5241 passurum

267 5255 536 5313 adversa.
574 5255 909 5313 Delectatus
941 5253 1122 5325 igitur
1153 5260 1402 5327 uterque
1433 5257 1727 5329 comparis
1771 5273 1914 5329 prae-

266 5344 481 5415 sentia,
508 5343 853 5415 delegerunt
878 5343 1051 5402 simul
1076 5343 1395 5403 Virdunum
1418 5347 1634 5418 redire,
1670 5350 1732 5405 ut
1758 5347 1913 5419 quod

2027 4726 2366 4783 neﬁciorum
2401 4725 2615 4795 amisit,
2649 4725 2818 4795 cujus
2850 4739 3022 4781 aures
3067 4725 3305 4782 morbus
3345 4725 3662 4783 obstruxit.

2028 4814 2134 4870 Sed
2157 4814 2436 4885 pudorem
2457 4813 2613 4870 tollit
2631 4812 2945 4870 multitudo
2970 4812 3356 4884 peccantium,
3373 4813 3663 4870 etdesinit

2025 4917 2155 4960 esse
2187 4903 2384 4975 probri
2417 4901 2546 4959 loco
2587 4915 2888 4958 commune
2931 4901 3323 4958 maledictum.
3359 4903 3434 4956 At
3462 4905 3664 4958 contra

2028 4991 2124 5064 qui
2147 4991 2219 5047 ab
2240 4992 2510 5048 omnibus
2534 4990 2819 5061 diligitur,
2846 4989 3052 5061 mquali
3084 4995 3483 5062 perpetuaque
3507 4989 3669 5048 volu-

2028 5085 2189 5153 ptate
2207 5081 2438 5137 fruitur.
2459 5080 2953 5150 Adventusigitur
2972 5079 3154 5151 patris
3169 5080 3668 5138 nostricommune

2028 5169 2132 5226 fuit
2159 5168 2523 5238 beneﬁcium,
2542 5168 2672 5240 quia
2689 5166 3301 5238 eommunegaudium,
3319 5168 3450 5239 quia
3465 5172 3666 5225 etcum

2027 5258 2241 5314 absens
2262 5260 2439 5328 esset,
2467 5256 2822 5327 diligebatur
2837 5255 2906 5312 ab
2922 5255 3209 5313 omnibus.
3228 5257 3288 5312 In
3307 5255 3487 5328 prima
3512 5257 3666 5313 enim

2028 5350 2194 5418 parte
2216 5345 2392 5402 animi
2415 5345 2569 5418 apud
2603 5344 2911 5402 universos
2933 5343 3187 5418 positus,
3210 5357 3443 5418 semper
3464 5359 3669 5404 occur-

1631 5471 1870 5526 VARUE
1910 5468 2308 5527 LECTIONES.

337 5565 410 5602 ἰο
441 5579 650 5624 munus
675 5579 724 5624 ο.
801 5563 870 5600 ³³³
896 5579 1015 5625 eoa:
1042 5565 1164 5626 haec
1186 5568 1420 5640 passim
1451 5581 1699 5642 prorsus
1728 5566 2020 5628 scribitur
2044 5568 2114 5626 in
2138 5581 2187 5626 c.

1859 5663 2080 5722 ΝΟΤᾸΞ.

343 5733 494 5806 (102)
541 5731 805 5806 Belgrad.
