3922 6414
414 372 531 434 255

1371 371 1741 437 HUGONIS
1782 374 2135 439 ABBATIS
2176 374 2860 439 FLAVINIACENSIS

3714 377 3833 440 256

413 503 686 575 angustia
726 501 1189 559 misericordiam
1234 502 1648 560 necessitatem
1701 506 2064 577 patientibus
2093 507 2151 568 A
2183 507 2409 564 dilatati
2441 510 2967 580 exprobrarentur.
2989 507 3183 580 [Cum
3236 508 3303 565 R.
3373 507 3506 565 Vita
3532 508 3696 567 Will.
3720 508 3831 580 29.]

416 592 1140 665 inpenderunt;etparcat
1158 590 1263 661 eis,
1285 591 1528 662 quicum
1559 599 1819 667 possent,
1863 595 2067 652 volun-

413 679 945 752 tatiindigentium,
972 694 1083 735 non
1115 684 1181 735 ut
1212 678 1552 737 debuissent
1594 686 1655 738 et
1712 684 2062 755 potuissent,

415 769 854 826 consuluerunt.
892 768 1051 824 Inter
1068 766 1174 825 has
1188 769 1491 839 angustias
1516 772 1872 830 venerabilis
1884 774 2066 830 abbas

417 856 749 914 Richardus
776 860 966 913 mente
998 863 1409 929 compunctus,
1435 874 1567 916 eum
1596 862 1786 919 omnia
1811 876 1939 932 quas
1971 862 2068 918 ha-

419 948 594 1005 bebat
608 946 967 1019 pauperibus
981 944 1479 1020 contulisset,non
1496 950 1762 1022 pepercit
1777 951 2067 1009 thesauris

417 1036 726 1105 (ecclesiae,
763 1036 937 1093 immo
965 1051 1092 1107 quas
1124 1036 1181 1092 in
1214 1037 1303 1095 eis
1332 1038 1692 1110 preciosiora
1722 1040 1959 1096 erantin
1976 1056 2069 1097 or-

418 1126 709 1183 namentis
740 1129 800 1182 et
846 1124 1041 1198 palliis
1088 1126 1972 1201 vendiditRemensiaacclesiae,
2007 1135 2067 1186 et

419 1215 677 1290 precium
714 1228 915 1272 eorum
940 1216 1297 1288 pauperibus
1327 1216 1650 1289 distribuit,
1672 1222 1905 1274 retento
1930 1233 2069 1289 quo-

421 1319 532 1376 que
564 1303 672 1362 sibi
693 1306 859 1361 certo
894 1318 1136 1361 numero
1197 1318 1398 1362 eorum
1453 1305 1666 1377 quibus
1707 1307 2067 1365 cotidianum

418 1394 639 1452 victum
671 1397 737 1451 ut
787 1392 986 1449 vivere
1033 1398 1275 1465 possent
1320 1393 1772 1466 inpertiebatur,
1828 1396 2067 1453 mittens

420 1486 637 1557 praeter
669 1482 794 1540 haec
824 1480 1057 1540 litteras
1084 1487 1141 1539 et
1173 1484 1436 1554 nuncios,
1453 1489 1632 1557 etper
1648 1501 1711 1542 se
1725 1485 1901 1541 etiam
1917 1501 2069 1544 com-

420 1586 662 1629 moneas
677 1585 847 1641 reges
862 1575 920 1628 et
938 1570 1259 1644 principes,
1282 1571 1595 1643 pontifices
1610 1588 1840 1645 quoque
1856 1576 2069 1646 quibus

422 1660 820 1718 familiaritate
846 1659 1224 1731 jungebatur,
1244 1660 1651 1734 utthesauros,
1670 1677 1816 1734 quos
1838 1663 1991 1719 tinea
2008 1668 2066 1720 et

419 1764 603 1820 erugo
626 1748 966 1820 demolitur,
1001 1763 1103 1821 per
1136 1764 1341 1806 manus
1374 1766 1693 1823 pauperum
1732 1751 2070 1810 caelestibus

424 1837 660 1911 palatiis
685 1838 973 1928 inderent,
1017 1841 1077 1893 et
1112 1842 1348 1928 ventres
1378 1854 1694 1909 egenorum
1734 1841 2067 1911 gazofilatia
2096 1866 2154 1928 Β

428 1927 789 1985 aeternitatis
811 1926 919 1983 sibi
945 1927 1396 1983 constituerent.
1434 1928 1873 2000 Accepitzetiam
1898 1945 2071 2001 pecu-

425 2016 577 2073 niam
602 2030 712 2073 non
744 2030 981 2087 parvam
1010 2029 1039 2071 a
1070 2014 1282 2071 comite
1296 2017 1926 2087 Rutenensi,concessa
1941 2018 2070 2075 loco

422 2106 578 2163 vadii
610 2103 845 2162 abbatia
864 2104 1052 2161 sancti
1082 2105 1355 2175 Amantii,
1390 2120 1519 2177 quae
1551 2111 1677 2164 erat
1703 2106 2072 2177 juriszeccle-

424 2193 523 2252 sia:
547 2193 736 2250 sancti
766 2191 947 2264 Petri,
983 2207 1155 2264 quam
1187 2193 1421 2249 omnino
1442 2194 1802 2267 pauperibus
1818 2195 2071 2267 partitus

423 2287 533 2341 est.
569 2284 781 2340 Verum
814 2282 1162 2339 comesdata
1216 2282 1460 2354 pecunia
1514 2288 1575 2339 et
1604 2283 1899 2339 abbatiam
1958 2284 2069 2341 sibi

423 2372 731 2446 usurpavit
764 2387 893 2430 cum
916 2371 1254 2429 redditibus
1277 2376 1339 2428 et
1362 2372 1585 2439 fundis;
1610 2375 1666 2429 et
1709 2377 1769 2430 ut
1800 2377 2071 2430 asserunt

418 2461 1045 2519 habitatoresRutenaa
1087 2460 1273 2532 urbis,
1308 2465 1620 2533 antequam
1637 2462 1882 2534 pecunia
1911 2477 2071 2518 rece-

419 2551 738 2624 ptafuisset
758 2564 830 2607 ex
874 2549 1136 2620 ejusdem
1181 2549 1433 2607 abbatia:
1475 2550 1687 2622 fundis,
1725 2551 1850 2622 ipse
1884 2555 2069 2608 morte

420 2643 760 2711 praeventus
778 2642 888 2709 est,
913 2640 971 2695 et
991 2638 1076 2694 sic
1090 2638 1324 2694 abbatia
1346 2653 1375 2695 a
1392 2639 1835 2696 successoribus
1847 2640 1972 2710 ejus
1983 2654 2072 2695 re-

370 2771 377 2778 .
420 2732 584 2785 tenta
600 2733 713 2799 est,
731 2742 1081 2799 quamquam
1100 2728 1171 2784 ab
1186 2728 1654 2784 inhabitantibus
1668 2742 1781 2783 non
1803 2732 1926 2783 tota
1943 2740 2072 2784 san-

422 2818 502 2874 cti
535 2817 787 2875 Amantii
821 2817 1080 2888 abbatia,
1114 2832 1243 2888 quae
1267 2816 1551 2873 latissima
1609 2820 1696 2873 est
1743 2822 1801 2873 et
1843 2830 2071 2888 posses-

391 2954 399 2961 .
424 2907 606 2964 sionis
618 2906 896 2977 enormis,
909 2905 1060 2976 juris
1080 2905 1363 2962 recclesize
1382 2905 1677 2962 Virdunen
1687 2904 1766 2961 sis
1778 2919 1911 2961 esse
1926 2905 2073 2961 dica-

420 3000 540 3066 tur,
584 2996 685 3052 sed
703 3008 840 3067 pars
864 2993 1150 3066 quaedam,
1184 2993 1460 3051 videlicet
1492 2994 1727 3050 abbatia
1751 2994 1937 3051 sancti
1962 2995 2072 3050 Ma-

429 3085 503 3142 rii
539 3083 610 3141 de
642 3082 905 3155 Utiabra,
940 3086 1003 3140 ut
1039 3081 1303 3139 moderni
1355 3085 1651 3139 testantur
1689 3082 1864 3139 etiam
1895 3097 2066 3140 nunc.

426 3172 543 3231 Nec
577 3173 752 3229 debet
785 3171 1024 3229 reticeri
1055 3170 1328 3228 Willelmi
1361 3172 1543 3245 Supra
1605 3171 1821 3243 regulas
1856 3172 2069 3230 factum
2101 3223 2149 3250 η

428 3261 825 3319 memorabile.
855 3262 994 3319 Cum
1017 3275 1047 3317 a
1079 3224 1517 3317 Fructuarienrsi
1573 3261 1863 3333 coenobio,
1917 3261 2069 3332 quod
2101 3224 2151 3287 Ο

417 3352 571 3424 juris
599 3355 725 3408 erat
759 3349 1129 3408 Divionensis
1150 3348 1430 3407 :ecclesiaa
1456 3350 1728 3420 redisset,
1764 3355 1823 3405 et
1842 3350 2069 3407 Divioni

426 3446 490 3500 ut
521 3442 789 3511 decebat,
826 3440 1213 3513 susceptusin
1228 3439 1489 3513 capitulo
1509 3440 1838 3512 qualiterse
1855 3440 2071 3497 fratres

426 3531 734 3601 haberent,
770 3530 821 3586 si
853 3529 1193 3587 necessaria
1211 3544 1324 3585 non
1347 3530 1619 3587 deessent
1642 3529 1989 3601 inquireret,
2008 3535 2072 3587 ut

427 3619 672 3690 audivit,
693 3618 884 3675 omnia
899 3633 1031 3676 esse
1046 3618 1237 3691 plena,
1256 3617 1594 3689 nullumque
1608 3618 1800 3675 locum
1815 3618 2073 3689 indigen-

424 3709 521 3766 tiae
556 3707 652 3780 qui
673 3722 787 3764 non
813 3711 1015 3779 posset
1041 3705 1154 3763 levi
1178 3706 1343 3763 obice
1358 3705 1609 3776 obstrui,
1640 3706 1967 3777 interrogat
2000 3708 2072 3764 de

423 3797 766 3866 elemosina,
799 3795 1211 3867 cognovitque,
1245 3795 1377 3865 quia
1411 3795 1525 3851 etsi
1548 3795 2069 3854 consuetudinaria

425 3886 680 3943 dabatur
692 3888 1016 3941 nontamen
1031 3882 1390 3955 pauperibus
1402 3887 1578 3955 prout
1602 3888 1873 3956 poterant
1897 3889 1954 3941 et
1974 3885 2072 3943 ha-

426 3972 643 4030 bebant
676 3970 1170 4042 suffragabantur,
1186 3969 1312 4027 zelo
1331 3985 1650 4029 succensus
1664 3986 1734 4028 eo
1750 3972 1847 4044 qui
1861 3987 2071 4031 carnes

426 4064 763 4119 sanctorum
786 4060 990 4131 exidit,
1026 4060 1543 4132 increpataeorum
1570 4060 1817 4131 duricia,
1855 4075 1885 4117 a
1930 4062 2071 4119 sede

423 4150 835 4208 concituscum
878 4149 1028 4206 bona
1062 4147 1348 4219 indignati
1392 4150 1565 4205 animi
1607 4151 2072 4208 stomachatione

423 4239 684 4297 surrexit
708 4238 830 4311 (fol.
859 4236 1029 4310 85")et
1054 4237 1329 4309 imposita
1343 4238 1659 4310 antiphona
1681 4239 1751 4296 de
1767 4241 2068 4298 mandato:

431 4327 544 4386 Ubi
557 4327 1044 4385 estcaritas?non
1065 4325 1219 4384 ultra
1246 4328 1649 4400 progrediens,
1669 4328 1778 4385 sed
1794 4328 1902 4386 hoe
1943 4329 2071 4400 ejus

424 4416 662 4474 iniciam
689 4430 920 4488 semper
939 4419 1236 4488 repetens,
1254 4416 1324 4471 ad
1344 4415 1645 4474 cellarium
1663 4417 1840 4473 venit.
1858 4421 1917 4473 et
1941 4416 2073 4475 mis-

422 4505 530 4563 sile
563 4505 886 4577 quodlibet,
905 4504 1056 4576 quod
1081 4504 1348 4564 manibus
1375 4504 1574 4562 Finees
1594 4505 1841 4563 alterius
1871 4520 2094 4567 occur-°

2181 597 2293 652 Nec
2326 603 2494 653 antea
2529 600 2825 654 cessatum
2855 602 2970 667 est,
3006 597 3191 653 donec
3224 611 3392 652 omne
3425 596 3566 654 illud
3613 598 3836 669 reposi-

2180 689 2299 742 tum
2316 685 2675 757 pauperibus
2690 682 2964 742 donatum
2981 691 3091 755 est,
3108 689 3165 741 et
3183 685 3303 757 ipse
3319 686 3389 741 ad
3407 686 3629 743 Italiam
3654 703 3837 743 reme-

2180 788 2303 844 ans,
2339 788 2470 830 cum
2496 774 2728 830 biennio
2754 790 2923 831 suum
2955 790 2986 831 a
3020 773 3219 830 seculo
3242 779 3834 845 eXpectassetexces-

2181 876 2330 933 sum,
2346 861 2581 919 tandem
2597 861 2792 919 redire
2807 861 3164 935 compulsus,
3181 865 3316 919 ante
3336 862 3628 919 Divionem
3648 868 3832 921 trans-

2180 949 2325 1019 iens,
2362 949 2491 1007 loca
2525 950 2634 1007 sibi
2665 952 2975 1007 commissa
3034 950 3346 1021 circuibat,
3392 951 3601 1007 dehinc
3642 953 3833 1009 Fisea-

2181 1038 2485 1110 num(104)
2539 1052 2601 1094 se
2632 1039 2904 1110 contulit,
2941 1038 3037 1095 ubi
3058 1038 3373 1095 inminente
3402 1054 3453 1094 a.
3512 1040 3667 1095 dom.
3717 1040 3829 1095 ine.

2182 1130 2313 1184 103i
2350 1127 2553 1183 indict.
2591 1130 2658 1186 14
2687 1127 2833 1185 obiit
2866 1127 3103 1184 Kalend.
3127 1127 3404 1198 Januarii,
3459 1128 3529 1185 ad
3552 1129 3725 1201 cujus
3749 1144 3834 1185 se-

2180 1213 2486 1288 pulchrum
2514 1213 2795 1287 puerulus
2817 1214 3092 1272 decennis
3113 1230 3141 1272 a
3184 1214 3431 1272 maxima
3490 1216 3829 1287 egritudine

2179 1308 2420 1362 sanatus
2450 1307 2558 1360 est.

2251 1394 2370 1450 Hoc
2403 1406 2553 1449 anno
2587 1390 2802 1463 Chono,
2830 1392 2928 1464 qui
2959 1396 3017 1449 et
3051 1392 3374 1465 Conradus,
3428 1393 3485 1450 in
3527 1393 3831 1452 Franciam

2180 1481 2357 1539 venit.

2256 1570 2449 1641 [Cum
2477 1570 2621 1641 non,
2640 1585 2712 1641 IV,
2733 1568 2808 1642 5.]
2844 1572 3008 1627 Anno
3066 1570 3289 1642 igitura
3330 1571 3602 1644 passione
3647 1572 3836 1629 Domi-

2181 1658 2260 1730 ni,
2288 1658 2445 1730 1000,
2481 1659 2553 1716 ab
2586 1658 2696 1716 inc.
2720 1675 2857 1716 vero
2889 1663 3046 1731 1033,
3072 1660 3228 1731 cepit
3289 1660 3518 1732 placida
3534 1660 3836 1718 serenitas

2182 1751 2359 1805 terrae
2385 1748 3077 1806 dulcedinem’Creatoris
3118 1750 3453 1821 ostendere,
3501 1756 3560 1806 et
3599 1751 3833 1821 frugum

2185 1837 2601 1894 abundantiam
2636 1838 3009 1909 portendere.
3035 1839 3309 1910 Tuncper
3349 1839 3745 1910 Aquitaniam,
3775 1846 3835 1895 et

2185 1925 2587 1984 Arelatensem
2612 1930 2667 1982 et
2723 1927 3168 1997 Lugdunensem
3223 1927 3567 2000 provincias,
3616 1932 3680 1983 et
3731 1942 3836 2000 per

2186 2015 2513 2073 universam
2549 2016 2942 2085 Burgundiam
2973 2016 3504 2073 eoneiliainstituta
3546 2020 3708 2087 sunt,
3775 2021 3836 2073 et

2185 2118 2297 2177 pax
2329 2104 2574 2161 firmata.
2603 2106 2901 2161 Statutum
2935 2109 3025 2161 est
3050 2106 3224 2162 etiam
3248 2110 3281 2162 6
3315 2105 3455 2161 feria
3508 2121 3538 2161 a
3588 2106 3726 2162 vino
3777 2112 3836 2161 et

2182 2199 2215 2250 7
2239 2208 2269 2250 a
2299 2194 2577 2250 carnibus
2592 2193 3039 2265 abstinere,nisi
3054 2194 3252 2265 gravis
3286 2193 3593 2251 infirmitas
3651 2194 3836 2250 inter-

2182 2282 2443 2354 cederet,
2478 2286 2539 2338 et
2568 2286 2708 2340 tunc
2722 2287 2846 2339 tres
2861 2298 3147 2356 pauperes
3162 2283 3569 2343 reﬁcerentur.
3593 2285 3677 2340 Eo
3695 2298 3835 2353 quo-

2182 2387 2294 2444 que
2327 2376 2660 2443 anno,tanta
2679 2372 2845 2445 copia
2880 2373 3177 2443 frumenti,
3210 2372 3327 2429 vini
3380 2376 3833 2444 ceterarumque

2184 2460 2410 2532 frugum
2435 2461 2655 2533 eictitit,
2691 2464 2966 2533 quantam
2990 2461 3046 2517 in
3069 2462 3468 2532 subsequente
3511 2461 3836 2533 quinquen-

2180 2550 2277 2606 nio
2301 2550 2432 2621 quis
2464 2565 2705 2623 Sperare
2738 2565 2851 2607 non
2885 2550 3094 2622 potuit.
3124 2550 3235 2606 Sed
3274 2550 3520 2608 humana
3551 2553 3752 2621 styrps
3767 2548 3834 2583 ³³³

2182 2639 2480 2695 immemor
2509 2639 2923 2695 beneficiorum
2942 2638 3066 2709 Dei,
3091 2638 3429 2696 velutcanis
3459 2638 3528 2694 ad
3553 2638 3833 2695 vomitum

2182 2743 2437 2800 reversa,
2472 2727 3359 2798 recalcitravit,etadmaliciam
3403 2742 3686 2784 conversa
3716 2734 3829 2784 est.

2184 2818 2287 2890 [Cf.
2325 2818 2498 2873 CLAB.
2533 2818 2675 2872 Ron.
2707 2817 2842 2874 Vita
2869 2816 3152 2874 Willelmi
3168 2816 3404 2876 Βίυἰοη.
3446 2816 3551 2887 13.]
3589 2817 3829 2872 Preerat

2181 2920 2249 2962 eo
2272 2911 2536 2978 tempore
2558 2904 2863 2962 comitatui
2886 2904 3252 2963 Normanniae
3286 2904 3612 2961 Richardus
3628 2905 3832 2975 junior

2182 2993 2353 3066 (105),
2389 2994 2558 3065 primi
2593 2993 2865 3050 Riehardi
2898 2992 3074 3065 filius,
3103 2994 3199 3064 qui
3235 2993 3291 3049 in
3321 2993 3831 3052 Fiscannensicoe-

2182 3083 2376 3155 nobio,
2411 3083 2467 3138 in
2503 3097 2616 3153 quo
2648 3086 2816 3156 pater
2848 3098 2992 3139 suus
3014 3081 3263 3140 clericos
3304 3082 3832 3153 instituerat,abje-

2182 3172 2295 3230 ctis
2326 3169 2561 3229 clericis
2585 3172 2898 3229 monachos
2920 3171 3246 3229 introduxit
3281 3170 3831 3241 subregimineWil-

2182 3257 2342 3316 lelmi
2375 3258 2628 3330 abbatis,
2656 3259 2871 3329 quibus
2901 3258 3075 3315 etiam
3107 3259 3177 3315 ad
3204 3274 3367 3316 usum
3390 3258 3825 3327 cotidinarium,

2182 3349 2239 3404 in
2271 3348 2631 3405 ornamentis
2655 3352 2711 3403 et
2736 3348 2971 3419 praediis
2996 3348 3188 3405 fundis
3218 3352 3278 3404 et
3328 3347 3614 3404 reditibus
3662 3352 3826 3403 tanta

2182 3436 2431 3507 largitus
2445 3436 2953 3508 est,utcupiditati
2981 3436 3337 3493 satisfecisse
3352 3435 3671 3493 videretur.
3690 3436 3825 3491 Erat

2181 3526 2333 3582 enim
2357 3526 2414 3581 in
2447 3525 2785 3582 elemosinis
2819 3524 3037 3597 largus,
3066 3525 3120 3581 in
3146 3526 3394 3582 caritate
3420 3524 3694 3596 prafluus,
3721 3539 3826 3581 aec-

2181 3613 2494 3671 clesiarum
2528 3618 2775 3685 amator,
2804 3627 3123 3686 pauperum
3150 3619 3470 3683 recreator,
3520 3628 3823 3670 servorum

2182 3704 2281 3760 Dei
2315 3703 2651 3775 praecipuus
2673 3706 3007 3775 venerator,
3035 3702 3090 3758 in
3114 3703 3283 3773 cujus
3301 3717 3470 3759 manu
3511 3701 3824 3758 elemosina

2182 3792 2454 3863 sudabat,
2482 3792 2685 3848 domec
2718 3792 3084 3848 inveniretur
3112 3792 3205 3849 cui
3240 3792 3581 3848 debebatur.
3646 3790 3824 3860 Hujus

2184 3889 2449 3957 tempore
2483 3884 2625 3941 viris
2649 3884 2942 3954 religiosis
2975 3884 3171 3941 floruit
3204 3883 3571 3954 Normannia,
3623 3884 3717 3954 qui
3751 3883 3822 3938 ad

2183 3988 2311 4030 eum
2344 3974 2600 4045 undique
2631 3973 3008 4031 conﬂuebant
3040 3973 3200 4030 velut
3233 3988 3371 4045 apes
3429 3973 3499 4029 ad
3550 3971 3819 4028 alvearia.

2185 4064 2344 4118 Inter
2368 4078 2512 4134 quos
2543 4062 2696 4119 hunc
2721 4062 2908 4119 virum
2943 4062 3177 4119 beatum
3246 4060 3611 4133 propensiori
3638 4059 3822 4116 coluit

2183 4152 2537 4221 reverentia,
2564 4150 2710 4207 adeo
2744 4152 2805 4207 ut
2840 4149 3078 4222 speciali
3110 4165 3239 4206 eum
3276 4163 3470 4205 amore
3530 4148 3819 4219 diligeret,

2184 4243 2244 4296 et
2275 4240 2591 4312 praeceptis
2615 4239 2744 4309 ejus
2767 4240 3177 4312 obtemperare
3190 4237 3565 4310 consiliisque
3592 4236 3822 4307 adquie-

2183 4342 2351 4386 scere
2372 4328 2677 4399 gauderet.
3100 4334 3107 4337 ’

2257 4416 2625 4489 (Fol.89‘)28.
2648 4415 2803 4472 Obiit
2844 4431 3077 4489 quoque
3117 4415 3442 4473 Richardus
3478 4416 3822 4471 Normanno—

2187 4520 2311 4562 rum
2336 4504 2454 4562 dux
2468 4504 2639 4561 a.inc.
2658 4505 2817 4561 Dom.
2837 4504 2995 4576 1026,
3011 4509 3068 4561 et
3086 4504 3372 4562 successit
3389 4502 3712 4560 Richardus
3727 4503 3817 4569 lli,

424 4596 524 4665 rit,
549 4594 858 4667 arripiens,
888 4608 1017 4651 cum
1043 4593 1098 4650 in
1140 4608 1242 4650 ore
1299 4596 1358 4649 et
1410 4593 1601 4650 animo
1649 4595 1780 4665 ejus
1839 4609 2069 4667 semper
2100 4581 2153 4643 Ι)
2184 4598 2245 4650 et
2275 4594 2478 4652 eodem
2511 4608 2660 4650 anno
2693 4592 3007 4650 defunctus
3039 4598 3147 4650 est.
3183 4595 3509 4663 Postquem
3535 4591 3820 4647 Robertus

422 4687 788 4740 versaretur:
820 4682 933 4741 Ubi
957 4682 1046 4740 est
1081 4682 1350 4740 omitas?
1382 4696 1539 4753 vasa,
1578 4682 1631 4738 in
1693 4682 1909 4754 quibus
1959 4684 2073 4739 fru-

422 4777 700 4843 mentum,
735 4771 977 4829 ordeum
1010 4774 1070 4827 et
1093 4770 1673 4842 vinumservabatur,
1708 4771 1983 4845 disrupit,
2010 4777 2070 4829 et

423 4861 632 4919 accitis
644 4859 1004 4932 pauperibus
1019 4858 1255 4916 vascula
1274 4874 1478 4917 eorum
1494 4859 1915 4932 inplevit,illud
1931 4876 2073 4918 sem-

422 4966 526 5023 per
547 4950 725 5007 corde
757 4952 932 5005 etore
955 4946 1320 5020 depromens:
1343 4948 1455 5007 Ubi
1477 4950 1839 5009 estcaritas?
1856 4956 1913 5005 et
1935 4966 2071 5024 cpe-

421 5038 509 5096 ris
537 5035 858 5094 exibitione
889 5039 1247 5094 contestans.
1270 5037 1447 5110 Cujus
1490 5038 1666 5094 animi
1718 5038 2072 5109 indignatio-

424 5141 554 5183 nem
583 5126 683 5185 vix
703 5124 1052 5197 adjuvando,
1085 5130 1149 5182 ut
1193 5125 1346 5199 quod
1393 5131 1775 5199 aggregatum
1810 5130 1939 5184 erat
1973 5141 2070 5184 ex-

422 5213 1078 5286 penderetur,mitigare
1095 5218 1571 5288 potuerunt,cum
1590 5215 1704 5275 Ubi
1719 5216 2072 5276 estcarz'tas?

425 5317 656 5377 semper
688 5306 1080 5378 repeteretur,
1096 5308 1156 5362 et
1191 5305 1302 5378 ipsi
1344 5304 1675 5376 incrassati,
1718 5304 2067 5378 inpinguati,

2187 4682 2527 4743 comitatum
2543 4680 2906 4737 Normanniae
2930 4681 3198 4754 adeptus,
3218 4680 3366 4737 hunc
3383 4685 3472 4736 ter
3488 4680 3714 4736 beatum
3733 4678 3822 4734 Ri-

2186 4772 2490 4844 chardum,
2517 4771 2588 4828 de
2611 4786 2724 4842 quo
2749 4771 2920 4827 nobis
2942 4775 3031 4827 est
3054 4786 3266 4841 sermo,
3319 4770 3472 4825 inter
3486 4769 3701 4841 primos
3730 4768 3821 4825 ha-

2187 4860 2708 4932 buit,consilioque
2724 4859 2848 4929 ejus
2862 4860 3025 4929 regni
3040 4860 3408 4916 Normannize
3424 4857 3819 4915 tractabantur

2186 4950 2451 5022 negocia.
2478 4949 2846 5006 Tuncextitit
2864 4948 3096 5020 quidam
3141 4949 3329 5005 Britto
3378 4947 3605 5004 nomine
3643 4948 3821 5002 Erme-

2186 5038 2420 5109 noldus,
2447 5039 2618 5094 homo
2642 5038 2854 5094 mentis
2879 5051 3194 5110 perversae,
3243 5036 3603 5093 detestanda:
3642 5036 3815 5105 famae,

2186 5126 2282 5198 qui
2308 5129 2492 5180 totam
2526 5125 2703 5181 vitam
2727 5138 2890 5181 suam
2920 5122 3153 5181 diabolo
3179 5123 3821 5194 dicaverat,utpostex-

2186 5214 2531 5289 perimentis
2547 5213 2976 5287 probatissimis
2992 5219 3353 5287 compertum
3372 5216 3482 5270 est.
3508 5212 3611 5268 Hic
3668 5211 3818 5267 boris

2183 5308 2240 5363 et
2272 5303 2583 5363 momentis
2612 5303 2880 5363 omnibus
2917 5318 3048 5362 eum
3100 5300 3335 5360 diabolo
3369 5301 3735 5374 loquebatur,
3766 5307 3818 5356 et

1790 5427 2026 5509 vitam.
2065 5428 2468 5486 LECTIONES.

2014 5569 2237 5629 NOTE.

491 5496 560 5531 ἰ’
589 5501 771 5570 styrs.
809 5512 856 5558 ο.

495 5673 646 5747 (104)
668 5673 934 5748 Féeamp.

2252 5676 2399 5749 (105)
2425 5676 2539 5733 Cl'r.
2578 5675 2742 5734 Glab.
2773 5676 2917 5734 Red.
2962 5676 3092 5734 Vita
3133 5673 3409 5732 Willelmi
3453 5674 3679 5734 Divion.
3754 5682 3826 5735 l3.
