3922 6398
90 371 210 432 257

1354 366 1851 433 CHRONICON.
1885 405 1959 416 ——
1988 368 2144 432 LIB.
2191 371 2265 432 II.

3384 377 3504 440 258

90 502 379 575 quidquid
414 502 525 560 sibi
559 501 844 573 agendum
878 502 1031 558 foret
1062 499 1221 559 illius
1251 501 1537 559 nebuloso
1565 501 1743 559 collo-
1772 503 1827 563 A
1857 505 1915 558 et
1949 502 2080 559 data
2103 508 2193 560 est
2217 504 2267 560 ei
2294 519 2323 559 a
2349 503 2618 561 Lothario
2638 504 2694 561 in
2714 504 2907 562 dotem
2931 506 3271 577 Lugdunum
3291 508 3504 566 civitas

91 593 228 663 quio
253 592 698 665 disponebatur.
718 592 820 648 Hic
841 605 943 663 per
967 595 1237 664 suscepta
1263 591 1589 662 iniquitatis
1610 605 1743 649 con-

88 681 220 737 silia
246 681 318 737 ad
349 682 575 753 plenam
599 680 972 752 iniquitatem
996 680 1389 751 enutritus,et
1410 696 1549 738 vere
1574 695 1745 738 mem-

92 773 259 827 brum
284 770 446 826 illius
480 770 686 839 factus,
714 770 812 839 qui
847 775 934 826 est
969 772 1151 826 fomes
1181 770 1424 828 malicize
1441 775 1502 826 ct
1523 770 1745 826 discor-

90 859 201 915 diae
233 863 292 915 et
326 859 515 915 omnis
545 859 849 929 nequiciae,
883 859 1037 930 apud
1072 861 1376 931 praefatum
1421 860 1743 931 principem

88 963 293 1005 omnes
323 948 638 1019 Optimates
662 947 850 1004 totius
883 949 1044 1017 regni
1095 948 1411 1018 accusavit,
1449 948 1614 1019 quasi
1646 947 1745 1017 qui

88 1035 218 1105 ejus
248 1037 514 1092 meditati
545 1041 747 1092 essent
784 1036 1169 1107 dejectionem
1204 1042 1263 1092 et
1315 1051 1538 1106 necem,
1573 1040 1631 1092 et
1665 1035 1744 1091 ita

90 1129 311 1181 statum
334 1126 514 1181 totius
541 1132 714 1181 terrae
738 1125 1132 1196 perturbavit,
1152 1131 1217 1182 ut
1239 1140 1376 1181 vere
1400 1123 1615 1183 diaboli
1640 1124 1747 1181 hoc

91 1228 243 1285 opus
294 1228 449 1284 esse,
481 1214 611 1285 ejus
656 1214 768 1270 hoc
818 1214 1153 1284 artiﬁcium,
1186 1214 1314 1283 ejus
1355 1217 1745 1271 commentum

93 1308 541 1371 agnosceretur.
561 1302 705 1373 (Fol.
721 1300 838 1373 90.)
854 1302 1250 1358 Inﬁammatur
1267 1302 1750 1374 princepsadver-

93 1407 199 1447 sus
231 1392 567 1463 cptimates,
607 1392 754 1448 ﬁunt
786 1391 1049 1463 discidia,
1084 1392 1420 1448 excitantur
1443 1391 1655 1462 jurgia,
1689 1396 1747 1447 et

96 1495 213 1536 uno
237 1480 523 1536 intestino
548 1479 703 1536 bello
728 1484 846 1537 tota
871 1480 1612 1537 debachaturNormannia.
1631 1482 1747 1535 Hac

93 1571 405 1624 crescente
455 1568 766 1639 discordia,
811 1567 1154 1624 comitatum
1207 1572 1374 1640 pater
1422 1567 1748 1623 Richardus

93 1656 259 1711 adire
293 1655 688 1728 compellitur,
721 1660 780 1712 et
813 1656 1088 1727 adjuncto
1119 1657 1229 1713 sibi
1261 1657 1470 1713 domno
1514 1658 1749 1712 Ermen-

95 1744 251 1801 frido
278 1745 661 1815 Rotomagum
694 1744 951 1815 advenit,
981 1748 1040 1801 et
1074 1759 1218 1816 pace
1264 1745 1419 1801 inter
1450 1743 1745 1816 principes

1857 590 2169 649 Galliarum
2203 593 2578 650 nobilissima.
2613 595 2695 651 Ex
2726 593 2821 651 illa
2854 595 3129 653 Mathilde
3150 597 3389 666 genitus
3411 602 3500 654 est

1855 679 2139 738 Rodolfus
2172 696 2294 753 rex,
2322 683 2417 753 qui
2454 683 2686 754 praefuit
2712 684 3061 752 Burgundiae
3087 689 3215 756 post
3244 691 3499 756 patrem;

1856 772 1916 824 et
1947 768 2123 841 Gisia,
2151 784 2320 841 quam
2355 772 2653 827 Conradus
2686 772 3005 842 imperator
3036 772 3205 828 duxit
3239 788 3498 844 uxorem,

1857 857 1929 913 de
1976 872 2087 928 qua
2142 861 2341 928 genuit
2393 860 2636 916 tercium
2670 859 3042 927 Heinricum;
3076 862 3247 917 Berta
3302 861 3498 932 etiam,

1858 960 2028 1017 quam
2060 949 2285 1020 accepit
2320 950 2441 1005 Odo
2475 950 2871 1021 Carnotcnsis,
2897 965 2967 1006 ex
2992 965 3102 1020 qua
3124 951 3326 1020 genuit
3353 951 3502 1008 hunc

1859 1035 2133 1093 Odonem.
2153 1038 2440 1094 Rodulfus
2464 1054 2604 1096 vero
2622 1054 2724 1096 rex
2748 1041 2971 1110 absque
2992 1040 3195 1097 liberis
3215 1040 3500 1111 existens,

1860 1125 2126 1183 Conrado
2155 1128 2497 1200 imperatori
2528 1129 2876 1198 Burgundiae
2896 1142 3138 1198 regnum
3161 1128 3499 1201 dereliquit,

1859 1212 2006 1272 dans
2034 1216 2087 1272 ei
2122 1215 2384 1274 lanceam
2414 1217 2598 1275 sancti
2632 1217 2912 1288 Mauricii,
2936 1217 3090 1288 quod
3118 1221 3244 1274 erat
3277 1218 3503 1287 insigne

1857 1304 2023 1374 regni
2064 1306 2432 1376 Burgundize.
2471 1308 2549 1363 Eo
2597 1321 2738 1364 vero
2782 1306 3076 1378 defuncto,
3130 1310 3186 1362 et
3241 1306 3504 1363 Conrado

1860 1406 2038 1462 regno
2057 1395 2266 1465 potito,
2286 1395 2430 1463 Odo,
2448 1395 2580 1465 quia
2605 1398 2733 1451 erat
2756 1410 2828 1451 ex
2858 1409 3060 1452 sorore
3083 1395 3203 1451 Rod
3216 1394 3333 1464 ulﬁ,
3351 1408 3505 1451 sum-

1860 1485 1956 1554 pta
1983 1483 2289 1552 tyrannide
2308 1484 2378 1539 ad
2404 1498 2645 1553 regnum
2669 1483 2823 1554 cepit
2847 1482 3110 1554 aspirare
3132 1504 3152 1541 .-
3174 1486 3229 1538 et
3256 1483 3353 1553 qui
3377 1488 3505 1540 erat

1859 1570 2012 1627 acris
2035 1570 2208 1626 animi
2229 1576 2285 1628 et
2312 1572 2526 1629 ferocis
2543 1572 2778 1641 ingenii,
2800 1571 3205 1641 frequentibus
3228 1571 3508 1644 irruptio-

1860 1659 2035 1739 nibus
2060 1659 2272 1732 irrupit
2310 1661 2452 1717 ﬁnes
2496 1661 2865 1731 Burgundiae,
2901 1660 3272 1731 optinuitque
3303 1660 3507 1718 civita-

1861 1752 1952 1803 tes
1974 1752 2033 1804 et
2056 1748 2300 1805 castella
2326 1763 2508 1820 usque
2532 1749 2602 1805 ad
2624 1751 2823 1806 Jurum
2857 1754 2916 1805 et
2950 1752 3201 1805 montem
3230 1749 3414 1820 Jovis,
3445 1753 3506 1806 et

93 1833 398 1905 restituta,
437 1834 780 1907 praedictum
827 1833 1237 1890 Ermenoldum
1289 1833 1744 1905 alisquantisper
1772 1853 1828 1919 Β
1859 1850 2101 1908 magnus
2118 1837 2407 1895 factusest
2423 1838 2815 1895 vehementer.
2835 1836 3077 1895 Obsedit
3094 1838 3507 1909 quoqueVien-

92 1923 405 1994 mitiorem,
434 1923 567 1994 quia
593 1926 728 1979 ante
759 1926 1146 1993 conSpectum
1173 1936 1477 1979 servorum
1500 1922 1599 1978 Dei
1622 1937 1745 1979 cas-

91 2013 337 2068 sabatur
368 2011 555 2068 omnis
586 2010 875 2068 diabolica
911 2011 1150 2082 astutia,
1174 2011 1507 2068 convictum
1537 2016 1595 2066 et
1618 2026 1746 2067 cor-

92 2103 327 2171 reptum
351 2115 551 2156 secum
578 2099 899 2156 Virdunum
925 2099 1191 2170 deduxit,
1208 2099 1547 2156 monasticis
1569 2098 1748 2155 vesti-

96 2189 315 2245 mentis
336 2188 543 2259 induit,
571 2192 633 2244 et
651 2188 936 2244 hominem
962 2187 1180 2244 diaboli
1205 2187 1429 2259 laqueis
1451 2187 1746 2243 irretitum

96 2292 227 2347 quae
252 2281 392 2333 sunt
416 2277 697 2335 daemonis
712 2291 987 2348 spernere
1011 2277 1280 2334 docebat.
1300 2276 1410 2333 Sed
1427 2277 1748 2347 incorpore

95 2367 361 2438 peccatis
384 2366 620 2423 subdito
647 2366 862 2435 refugit
886 2365 1152 2421 habitare
1176 2365 1480 2437 sapientia.
1508 2364 1751 2421 Simula-

96 2456 195 2511 bat
231 2454 333 2511 ille
366 2454 436 2511 ad
466 2459 700 2526 tempus
741 2468 802 2511 se
849 2453 1294 2526 phylosophum,
1329 2458 1392 2510 ut
1438 2453 1749 2510 crederent

97 2558 230 2599 cum
257 2543 356 2615 qui
381 2558 492 2599 non
518 2547 800 2599 noverant
823 2542 1233 2613 theosophum,
1251 2542 1350 2599 sed
1376 2540 1455 2597 nil
1480 2542 1631 2597 ﬁcta:
1655 2556 1750 2613 pa-

95 2634 181 2689 cis
214 2633 467 2689 amicum
490 2632 774 2703 sapientia
804 2631 981 2687 novit.
1005 2630 1394 2697 Quamobrem
1416 2631 1605 2687 omnis
1623 2629 1750 2699 ejus

94 2727 221 2778 astu
234 2721 313 2777 tia
329 2726 388 2776 ct
402 2720 662 2790 nequitia
680 2719 839 2775 brevi
856 2719 1092 2788 cognita
1109 2724 1337 2790 est,nec
1354 2719 1544 2791 potuit
1563 2718 1748 2774 latere

95 2811 250 2867 inter
273 2813 512 2865 sanctos
539 2807 737 2864 feralis
758 2807 855 2863 illa
876 2808 1095 2879 rabies,
1120 2808 1282 2880 pacis
1304 2807 1557 2864 inimica.
1576 2809 1750 2876 Egre-

96 2899 258 2955 ditur
290 2897 558 2953 inimicus
583 2899 752 2953 homo
776 2898 847 2953 dc
870 2896 1000 2952 loco
1032 2911 1144 2952 non
1178 2912 1303 2967 suo,
1330 2896 1481 2953 redit
1517 2895 1588 2951 ad
1624 2910 1745 2966 sua,

99 2988 289 3043 utitur
320 2992 447 3042 arte
481 2985 991 3056 inpudentissima,
1014 2989 1075 3040 et
1108 2984 1322 3041 iterum
1356 2983 1749 3055 perversitate

103 3074 485 3145 malignitatis
498 3075 625 3145 ejus
638 3072 1035 3144 corrumpitur
1049 3073 1415 3129 Normanuia.
1432 3071 1749 3143 Projicitur

1859 1939 2008 1995 nam,
2045 1940 2215 1997 quam
2245 1941 2311 1983 ea
2347 1926 2688 1983 conditione
2712 1926 2768 1981 in
2795 1925 2983 1983 fmdus
3010 1926 3255 1998 recepit,
3282 1930 3343 1983 ut
3368 1942 3510 1997 pra:-

1858 2014 2067 2069 stituto
2092 2015 2342 2071 termino
2364 2016 2419 2071 in
2438 2015 2642 2072 eadem
2667 2016 2810 2072 urbe
2833 2030 2936 2071 rex
2959 2013 3241 2086 appellari
3261 2019 3319 2071 et
3341 2030 3507 2072 coro-

1859 2102 1983 2158 nari
2016 2102 2342 2160 debuisset.
2368 2104 2519 2161 Infra
2550 2103 2703 2160 hunc
2728 2104 3038 2160 terminum
3068 2102 3501 2174 expeditionem

1859 2192 2036 2248 movit
2062 2192 2117 2247 in
2138 2207 2378 2263 regnum
2403 2192 2812 2263 Lotharingize,
2834 2192 3093 2264 [Inm.]et
3118 2193 3226 2249 Bar
3247 2197 3506 2250 castrum

1859 2279 2034 2351 cepit,
2068 2279 2442 2350 dimissisque
2474 2280 2552 2336 ibi
2586 2279 2871 2336 militibus
2903 2278 3257 2350 quingentis,
3292 2279 3361 2335 ad
3394 2278 3505 2335 alia

1858 2383 1923 2426 se
1956 2370 2269 2441 convertit,
2305 2370 2439 2441 quia
2469 2369 2629 2427 curis
2657 2369 2994 2438 agitabatur
3023 2368 3362 2425 innumeris.
3398 2369 3508 2424 Re-

1859 2455 2178 2513 bellaverat
2203 2459 2575 2528 enimjcoutra
2589 2457 2921 2514 Heinricum
2939 2458 3293 2513 Francorum
3311 2470 3505 2526 regem

1859 2545 2100 2602 Roberti
2127 2546 2327 2618 ﬁlium,
2348 2552 2408 2602 et
2425 2552 2628 2603 contra
2652 2546 2844 2617 ceptis
2866 2545 2992 2615 ejus
3015 2545 3343 2602 obsistebat
3366 2547 3508 2601 Con-

1862 2635 2040 2692 radus
2073 2636 2413 2707 imperator,
2441 2650 2685 2707 quorum
2719 2633 2792 2692 lis
2824 2648 3028 2704 magna
3054 2633 3183 2690 fuit.
3213 2633 3319 2701 Qui
3346 2632 3506 2690 misit

1860 2723 1933 2779 ad
1956 2724 2403 2796 expugnandum
2429 2723 2590 2781 illum
2616 2721 2961 2780 Gozelonem
2986 2722 3214 2779 ducem.
3239 2724 3359 2779 Hoc
3384 2721 3506 2778 Odo

1860 2824 2181 2880 agnoscens
2199 2811 2396 2881 rediit,
2422 2816 2481 2867 et
2513 2824 2577 2867 se
2606 2810 2676 2867 ad
2712 2810 2924 2867 bellum
2943 2814 3145 2865 contra
3169 2808 3507 2865 Lotharicu-

1859 2912 1952 2955 ses
1974 2898 2249 2954 accinxit.
2278 2898 2487 2955 Gozelo
2511 2903 2727 2969 autem,
2746 2896 3063 2955 duxtotius
3078 2897 3279 2969 primas
3299 2896 3504 2967 Retiaa,

1860 2986 2195 3058 cuminimio
2225 2988 2491 3045 exercitu
2522 2988 2753 3045 irruens
2777 2987 2831 3043 iu
2854 3002 3006 3057 eum,
3032 3001 3162 3043 cum
3186 2985 3283 3042 diu
3308 2984 3510 3041 utrim-

1860 3076 2312 3148 qucjpugnatum
2339 3076 2563 3145 fuisset,
2588 3075 2913 3132 exercitum
2936 3074 3065 3145 ejus
3088 3073 3143 3130 in
3170 3074 3359 3144 fugam
3382 3087 3511 3129 ver-

103 3165 173 3220 de
206 3164 474 3233 latebris,
501 3178 615 3234 quo
641 3177 703 3219 se
736 3162 1035 3218 fortiorem
1059 3160 1523 3218 etvalentiorem
1547 3160 1748 3217 crcde-
1778 3206 1825 3237 η
1856 3163 1951 3235 tit,
1990 3170 2052 3222 et
2096 3165 2177 3221 ibi
2228 3164 2352 3222 Odo
2401 3165 2526 3237 ipse
2576 3163 2992 3222 miserabiliter
3039 3162 3284 3220 corruit.
3331 3162 3509 3232 Cujus

104 3206 171 3220 μυ
208 3206 474 3233 ...υνυηη
545 3206 614 3220 μυ
641 3206 703 3219 νυ
736 3206 1118 3218 Numa..."
1152 3206 1723 3218 ....-........,......-..-
1991 3206 2052 3222 ν.
2096 3206 2177 3221 ....
2231 3206 2352 3222 Vw
2401 3206 2415 3220 .
2463 3206 2525 3222 .,..
2576 3206 2981 3222 ....................
3040 3206 3284 3220 ...........
3335 3206 3508 3232 νη..-

103 3251 223 3323 bat,
257 3258 316 3309 et
342 3252 473 3322 quia
499 3206 714 3309 diaboli
748 3251 1073 3309 calliditate
1096 3251 1154 3306 in
1178 3254 1423 3306 mortem
1447 3249 1748 3307 ducendus
1777 3206 1828 3272 Ο
1857 3207 2075 3324 corpus
2095 3252 2351 3311 lacerum
2383 3206 2741 3311 venerabilis
2774 3257 2943 3323 pater
2971 3250 3298 3307 Ricbardus
3319 3256 3379 3307 ct
3399 3251 3510 3306 Ro.

102 3346 286 3408 esset,
307 3355 337 3396 a
355 3342 525 3397 beato
547 3340 598 3396 ei
621 3340 749 3396 viro
775 3338 1138 3411 praedicitur,
1156 3354 1259 3395 nec
1276 3338 1599 3395 frustratur
1616 3352 1748 3409 pro-

104 3428 314 3485 missis.
340 3430 654 3499 Postquam
684 3427 836 3483 enim
868 3427 1065 3499 plures
1094 3427 1442 3498 optimatum
1470 3429 1749 3484 Norman-

101 3516 210 3573 niae
225 3516 630 3585 coniuratione
653 3514 901 3572 conﬁcta
923 3519 980 3571 ct
1004 3515 1273 3587 imposita
1296 3514 1492 3571 duello
1512 3526 1749 3585 supera-

104 3605 153 3659 vi
166 3609 365 3676 t,quos
380 3604 685 3661 convictos
701 3603 1039 3681 principalis
1053 3604 1338 3660 severitas
1350 3602 1535 3660 oculis
1550 3602 1750 3659 terris-

103 3708 213 3763 que
248 3692 605 3765 privaverat,
633 3707 661 3748 a
688 3692 936 3763 quodam
962 3692 1277 3748 forestorio
1307 3691 1628 3763 convictus,
1655 3705 1752 3748 su-

104 3784 344 3851 peratus
373 3784 432 3837 et
465 3781 720 3852 occisus,
757 3780 926 3837 ﬁnem
957 3780 1094 3838 vitae
1124 3780 1261 3837 fecit
1310 3783 1372 3836 et
1419 3779 1745 3837 criminum.

103 3869 229 3934 Quo
260 3870 317 3925 in
352 3870 505 3926 facto
538 3870 754 3926 intueri
796 3868 943 3925 libet
991 3868 1355 3926 dulcedinem
1386 3873 1444 3926 et
1477 3868 1750 3940 pieiatem

105 3959 213 4013 viri
240 3959 411 4029 justi,
440 3959 537 4029 qui
562 3958 852 4014 hominem
874 3972 1013 4014 vere
1035 3957 1253 4014 diaboli
1275 3957 1665 4027 ergasterium
1687 3959 1750 4012 ut

98 4047 238 4103 vidit
269 4047 679 4120 praecipitante
708 4046 943 4102 diabolo
966 4046 1316 4115 convictum,
1341 4044 1411 4102 ad
1438 4045 1627 4101 sinum
1652 4044 1752 4099 mi-

102 4134 442 4192 sericordias
464 4135 781 4203 confugere
812 4133 1030 4203 docuit,
1056 4137 1113 4189 ct
1140 4134 1353 4189 factum
1387 4131 1754 4201 incorrigibi-

105 4221 236 4295 lem,
259 4240 333 4279 ne
367 4222 593 4278 diutius
622 4227 996 4291 grassaretur
1028 4220 1081 4276 in
1106 4221 1296 4291 viciis,
1320 4221 1390 4278 ad
1423 4219 1752 4292 exemplum

107 4312 360 4368 omnium
382 4310 747 4382 perditorum
769 4308 946 4366 citius
964 4308 1158 4380 perire
1181 4308 1500 4379 nunciavit,
1518 4311 1581 4365 ut
1595 4311 1756 4364 esset

1855 3354 2035 3410 gerus
2067 3339 2548 3399 Cathalauuensis
2567 3340 2877 3412 episcopus
2906 3354 2937 3395 a
2969 3339 3115 3396 cede
3136 3342 3497 3409 susceptum,

1862 3428 2250 3486 reddiderunt
2280 3429 2470 3501 uxori,
2496 3432 2553 3489 et
2586 3434 2677 3486 est
2707 3427 2976 3500 sepultus
2995 3426 3255 3485 Turonis.
3284 3426 3506 3483 Cecidit

1859 3518 1916 3575 in
1943 3517 2096 3575 bello
2117 3517 2219 3574 illo
2233 3518 2596 3574 etManasses
2616 3532 2832 3587 comes,
2848 3519 2908 3573 et
2932 3515 3256 3573 Evervinus
3268 3519 3325 3573 et
3342 3514 3507 3585 Dido,

1859 3610 1919 3665 et
1954 3605 2194 3665 Virduni
2226 3604 2461 3677 sepulti.
2495 3604 2879 3663 Walerannus
2932 3618 3165 3676 quoque
3206 3618 3405 3660 comes
3449 3603 3509 3659 in

1862 3694 2017 3752 bello
2038 3695 2170 3767 ipso
2191 3709 2223 3751 a
2246 3693 2558 3751 Godefrido
2584 3692 2893 3751 Gozelonis
2918 3692 3088 3751 ducis
3108 3691 3227 3749 ﬁlio
3247 3693 3513 3763 graviter

1859 3783 2225 3854 vulneratus,
2259 3798 2391 3840 cum
2417 3782 2534 3855 jam
2568 3782 2849 3839 deﬁceret
2877 3796 3161 3854 pugnans,
3200 3781 3377 3838 vitam
3413 3797 3515 3854 po-

1863 3872 2054 3944 poscit
2083 3877 2144 3930 et
2176 3873 2456 3942 membra,
2478 3875 2541 3929 ut
2566 3870 2775 3929 liceret
2804 3870 2857 3927 ei
2882 3869 3035 3942 apud
3057 3868 3379 3928 Virdunum
3402 3871 3511 3928 suh

1862 3961 2145 4030 regimine
2175 3960 2361 4033 patris
2403 3960 2677 4018 Ricbardi
2730 3958 3076 4017 monasticis
3126 3958 3288 4016 indui
3338 3959 3515 4017 vesti-

1863 4048 2094 4118 mentis,
2128 4048 2277 4105 sicut
2307 4050 2424 4104 Deo
2452 4048 2794 4118 devoverat,
2828 4045 2983 4118 quod
3013 4049 3072 4102 et
3104 4045 3385 4119 cptinuit.
3440 4048 3512 4104 Et

1863 4135 2019 4193 bello
2047 4140 2278 4206 exacto,
2309 4150 2439 4193 cum
2488 4136 2733 4207 praefato
2776 4138 2948 4207 patre
2990 4134 3188 4208 rediit,
3219 4139 3279 4192 et
3312 4149 3506 4193 mona-

1864 4223 2010 4280 chus
2044 4224 2234 4280 factus
2264 4228 2353 4279 est
2385 4225 2557 4295 (106.)

1937 4309 2061 4381 (fol.
2096 4311 2210 4383 90.)
2244 4311 2582 4367 Omittimus
2614 4310 2977 4367 necationcm
3015 4319 3077 4368 et
3127 4311 3513 4384 piscationem

107 4400 158 4454 ci
192 4406 358 4457 tanto
401 4399 584 4456 levior
615 4414 781 4470 poena
814 4402 945 4469 post
976 4401 1239 4467 mortem,
1267 4402 1485 4467 quanto
1507 4395 1755 4454 celerior
1867 4396 2077 4455 noveni
2105 4396 2319 4468 capitis
2349 4394 2723 4468 parvulorum
2773 4395 2831 4450 in
2878 4395 3121 4468 vivario,
3153 4396 3280 4454 viro
3319 4397 3422 4454 Dei
3455 4396 3512 4454 in

112 4489 375 4557 peccanti
409 4490 722 4545 accederet
754 4486 1012 4544 vindicta
1045 4500 1147 4557 per
1180 4490 1445 4543 mortem.

1868 4485 2086 4544 abditis
2112 4489 2170 4542 et
2200 4484 2427 4557 asperis
2453 4484 2612 4556 jugis
2658 4483 2951 4541 Romarici
2991 4487 3208 4542 montis
3238 4500 3370 4555 qum
3397 4486 3515 4557 jam

182 4577 326 4645 (Fol.
363 4580 477 4649 89.)
502 4582 588 4634 29.
628 4577 938 4633 Veniamus
974 4575 1151 4644 igitur
1177 4574 1294 4645 jam
1325 4589 1480 4632 nunc
1508 4573 1579 4630 ad
1610 4570 1756 4631 illud
1784 4557 1841 4623 D
1870 4576 2135 4633 subierat
2165 4588 2363 4631 amore
2395 4573 2611 4645 quietis
2644 4572 2910 4645 internae,
2937 4572 3160 4645 Spiritu
3191 4577 3397 4630 sancto
3429 4586 3518 4632 re-

115 4661 476 4723 lacrimabile
509 4664 725 4721 bellum
758 4664 912 4737 apud
944 4665 1055 4720 Bar
1101 4667 1363 4720 castrum
1409 4662 1668 4720 habitum
1702 4677 1753 4719 a.

112 4751 219 4808 inc.
252 4756 415 4811 Dom.
451 4759 609 4823 1037,
655 4755 847 4827 [Cum
884 4754 1027 4809 Bon.
1064 4768 1146 4823 ιιι,
1180 4753 1256 4824 9.]
1291 4752 1347 4808 in
1399 4767 1512 4824 quo
1543 4751 1757 4809 cecidit

1868 4663 2102 4722 velante
2126 4663 2434 4734 signatam,
2451 4677 2522 4718 ne
2548 4666 2751 4719 sancto
2772 4661 2963 4718 ordini
2986 4660 3516 4720 sanctimonialium

1870 4753 2139 4823 injuriam
2170 4751 2382 4810 fecisse
2411 4751 2732 4820 videamur,
2759 4751 3007 4808 maxime
3030 4766 3162 4807 cum
3192 4752 3251 4808 et
3283 4748 3399 4807 illa":
3419 4750 3519 4807 ha-

110 4841 231 4897 Odo
265 4843 418 4900 ﬁlius
450 4843 670 4899 Odonis
714 4842 815 4898 ﬁlii
861 4842 1124 4899 Tetbaldi
1158 4841 1556 4910 Carnotcnsis,
1592 4839 1762 4910 cujus
1871 4842 2156 4899 bitatione
2188 4841 2391 4898 vicina:
2423 4841 2558 4910 siut,
2585 4844 2832 4897 ettanta
2859 4840 3021 4897 urbis
3049 4838 3380 4897 Virdunice
3406 4840 3518 4898 fre-

112 4944 424 4999 coguomen
459 4932 563 4988 fuit
599 4931 882 5001 Tricator,
938 4931 1035 5003 qui
1084 4930 1435 4987 Willclmum
1484 4931 1761 4986 Norman-

1870 4929 2108 5002 qucntia
2142 4930 2481 4987 miraculum
2510 4930 2621 4986 hoc
2654 4928 3015 4987 celebratum
3047 4930 3146 5001 sit,
3173 4935 3237 4988 ut
3271 4928 3369 5001 qui
3402 4944 3517 4985 non

117 5031 247 5073 num
284 5020 546 5077 Rcllonis
596 5020 777 5077 ﬁlium
808 5018 944 5077 dolo
976 5020 1293 5089 interfecit,
1326 5020 1420 5090 qui
1453 5034 1526 5074 cx
1556 5033 1759 5074 sorore
1870 5018 2015 5075 vidit
2046 5019 2191 5074 fama
2225 5019 2520 5074 referente
2553 5016 2845 5088 didicerit,
2896 5017 3034 5076 licet
3069 5017 3158 5075 vir
3190 5016 3517 5091 prophetici

115 5107 403 5166 lleriberti
426 5111 741 5166 Trecorum
769 5109 1003 5166 comitis
1021 5109 1222 5179 genuit
1239 5109 1519 5179 Odonem,
1538 5114 1600 5165 ut
1617 5107 1760 5162 dixi-

116 5210 257 5265 mus,
294 5204 516 5268 patrem
551 5198 725 5267 bujus
758 5197 993 5254 Odonis.
1020 5199 1087 5253 Et
1114 5200 1176 5253 ut
1202 5196 1433 5268 plenius
1454 5196 1756 5252 illucescat

117 5283 197 5336 rei
223 5285 460 5351 veritas,
478 5286 743 5342 dicamus
767 5300 895 5355 quae
921 5284 1099 5343 fuerit
1119 5299 1296 5341 causa
1322 5285 1465 5340 tanti
1491 5283 1760 5340 certami-

117 5370 221 5426 nis.
262 5373 562 5428 Conradus
594 5373 944 5442 Burgundia‘:
977 5387 1080 5429 rex
1121 5372 1348 5443 accepit
1383 5387 1617 5429 uxorem
1651 5372 1760 5428 Ma-

120 5456 378 5531 tbiiilem,
396 5462 659 5517 sororem
674 5459 1198 5537 Lethariijunioris
1211 5459 1369 5531 regis
1383 5448 1755 5530 Francorum,

1869 5105 2117 5177 Spiritus
2151 5105 2205 5161 id
2237 5104 2583 5162 omnimodis
2616 5108 2859 5178 propter
2880 5104 3522 5179 improperiumimpio-

1870 5209 1995 5250 rum
2024 5193 2293 5252 caelatum
2325 5208 2460 5251 esse
2508 5193 2782 5251 voluerit.
2820 5194 2949 5251 Haec
2999 5197 3092 5251 est
3137 5194 3289 5251 enim
3337 5207 3520 5253 causa

1872 5298 1999 5352 quae
2032 5297 2162 5338 eum
2196 5283 2268 5337 ab
2300 5280 2397 5337 illa
2432 5296 2533 5338 sua
2566 5281 2762 5352 quiete
2796 5281 3022 5351 praefati
3046 5282 3259 5339 montis
3282 5281 3519 5338 interim

1871 5370 2161 5441 deposuit.
2197 5369 2359 5426 Unde
2390 5373 2448 5426 et
2479 5370 2853 5441 correptione
2884 5383 2990 5441 pro
3023 5373 3285 5443 tempore
3305 5375 3365 5427 et
3389 5370 3520 5427 loco

1870 5457 2026 5528 data,
2054 5458 2154 5516 illo
2172 5471 2233 5516 se
2258 5456 2482 5529 retulit,
2507 5462 2572 5516 ut
2596 5454 2783 5530 palam
2816 5455 3064 5521 daretur
3084 5455 3357 5530 intelligi,
3374 5456 3520 5516 invi-

1670 5640 1677 5649 ,
1707 5571 1931 5637 NOTAE.

188 5658 337 5732 (106)
368 5660 499 5721 Vita
531 5656 811 5723 Ricbardi
842 5658 911 5727 il.
952 5720 964 5728 ,
1010 5720 1015 5727 ,
1097 5720 1103 5729 .
