3922 6402
424 354 539 423 £559

1353 348 1725 415 HUGONIS
1766 342 2124 411 ABBATIS
2167 310 2848 413 FLAVINIACENSIS

3706 357 3819 417 260

426 500 549 550 tum
570 506 700 549 eum
722 495 780 548 et
805 488 969 560 quasi
992 492 1260 545 coactum
1284 486 1355 543 ad
1374 484 1575 542 horam
1600 483 1897 540 relaxasse
1915 482 2067 552 rigo-
2095 490 2152 550 Α
2174 493 2384 551 rorem,
2420 481 2477 537 in
2509 484 2944 542 matrimonium
2994 483 3240 556 accepit.
3275 484 3379 542 Hic
3426 486 3603 543 etiam
3650 493 3815 544 tanto

433 596 554 638 rem
589 578 875 652 prapositi
909 578 1017 633 sui.
1054 576 1201 633 Illud
1235 579 1361 632 erat
1396 575 1454 630 in
1483 575 1610 630 viro
1642 574 1740 629 Dei
1776 571 2063 641 mirabile,

435 670 587 742 quod
620 670 831 726 absens
858 680 1105 737 corpore
1140 665 1294 721 istud
1329 664 1653 734 agnoverit,
1680 662 1869 718 locum
1892 661 2065 717 etiam

431 763 489 815 et
522 772 845 827 numerum,
871 759 928 811 et
957 755 1106 825 quod
1129 758 1301 810 terno
1335 757 1527 810 tractu
1559 753 1629 807 ab
1663 752 1793 807 imis
1818 749 2068 820 gurgitis

426 846 750 917 gurgustiis
784 844 879 900 illa
912 844 1260 912 naufragosa
1293 843 1465 898 turba
1487 845 1815 897 erueretur.

501 934 796 991 Habitavit
820 937 1011 989 autem
1038 932 1309 1003 primitus
1330 932 1385 985 in
1411 931 1534 986 loco
1558 931 1812 1000 quinque
1838 926 2070 983 milibus

425 1040 455 1081 a
486 1023 776 1080 Romarici
801 1027 994 1077 monte
1018 1025 1263 1090 semoto,
1292 1021 1388 1090 qui
1423 1023 1927 1090 nuncupatur.....,
1954 1028 2068 1070 uno

428 1116 653 1169 tantum
687 1110 899 1168 comite
930 1113 1261 1179 contentus,
1284 1112 1376 1165 cui
1402 1114 1591 1164 tamen
1623 1119 1790 1161 versa
1822 1104 1946 1158 vice
1970 1102 2069 1156 do-

424 1201 614 1257 minus
643 1215 772 1257 cum
795 1199 1039 1254 Martino
1062 1198 1373 1254 serviebat.
1400 1196 1505 1253 Ubi
1531 1200 1745 1266 quanta
1770 1208 1832 1249 se
1865 1206 2069 1261 corpo-

425 1290 507 1346 ris
521 1289 916 1346 maceratione
932 1287 1197 1343 attriveri
1210 1290 1471 1356 t,quanta
1489 1285 1699 1340 mentis
1710 1282 2066 1339 contritione

424 1380 671 1435 animam
710 1378 1077 1444 relevaverit,
1114 1376 1275 1431 solus
1309 1376 1669 1430 internorum
1716 1372 1938 1427 arbiter
1972 1384 2067 1424 no-

425 1468 529 1537 vit,
563 1467 695 1538 quia
729 1472 789 1521 et
820 1465 918 1522 ille
951 1466 1032 1521 sic
1065 1480 1213 1535 opus
1245 1464 1505 1519 dexterae
1538 1461 1785 1533 peregit,
1816 1464 1877 1514 ut
1909 1459 2067 1528 igno-

426 1562 584 1613 raret
606 1556 869 1624 sinistra,
897 1554 1141 1610 maxime
1163 1568 1293 1609 cum
1314 1551 1627 1608 incolatum
1651 1566 1815 1607 suum
1838 1548 2068 1620 prolon-

426 1646 552 1716 gari
580 1644 796 1701 cotidie
829 1644 1093 1712 deﬁeret,
1121 1642 1215 1712 qui
1240 1641 1473 1697 volebat
1508 1657 1538 1696 a
1570 1639 1873 1696 consortio
1907 1637 2067 1693 habi-

427 1736 675 1792 tantium
699 1734 884 1790 Cedar
908 1733 1222 1788 tenebroso
1246 1731 1463 1787 divelli.
1480 1733 1620 1786 Post
1643 1730 1747 1785 hec
1762 1729 1833 1784 ad
1850 1727 2060 1797 locum,

429 1825 528 1895 qui
557 1823 939 1916 Rombéchus.
968 1822 1114 1916 (107)
1140 1818 1811 1916 dicitur,-sccedens,‘i'bi
1843 1817 2065 1916 111111113-
2092 1855 2146 1916 Β

428 1912 621 1969 culum
645 1911 755 1967 sibi
779 1909 1054 1966 instituit.
1075 1910 1286 1964 Etcum
1312 1908 1389 1963 ibi
1411 1907 1587 1963 vellet
1613 1906 1835 1962 diutius
1857 1904 2058 1973 latere,

427 2016 540 2058 non
572 2000 781 2072 potuit.
816 2000 1107 2069 Ceperunt
1137 2002 1195 2051 et
1223 1996 1323 2053 illo
1356 1998 1671 2066 conﬂuere,
1700 1995 1829 2065 quis
1856 1992 2062 2049 similis

428 2088 750 2145 inoleverat
778 2088 954 2144 ardor
979 2086 1110 2142 vitm
1135 2086 1559 2141 anachoretica
1582 2088 1641 2139 et
1662 2084 1788 2152 ejus
1813 2098 1872 2137 se
1895 2081 2065 2137 disci-

427 2178 630 2251 pulatu
662 2178 1030 2243 contradere;
1057 2176 1268 2245 quibus
1299 2180 1356 2229 et
1391 2175 1515 2245 ipse
1548 2187 1803 2230 normam
1832 2170 2062 2228 vivendi

428 2267 687 2323 instituit
717 2264 1032 2322 secundum
1067 2279 1280 2319 morem
1308 2277 1338 2318 a
1359 2263 1580 2319 sanctis
1607 2261 1880 2317 Pati-ibus
1905 2260 2065 2315 insti-

429 2362 638 2412 tutum.
676 2356 931 2425 Cumque
956 2354 1071 2424 jam
1106 2352 1561 2423 quinquennium
1592 2351 1876 2407 dedicata:
1910 2349 2064 2420 peni-

429 2446 628 2502 tentiae
660 2444 1023 2516 impleretur,
1048 2441 1280 2497 devotio
1304 2441 1489 2497 sancti
1523 2438 1795 2496 desiderii
1830 2453 1941 2493 non
1967 2436 2067 2492 mi-

428 2533 740 2602 nuebatur,
776 2531 912 2601 quin
945 2531 999 2585 in
1032 2531 1157 2586 dies
1187 2529 1551 2600 pr0pcnsiori
1587 2528 1783 2583 studio
1817 2526 2066 2596 augeba-

383 2602 398 2612 ⁸
428 2626 544 2691 tur,
567 2620 700 2692 quia
725 2621 782 2675 in
802 2620 923 2692 ipsa
945 2634 1045 2675 sua
1066 2618 1490 2675 exercitatione
1514 2616 1939 2683 delectabatur,
1967 2613 2065 2685 qui

428 2709 818 2766 delectatione
833 2707 1598 2780 pascebatur.lnclinaverat
1616 2706 1765 2761 enim
1778 2704 2062 2761 cervicem

427 2799 600 2855 animi
635 2799 689 2853 in
725 2798 1053 2854 testimonia
1085 2796 1328 2867 Domini,
1363 2797 1599 2851 incessu
1640 2794 1900 2863 humilia,
1937 2808 2066 2849 suc-

423 2900 594 2943 cessu
626 2883 877 2955 excelsa,
914 2898 1190 2955 processu
1224 2882 1570 2951 clarissima,
1605 2887 1659 2936 et
1705 2880 1837 2950 quia
1869 2893 2064 2934 veram

426 2974 849 3047 philosophiam
883 2972 1344 3043 amplexabatur,
1375 2971 1744 3026 excitabatur
1788 2968 2067 3024 accende-

430 3063 621 3132 batur,
657 3067 712 3118 et
749 3061 1011 3130 ardebat,
1046 3061 1309 3132 ignitum
1352 3060 1503 3115 enim
1555 3059 1857 3129 eloquium
1901 3058 2069 3114 tuum

424 3152 810 3222 vehementer,
842 3152 1107 3219 Domine,
1143 3151 1203 3206 et
1224 3164 1431 3207 servus
1459 3151 1596 3206 tnns
1645 3148 1868 3205 dilexit
1908 3147 2070 3204 illud

431 3240 620 3307 (Psal.
658 3214 851 3310 cxvni,
880 3245 1025 3308 440.)
1056 3214 1464 3295 Revocabatur
1483 3240 1554 3294 ab
1577 3239 1855 3309 episcopo
1877 3242 1934 3293 et
1961 3238 2069 3292 fra-
2097 3214 2148 3278 Ο

427 3331 619 3387 tribus
651 3329 778 3400 ejus
811 3329 1133 3385 absentiam
1177 3343 1315 3398 egre
1367 3328 1712 3395 ferentibus,
1747 3332 1806 3382 et
1838 3326 1981 3382 illud
2013 3325 2066 3381 ei

428 3420 731 3491 sepissime
754 3419 1167 3475 intendebatur
1185 3438 1196 3472 :
1214 3419 1541 3487 Revertere,
1556 3419 1852 3475 revertere
1868 3421 2069 3477 Sima-

425 3510 616 3577 mitis,
629 3508 939 3575 revertere,
953 3507 1693 3575 revertere,ntintneamnr
1707 3507 1761 3562 te
1776 3507 1974 3571 (Cant.
1992 3523 2064 3579 IV,

428 3602 541 3665 42).
577 3596 688 3651 Sed
731 3598 802 3652 ab
842 3611 911 3651 eo
951 3596 1167 3665 verbis,
1202 3595 1441 3663 litteris,
1477 3600 1611 3650 actu
1662 3610 1891 3665 quoque
1941 3596 2069 3667 ipso

431 3684 658 3741 reditus
680 3685 1080 3754 denegabatur
1094 3682 1182 3738 ³³³.
1199 3683 1323 3738 Vidi
1344 3684 1468 3753 ipse
1483 3682 1760 3752 quasdam
1781 3684 2069 3755 epistolas

430 3772 485 3827 in
516 3772 763 3828 invicem
792 3773 1019 3840 missas,
1044 3776 1101 3826 et
1133 3771 1243 3839 legi
1281 3771 1591 3841 puerulus;
1615 3772 1670 3826 in
1705 3772 1913 3841 quibus
1935 3788 2070 3829 eon-

430 3861 705 3917 stantiam
735 3861 862 3930 ejus
892 3860 943 3914 in
977 3859 1297 3930 responsis,
1323 3874 1453 3915 cum
1483 3861 1535 3915 ei
1565 3862 1807 3916 verbum
1833 3873 2070 3932 respon-

433 3951 615 4009 sionis
644 3955 1062 4024 opponeretur,
1100 3954 1161 4006 ut
1211 3950 1482 4020 diximus,
1519 3951 1597 4007 ita
1642 3952 1696 4006 in
1744 3952 1854 4007 fine
1901 3953 2070 4010 unius

430 4040 695 4112 epistolae
726 4041 970 4095 fratrum
1004 4039 1288 4110 repressit
1322 4040 1568 4096 intentio
1601 4059 1613 4094 :
1644 4041 1740 4110 Si,
1776 4041 2063 4112 inquiunt,

428 4129 601 4186 verbo
629 4128 825 4186 verbis
855 4128 1093 4185 obviare
1129 4130 1408 4200 volueris,
1441 4143 1556 4186 non
1586 4130 1865 4201 deﬁcient
1886 4130 2069 4188 verba

416 4232 535 4291 pro
564 4217 736 4274 verbo
769 4217 1195 4275 laborantibus.

504 4306 626 4375 (fol,
661 4305 791 4377 90’.)
824 4309 910 4362 30.
944 4309 1104 4362 Anno
1137 4307 1208 4362 ab
1241 4306 1351 4363 inc.
1391 4310 1547 4363 Dom.
1591 4313 1726 4364 1035
1774 4309 2066 4366 Robertus

428 4409 623 4452 comes
654 4396 1114 4452 Normannorum
1144 4396 1585 4452 Jherosolimam
1625 4397 1749 4469 ivit,
1784 4397 2066 4454 infinitam

427 4484 733 4557 pecuniam
763 4499 960 4541 secum
997 4485 1209 4557 ferens,
1246 4500 1414 4555 quam
1448 4486 1681 4541 omnino
1708 4487 2067 4557 pauperibus

2180 584 2377 625 amore
2408 572 2800 629 venerabilem
2834 574 3003 643 hunc,
3029 574 3100 630 de
3134 590 3247 644 quo
3277 589 3468 631 sermo
3490 576 3706 646 agitur,
3729 591 3818 633 co-

2181 654 2311 727 luit,
2345 663 2409 713 ut
2440 658 2568 728 ejus
2600 661 2861 717 consiliis
2896 662 2951 716 in
3009 661 3104 717 illa
3164 666 3512 733 tempestate
3564 662 3815 734 palatina

2180 743 2524 815 diSponeret
2556 750 2967 816 moderamina,
3003 754 3060 805 et
3108 764 3453 820 quamquam
3485 766 3623 821 egre
3653 752 3725 807 ad
3754 769 3815 809 se

2180 833 2432 889 accitum
2466 837 2772 906 omnigcna
2804 838 3113 893 honoraret
3140 838 3466 895 dulcedinis
3488 845 3544 894 et
3568 840 3816 896 devotiO'

2180 921 2270 977 nis
2286 922 2588 995 instantia,
2606 927 2750 982 adeo
2764 927 3163 983 utaecelesiam
3182 928 3661 997 Rotomagensem
3685 944 3812 985 eum

2181 1012 2429 1080 praesule
2453 1015 2609 1069 sedis
2634 1015 2821 1086 ipsius
2839 1021 2896 1071 et
2921 1016 3101 1087 clero,
3119 1017 3244 1087 ejus
3256 1016 3535 1086 gauderet
3554 1017 3814 1074 decorari

2179 1099 2467 1171 doctrina,
2493 1108 2555 1158 ut
2580 1119 2651 1157 ex
2684 1104 2994 1161 multarum
3029 1106 3289 1162 faciebus
3320 1122 3511 1162 rerum
3543 1122 3696 1163 nunc
3727 1122 3817 1163 us-

2179 1203 2290 1258 que
2321 1191 2508 1246 conici
2542 1197 2760 1263 potest,
2796 1194 2968 1249 etiam
3001 1209 3031 1249 a
3074 1193 3225 1250 libro
3273 1195 3562 1251 communi
3614 1210 3815 1252 secun-

2178 1276 2313 1332 dum
2344 1281 2551 1335 modos
2584 1282 3012 1338 institutionem
3051 1283 3178 1352 ejus
3230 1284 3499 1340 ordinato
3548 1289 3677 1355 post
3712 1300 3816 1339 ma-

2171 1365 2269 1435 jus
2302 1367 2486 1423 altare
2520 1375 2724 1425 catena
2759 1371 2986 1426 firmato
3016 1370 3102 1426 3“.

2250 1456 2370 1525 (fol.
2388 1455 2495 1526 91’)
2522 1460 2869 1515 Ranibertus
2891 1460 3272 1516 Virdunensis
3293 1461 3599 1531 episcopus
3621 1461 3816 1515 Hiero-

2178 1543 2454 1615 solymam
2489 1548 2706 1603 vadens
2736 1548 2872 1604 villa
2906 1548 3243 1618 Bellagrada
3266 1550 3412 1605 obiit
3437 1566 3486 1606 a.
3514 1551 3669 1605 Dom.
3700 1550 3809 1604 ine.

2178 1637 2335 1704 1038,
2370 1635 2465 1703 (G.
2514 1636 2674 1691 Vird.
2712 1640 2801 1706 10)
2835 1637 3215 1707 pontificatus
3246 1639 3333 1694 sui
3366 1652 3415 1693 a.
3453 1639 3539 1706 14,
3571 1642 3629 1693 et
3658 1643 3817 1708 post-

2178 1722 2412 1779 modum
2445 1727 2708 1796 tempore
2739 1725 3009 1781 Richardi
3036 1727 3398 1785 successoris
3417 1727 3505 1783 sui
3530 1741 3560 1782 a
3582 1725 3817 1782 clericis

2176 1810 2430 1867 Bernero
2462 1817 2519 1867 et
2554 1814 2815 1869 Bernado
2849 1814 3091 1886 relatus,
3124 1816 3364 1872 Virduni
3408 1819 3498 1871 est
3548 1813 3816 1885 sepultus

2178 1901 2233 1955 in
2269 1903 2641 1957 monasterio.
2680 1905 2798 1958 Hoc
2830 1903 2898 1936 ³³⁵
2926 1905 3101 1959 etiam
3149 1920 3299 1961 anno
3346 1905 3491 1960 obiit
3526 1905 3817 1959 Amadeus

2174 1990 2354 2046 abbas
2386 1990 2835 2048 Flaviniacensis
2868 1997 2936 2049 14
2966 1993 3253 2049 Kalendas
3292 1992 3525 2063 Aprilis.

2249 2080 2412 2150 [1101).
2454 2081 2623 2137 GLAB.
2659 2097 2732 2151 ιν,
2764 2083 2842 2153 9.]
2876 2084 3039 2138 Α11110
3072 2084 3144 2138 ab
3187 2084 3297 2139 inc.
3333 2085 3492 2138 Dom.
3532 2085 3689 2152 1039,
3724 2083 3817 2138 die

2176 2166 2560 2225 Kalendarum
2590 2170 2749 2239 Julii,
2780 2175 2812 2225 0
2844 2171 3006 2243 feria,
3043 2170 3176 2227 luna
3226 2177 3313 2241 28,
3350 2171 3497 2227 facta
3542 2176 3634 2226 est
3666 2171 3819 2242 ecly-

2174 2256 2296 2326 psis
2328 2257 2489 2313 solis.
2525 2258 2617 2313 Sol
2650 2260 2802 2313 enim
2836 2260 3027 2316 factus
3055 2266 3147 2315 est
3181 2260 3459 2331 saphirini
3490 2259 3735 2330 coloris,
3760 2268 3815 2315 et

2174 2346 2373 2400 eadem
2406 2347 2499 2401 die
2531 2347 2708 2402 natali
2741 2349 3137 2418 apostolorum
3171 2351 3403 2420 quidam
3428 2351 3816 2406 Romanorum

2176 2432 2231 2487 in
2253 2434 2605 2490 Clementem
2632 2451 2834 2508 papam
2862 2437 3234 2507 insurgentes
3248 2443 3308 2494 et
3327 2439 3665 2494 interimere
3687 2454 3816 2495 eum

2175 2523 2459 2592 volentes,
2483 2542 2611 2582 cum
2641 2542 2755 2582 non
2790 2528 3141 2598 potuissent,
3186 2544 3214 2583 a
3246 2530 3384 2585 sedc
3418 2544 3549 2585 eum
3582 2529 3819 2600 depule-

2177 2618 2330 2669 runt.
2350 2614 2457 2669 Sed
2480 2616 2778 2671 Conradus
2794 2616 3110 2687 imperator
3126 2617 3262 2674 illuc
3287 2618 3543 2682 veniens,
3563 2619 3816 2689 propriae

2175 2718 2305 2759 eum
2338 2704 2462 2759 sedi
2498 2705 2778 2773 restituit,
2806 2709 2862 2761 et
2891 2706 3095 2761 eodem
3130 2721 3280 2763 anno
3313 2707 3466 2776 apud
3505 2708 3813 2762 Saxoniam

2174 2793 2341 2864 obiit,
2357 2798 2413 2848 et
2429 2793 2644 2849 tertius
2664 2794 2964 2851 lleinricus
2976 2795 3285 2850 successit.
3306 2796 3569 2852 Clemens
3582 2811 3815 2867 quoque

2177 2884 2540 2954 papa,primo
2558 2884 3565 2956 Bavebergensisepiscopus,dictus
3580 2885 3818 2941 Suiche-

2176 2972 2536 3041 rus,obiit,et
2552 2973 2846 3036 Robertus
2860 2975 3212 3029 Francorum
3230 2974 3666 3030 rexJ-Ieinricus
3680 2988 3820 3029 vero

2176 3068 2313 3132 post
2327 3065 2573 3116 mortem
2588 3062 2905 3127 Ramberti,
2917 3062 3102 3133 primo
3118 3063 3279 3132 regni
3297 3063 3384 3118 sui
3399 3062 3707 3131 anno,viro
3723 3064 3821 3118 Dei

2177 3150 2466 3206 Richardo
2497 3150 2855 3221 episcopium
2880 3151 3244 3207 Virdunense
3268 3153 3576 3221 concessit,
3604 3153 3711 3208 sed
3736 3153 3824 3207 vir

2178 3240 2524 3296 mitissimus
2559 3241 2665 3295 hoc
2700 3240 2913 3310 renuit,
2948 3246 3007 3296 et
3040 3240 3387 3298 Richardum
3440 3257 3605 3298 suum
3637 3242 3697 3297 in
3731 3244 3827 3298 ba-

2178 3329 2414 3385 tismate
2449 3328 2686 3384 filiolum
2722 3329 2981 3385 Hildradi
3015 3330 3247 3386 comitis
3270 3331 3449 3387 ﬁlium
3473 3331 3827 3388 intronizari

2180 3418 2335 3473 fecit.
2376 3417 2566 3487 [Cum
2602 3419 2743 3474 Rou.
2781 3434 2833 3488 v,
2866 3419 2940 3489 3.‘|
2976 3420 3054 3474 Eo
3090 3420 3143 3473 in
3191 3423 3476 3491 tempore,
3512 3420 3567 3474 in
3622 3435 3827 3476 mense

2177 3506 2526 3563 Novembrio
2560 3506 2693 3564 luna
2721 3511 2789 3564 28
2824 3508 2971 3563 facta
3002 3513 3091 3564 est
3122 3508 3373 3580 eclypsis
3405 3508 3566 3571 solis.
3603 3514 3661 3564 et
3697 3510 3823 3565 visa

2177 3601 2268 3651 est
2300 3594 2468 3652 stella
2503 3611 2630 3665 quae
2661 3597 2889 3652 Lucifer
2937 3597 3178 3665 dicitur,
3212 3612 3452 3669 vespere
3498 3612 3732 3654 sursum
3763 3602 3817 3654 et

2177 3685 2448 3741 deorsum
2494 3686 2725 3755 agitari,
2779 3687 2944 3756 quasi
3011 3686 3415 3743 comminando
3466 3687 3813 3756 terrigenas.

2178 3771 2254 3843 (v,
2289 3774 2366 3844 5.)
2399 3774 2552 3828 Tunc
2584 3774 2757 3829 etiam
2792 3773 2847 3828 in
2891 3775 3146 3831 Romana
3196 3776 3335 3831 sede
3386 3775 3616 3846 quidam
3670 3788 3817 3846 puer

2176 3877 2454 3918 annorum
2488 3868 2556 3918 12
2586 3866 2849 3919 statutus
2882 3869 3010 3920 erat
3042 3865 3399 3935 Symoniace,
3435 3864 3601 3935 cujus
3628 3865 3816 3935 turpi-

2174 3953 2319 4007 tudo
2349 3953 2813 4009 conversationis
2845 3956 2902 4008 et
2933 3953 3069 4009 vitae
3104 3954 3329 4010 horrori
3352 3958 3442 4010 est
3468 3955 3706 4012 referre.
3732 3956 3811 4027 (ν,

2178 4044 2253 4111 4.)
2278 4040 2409 4097 Fuit
2428 4056 2658 4111 quoque
2678 4040 2733 4096 in
2759 4040 2875 4097 illis
2897 4041 3104 4098 diebus
3126 4044 3520 4114 suprataxatis
3537 4045 3692 4101 circa
3717 4061 3816 4101 an-

2176 4143 2311 4185 num
2341 4127 2709 4184 millesimum
2742 4129 3052 4185 Dominicae
3087 4129 3502 4187 incarnationis
3522 4132 3815 4190 dissensio

2179 4217 2423 4272 maxima
2457 4222 2585 4287 post
2620 4222 2867 4272 mortem
2910 4218 3229 4274 Burchardi
3279 4219 3677 4290 Lugdunensis
3725 4237 3819 4278 ar-

2178 4306 2557 4377 chiepis00pi,
2582 4306 2678 4376 qui
2710 4306 2817 4362 hoc
2849 4306 3034 4363 solum
3071 4308 3209 4364 fecit
3235 4308 3431 4365 nobile
3463 4310 3615 4380 quod
3641 4312 3819 4382 periit

2178 4410 2285 4468 pro
2323 4396 2665 4466 episcopatu
2715 4396 2860 4467 ipso,
2899 4412 3067 4467 quem
3100 4397 3266 4454 multi
3301 4400 3551 4470 superbe
3582 4407 3820 4472 appete-

2181 4487 2339 4542 bant.
2361 4486 2429 4539 Et
2456 4485 2677 4555 primus
2700 4485 2952 4541 omnium
2987 4486 3251 4557 praedicti
3283 4488 3598 4544 Burchardi
3630 4504 3816 4561 nepos

427 4573 683 4645 partitus
726 4578 836 4645 est,
860 4579 917 4629 et
951 4574 1005 4628 in
1027 4574 1324 4630 redeundo
1346 4575 1496 4644 apud
1521 4574 1749 4630 Niceam
1773 4575 1937 4629 obiit.
1964 4576 2065 4632 Cui
2096 4572 2151 4634 D
2181 4573 2553 4630 Burchardus
2589 4576 2962 4642 Augustanus
2993 4576 3326 4648 episcopus,
3354 4576 3553 4633 relicta
3580 4587 3817 4650 propria

426 4664 714 4719 successit
747 4662 1074 4719 Willelmus
1105 4664 1158 4718 in
1212 4668 1385 4719 mtate
1434 4663 1659 4734 puerili.
1697 4664 1887 4734 [Cum
1920 4665 2060 4721 Bon.

429 4765 505 4821 IV,
539 4752 617 4822 6.]
652 4753 733 4806 Eo
764 4766 914 4807 anno
950 4754 1241 4808 Johannes
1290 4760 1435 4824 papa
1488 4753 1654 4822 obiit,
1689 4758 1748 4807 et
1781 4755 2065 4809 successit

426 4838 798 4908 Benedictus,
830 4839 1128 4895 Benedicti
1159 4844 1217 4895 et
1246 4842 1484 4896 Joannis
1513 4857 1708 4912 nepos.
1743 4841 2067 4898 Willelmus

427 4926 631 4984 fraude
662 4942 900 4984 suorum
936 4928 1277 4984 Normannia
1314 4930 1531 5001 pulsus,
1568 4932 1884 4987 Robertum
1919 4932 2066 5002 (108)

425 5014 778 5071 Francorum
811 5015 1095 5086 expetivit
1124 5030 1339 5086 regem,
1367 5018 1459 5087 qui
1498 5018 1651 5075 bello
1682 5024 1742 5075 et
1774 5034 1943 5074 manu
1973 5032 2070 5074 va-

395 5113 401 5119 ·
426 5100 546 5157 lida
580 5116 952 5173 congressus,
978 5104 1153 5160 victis
1175 5110 1231 5160 et
1264 5110 1581 5177 prostratis
1600 5111 1967 5177 Normannis,
1997 5111 2068 5166 de

430 5191 1057 5262 traditoribusjudicio
1082 5193 1217 5250 dato
1239 5196 1577 5253 comitatum
1601 5199 1652 5253 ei
1671 5200 1948 5255 restituit.
1969 5200 2066 5273 (1v,

431 5278 508 5349 8.)
540 5278 645 5345 Qui
682 5286 886 5353 postea
920 5282 1273 5354 Mathildem,
1298 5285 1560 5344 Balduini
1584 5287 1955 5361 Flandrcnsis
1979 5306 2071 5346 so-

2182 4662 2338 4732 sede,
2356 4662 2683 4733 procaciter
2706 4663 3148 4732 Lugdunensem
3171 4665 3439 4735 arripuit,
3455 4670 3515 4721 et
3529 4664 3820 4737 postmul-

2180 4757 2271 4808 tas
2306 4756 2674 4823 perpetratas
2705 4752 2998 4823 nequitias
3030 4759 3238 4824 captus
3266 4768 3294 4809 a
3327 4753 3610 4811 militibus
3640 4754 3817 4827 impe-

2179 4841 2412 4909 ratoris,
2432 4846 2718 4912 perpetuo
2738 4845 2829 4897 est
2845 4843 3307 4913 condempnatus
3319 4843 3514 4899 exilio.
3532 4844 3669 4900 Post
3684 4858 3815 4901 eum

2180 4931 2461 4987 Geialdus
2488 4945 2684 4987 comes
2715 4930 2895 4987 filium
2927 4947 3093 4991 suum
3127 4932 3433 5004 puerulum
3474 4939 3817 5003 arroganter

2180 5021 2257 5077 ibi
2292 5020 2413 5076 sola
2450 5022 2904 5093 praesumptione
2936 5027 3179 5078 auctore
3205 5023 3532 5093 constituit,
3553 5028 3611 5078 et
3644 5022 3738 5081 hic
3763 5023 3819 5079 in

2179 5111 2371 5179 fugam
2402 5124 2607 5167 versus
2639 5109 2873 5166 delituit
2906 5111 3010 5182 (111,
3045 5112 3124 5182 9.)
3157 5112 3415 5181 Regebat
3448 5125 3516 5167 eo
3557 5116 3821 5184 tempore

2179 5214 2422 5268 regnum
2476 5200 2825 5254 Francorum
2878 5200 3202 5271 Heinricus,
3247 5201 3486 5256 Roberti
3547 5200 3704 5271 regis
3752 5215 3824 5257 ex

2181 5288 2523 5346 Constantia
2556 5287 2731 5345 filius.
2768 5289 2906 5346 Nam
2948 5290 3130 5361 Hugo,
3162 5289 3262 5361 qui
3306 5289 3495 5348 adhuc
3544 5289 3823 5348 decennis

1779 5389 2016 5447 VARUE
2058 5391 2458 5452 LECTIONES.

502 5460 570 5496 21³

598 5462 1000 5536 denegabatur
1030 5482 1077 5527 ο.
1108 5469 1176 5503 '1‘
1203 5473 1399 5544 major
1416 5475 1666 5546 paginae
1694 5474 1799 5547 90’,
1819 5491 1974 5551 pars
2003 5482 2065 5538 et
2094 5484 2220 5543 tota
2251 5487 2312 5540 91
2348 5480 2544 5540 vacat.
2578 5476 2649 5510 ²¹⁸
2681 5476 2898 5537 addita
2915 5479 3072 5552 post.

2017 5578 2240 5641 NOTAE.

505 5646 653 5722 (107)
676 5648 974 5711 Rumbech
1001 5660 1243 5717 auctore
1272 5658 1419 5719 Vitae
1445 5661 1719 5722 Richardi
1747 5679 1874 5740 cap.
1910 5669 1995 5726 14.

2255 5669 2405 5745 (108)
2435 5668 2743 5730 Heinricus
2770 5668 2813 5729 Ι.
2849 5681 2900 5728 a.
2934 5668 3065 5727 1031
3100 5697 3161 5710 -ν
3199 5666 3338 5729 1000
3363 5667 3659 5741 regnavit.
