3922 6410
143 369 256 440 261

1427 362 1928 442 ΟΗΒΟΝΙΟΟΝ.
1962 347 2039 427 -ᾲ
2068 377 2221 444 LIB.
2269 375 2344 445 ιι.

3439 381 3558 453 262

141 517 472 571 coronatus
501 517 615 584 est,
638 511 926 571 inmatura
960 519 1146 572 morte
1176 519 1508 587 praeventus
1539 517 1646 570 est.
1667 513 1797 568 Ter-
1825 514 1879 572 A
1909 527 2262 582 guonensem
2295 515 2767 576 archidiaconum
2795 513 3080 591 Speciosis
3101 528 3368 581 ornatum
3393 521 3557 583 indu-

141 601 303 660 cium
334 603 655 659 Robertum
688 617 816 660 cum
849 603 1138 660 voluisset
1160 608 1344 659 mater
1373 603 1557 659 facere
1577 617 1793 671 regem,

145 705 256 748 nec
289 691 601 763 potuisset,
634 691 837 748 ducem
871 692 1179 748 constituit
1219 691 1581 760 Burgundize.
1610 692 1684 760 (ι’,
1716 695 1795 758 2.)

142 780 276 837 Fuit
299 794 531 851 quoque
555 780 842 839 dissensio
870 796 1069 850 magna
1096 781 1247 835 inter
1269 781 1453 851 ipsum
1469 780 1794 836 Heinricum

142 874 204 924 et
243 867 396 925 filios
430 868 649 924 Odonis
681 869 778 940 qui
811 870 964 941 apud
1001 870 1205 924 Barum
1261 869 1425 938 obiit,
1459 867 1796 923 Tetbaldum

141 961 204 1012 et
241 957 630 1029 Stephanum:
667 957 812 1012 adeo
850 961 908 1014 ut
942 957 1092 1013 idem
1127 973 1249 1027 rex,
1273 957 1468 1012 ablato
1491 959 1562 1012 ab
1585 957 1670 1012 eis
1703 957 1794 1012 do-

143 1047 327 1104 minio
357 1047 654 1104 Turinicze
689 1033 871 1117 urbis,
895 1047 1075 1103 .daret
1108 1046 1250 1102 illud
1281 1047 1556 1102 Gotl‘redo
1583 1046 1796 1115 Tuditi,

144 1133 270 1190 ﬁlio
303 1132 588 1205 Fulconis,
623 1135 720 1206 qui
753 1149 878 1190 eam
909 1141 1038 1192 toto
1071 1150 1220 1191 anno
1250 1135 1480 1189 obsedit
1515 1154 1526 1188 :
1562 1140 1621 1188 et
1655 1134 1758 1188 init
1787 1155 1798 1186 l

144 1222 307 1280 bello
327 1224 659 1294 Stephanus
690 1224 927 1292 fugatus
945 1229 1057 1294 est,
1083 1224 1418 1278 Tetbaudus
1439 1227 1646 1293 captus
1669 1238 1796 1278 eum

144 1311 274 1368 suis
290 1316 424 1368 ante
441 1312 741 1368 civitatem
759 1312 1066 1382 deductus,
1086 1310 1338 1367 reddidit
1357 1325 1481 1365 cam
1497 1311 1795 1380 Gotfredo,

141 1405 200 1456 et
229 1401 288 1455 in
309 1401 582 1472 captione
605 1401 905 1456 remansit.
933 1400 1084 1456 Mille
1105 1399 1459 1470 septingenti
1503 1402 1559 1455 et
1599 1414 1668 1455 eo
1686 1415 1801 1454 am-

145 1488 306 1560 plius
327 1489 437 1546 viri
461 1490 686 1559 absque
713 1488 1012 1558 sanguinis
1031 1488 1312 1544 effusione
1331 1489 1382 1542 in
1403 1487 1618 1558 prmdio
1641 1487 1798 1558 capti

142 1583 302 1634 sunt.
341 1577 416 1648 (ν,
451 1580 528 1650 4.)
561 1581 638 1634 Ea
693 1581 1043 1648 tempestate
1094 1579 1318 1646 Ungros
1371 1575 1480 1631 sibi
1534 1576 1799 1632 secundo

145 1664 408 1722 rebelles
438 1680 566 1722 cum
599 1666 838 1721 vicisset
874 1666 1212 1736 imperator,
1247 1681 1317 1720 ex
1350 1664 1503 1719 omni
1559 1664 1800 1736 imperio

141 1769 254 1810 suo
283 1754 596 1826 episcopos
617 1754 963 1825 congregari
985 1753 1142 1824 fecit,
1167 1758 1223 1809 et
1246 1758 1446 1808 contra
1473 1752 1797 1822 Symoniam

1911 604 2123 660 mentis
2153 605 2223 660 ad
2260 606 2697 676 Lugdunensem
2731 609 3046 666 destinavit
3077 611 3292 682 sedem,
3315 618 3372 669 et
3404 615 3554 672 facta

1909 697 1996 747 est
2029 693 2344 762 provinciae
2367 695 2533 768 quies
2552 702 2610 750 et
2633 697 2904 766 gaudium
2929 699 3165 770 populo.
3193 701 3266 771 (v,
3293 703 3370 774 1.)
3396 706 3558 760 Anno

1911 779 2038 850 ipso
2069 787 2229 837 treva
2263 783 2359 838 Dei
2395 784 2638 854 primum
2663 789 2881 842 statuta
2902 791 3065 843 estet
3093 788 3338 860 firmata,
3364 795 3421 848 et
3447 808 3558 863 pax

1911 868 2036 938 ipsa
2071 874 2232 926 treva
2264 872 2361 927 Dei
2397 873 2710 944 appellata.
2745 875 2882 941 Quae
2930 890 3040 931 non
3072 877 3259 934 solum
3294 879 3560 939 humanis

1913 958 2222 1027 praesidiis,
2251 960 2352 1015 sed
2375 965 2434 1016 et
2467 962 2679 1018 divinis
2707 964 3044 1020 confirmata
3079 970 3172 1022 est
3200 969 3552 1027 terroribus.

1911 1045 2090 1111 Quam
2123 1063 2253 1103 cum
2287 1049 2572 1106 noluisset
2607 1052 2866 1123 recipere
2903 1068 3048 1122 gens
3087 1056 3399 1126 Neustrize,
3431 1058 3558 1114 viro

1913 1135 2009 1188 Dei
2047 1136 2334 1193 llichardo
2368 1139 2740 1209 prmdicante,
2776 1145 2834 1196 et
2876 1146 2936 1197 ut
2987 1157 3111 1198 eam
3164 1145 3553 1217 susciperent,

1913 1223 2044 1292 quia
2077 1224 2348 1282 voluntas
2377 1228 2601 1284 Domini
2635 1235 2780 1299 erat,
2813 1229 2927 1302 (fol.
2949 1232 3040 1302 92)
3063 1238 3122 1288 et
3145 1247 3175 1288 a
3201 1235 3315 1289 Deo
3348 1250 3461 1291 non
3484 1235 3556 1293 ab

1911 1312 2142 1368 homine
2176 1315 2476 1371 decretum
2511 1318 2616 1373 hoc
2647 1325 3034 1389 processerat,
3061 1327 3450 1394 ammonente,
3479 1323 3553 1395 (v,

1913 1403 1990 1471 1.)
2024 1401 2220 1458 divino
2245 1403 2467 1473 judicio
2496 1406 2649 1477 cepit
2676 1403 2730 1462 in
2753 1422 2856 1462 eos
2877 1408 3141 1465 desevire
3168 1410 3318 1480 ignis
3338 1411 3436 1482 qui
3459 1427 3559 1469 eos

1915 1491 2260 1560 torquebat;
2285 1507 2354 1548 eo
2387 1507 2535 1549 anno
2571 1496 2689 1550 fere
2722 1501 2884 1552 totus
2915 1497 3076 1554 orbis
3106 1513 3406 1570 penuriam
3431 1516 3560 1573 pas-

1913 1592 2014 1634 sus
2043 1583 2133 1634 est
2168 1595 2274 1651 pro
2307 1582 2551 1638 raritate
2598 1583 2714 1640 vini
2761 1590 2817 1640 et
2871 1587 3070 1643 tritici.
3107 1588 3362 1659 Sequuta
3407 1593 3494 1646 est
3527 1606 3559 1646 e

1913 1669 2160 1738 vestigio
2193 1671 2518 1728 mortalitas
2550 1673 2844 1730 hominum
2876 1677 3246 1746 praamaxima
3270 1693 3320 1732 a.
3349 1679 3420 1734 ab
3441 1679 3554 1736 inc.

1909 1756 2070 1812 Dom.
2105 1762 2256 1814 1042.
2284 1760 2442 1816 Multi
2467 1765 2660 1818 autem
2681 1778 2880 1820 eorum
2906 1765 3001 1836 qui
3027 1768 3456 1837 torquebantur
3487 1770 3558 1825 ab

142 1858 328 1914 agens
353 1843 429 1898 ita
456 1858 628 1900 orsus
651 1848 739 1899 est
764 1843 911 1915 (v,5)
934 1845 1162 1914 Lugens
1180 1841 1586 1912 cobisincipio
1609 1841 1794 1912 logui,
1826 1863 1882 1925 Β
1914 1843 2063 1914 igne,
2097 1847 2398 1905 venientes
2438 1849 2509 1905 ad
2555 1851 2740 1906 virum
2772 1853 2892 1923 Dei,
2927 1855 3153 1910 meritis
3185 1855 3312 1925 ejus
3339 1860 3396 1912 et
3431 1871 3560 1930 pre-

141 1933 257 2005 gui
275 1932 405 1990 vice
427 1932 658 1990 Christi
698 1933 766 1989 in
795 1931 926 2002 eius
970 1932 1236 1988 (ecclesia
1277 1930 1587 1988 constituti
1630 1931 1793 2000 estis,

140 2019 462 2093 guamsibi
473 2019 1026 2092 desponsacitetsuo
1037 2020 1333 2092 sanguine
1343 2019 1803 2076 redemitSicut

143 2109 308 2166 enim
325 2109 606 2180 gratuita
627 2107 886 2166 bonitate
905 2109 977 2165 de
995 2109 1136 2165 sinu
1157 2107 1365 2164 Patris
1375 2122 1486 2179 per
1503 2107 1797 2178 virginem

143 2197 228 2254 ad
246 2210 354 2253 nos
371 2196 743 2254 redimendos
762 2199 964 2252 venire
983 2196 1272 2268 dignatus
1289 2197 1394 2267 est,
1413 2196 1501 2253 ita
1512 2197 1643 2253 suis
1649 2209 1796 2266 pree-

143 2285 305 2358 cepit
323 2285 574 2354 etdia'it,
599 2285 840 2342 mittens
862 2298 955 2342 eos
975 2303 994 2340 :
1018 2285 1228 2345 Gratis
1249 2284 1794 2355 accepistis,gratis

144 2373 306 2430 date.
346 2375 452 2431 Vos
481 2375 680 2432 autem
706 2373 986 2430 acaricia
1036 2373 1096 2429 et
1137 2373 1469 2445 cupiditate
1505 2373 1790 2444 corrupti,

141 2463 256 2534 qui
269 2462 725 2522 benedictionem
736 2463 1007 2536 conferre
1017 2462 1325 2532 debetis,i;2
1345 2464 1373 2517 ,ἲ
1385 2477 1456 2520 ac
1466 2463 1796 2534 transgres-

139 2554 316 2610 sione
343 2553 541 2610 dando
568 2553 628 2608 et
651 2551 990 2624 accipiendo
1025 2551 1333 2608 maledicti
1369 2551 1530 2609 estis.
1561 2553 1714 2609 Nam
1742 2551 1802 2608 et

137 2643 318 2714 pater
334 2655 518 2712 meus,
535 2641 605 2697 de
622 2643 797 2712 cujus
808 2641 1298 2712 animlepericulo
1309 2640 1798 2711 caldepertimes-

141 2745 226 2801 co,
245 2730 498 2787 eandem
519 2729 959 2802 dampnabilem
977 2729 1305 2788 avaritiam
1325 2729 1392 2786 in
1420 2731 1548 2786 vita
1577 2745 1690 2788 sua
1710 2729 1800 2787 ni-

139 2822 263 2878 mis
273 2819 562 2877 exercuit.
580 2819 812 2876 Idcirco
827 2820 1186 2890 quicumque
1194 2819 1455 2876 oestrum
1469 2817 1582 2875 hac
1597 2833 1659 2875 se
1677 2832 1802 2876 ma-

143 2907 602 2982 culapollutwm
623 2908 914 2980 agnoscit,
929 2907 1454 2980 oportetutasacro
1465 2909 1802 2966 ministerio

145 2998 450 3057 arceatur.
477 2997 726 3069 Propter
754 2996 910 3053 lianc
936 2998 1092 3054 enim
1121 2996 1410 3069 ofensam
1436 2998 1605 3054 venit
1627 3012 1804 3068 super

149 3087 314 3152 filios
327 3086 632 3144 hominum
629 3086 858 3158 fames,
873 3087 1237 3153 mortalitas,
1255 3087 1314 3144 et
1314 3103 1354 3158 g
1365 3087 1584 3144 [adi-us.
1597 3089 1804 3144 Omnes

1910 1933 2078 1992 cibus
2093 1937 2452 1994 curabantur
2472 1940 2693 1996 medica
2706 1941 2927 1998 virtute
2939 1943 3058 1998 Dei.
3079 1943 3355 2015 Superest
3370 1945 3558 2002 adhuc

1911 2023 2159 2081 domnus
2191 2026 2480 2084 Eduensis
2503 2028 2816 2101 episcOpus
2841 2031 3005 2103 (109),
3030 2031 3118 2087 vir
3147 2033 3281 2089 vitm
3307 2033 3559 2104 longevi-

1908 2117 2030 2168 tate
2059 2115 2408 2186 grandevus,
2433 2117 2527 2188 qui
2560 2123 2620 2173 et
2649 2119 2870 2174 referre
2896 2119 3110 2177 solitus
3130 2126 3240 2191 est,
3270 2123 3402 2194 quia
3427 2139 3558 2181 cum

1905 2215 1933 2255 a
1967 2207 2171 2258 sancto
2205 2203 2449 2261 0dilone
2470 2210 2529 2260 ct
2562 2207 2778 2264 ceteris
2811 2207 2932 2278 ipsa
2965 2225 3074 2280 pax
3098 2209 3316 2266 divinis
3340 2211 3560 2270 revela-

1907 2289 2164 2348 tionibus
2187 2293 2479 2366 instituta,
2509 2300 2674 2350 treva
2697 2297 2796 2351 Dei
2821 2297 3133 2369 appellata,
3150 2304 3212 2354 et
3233 2299 3304 2356 ab
3328 2303 3563 2365 Austra.

1905 2379 2010 2435 siis
2041 2387 2318 2453 suscepta
2354 2383 2580 2454 fuisset,
2613 2389 2669 2439 et
2702 2385 2977 2442 voluntas
3026 2389 3282 2444 omnium
3334 2389 3390 2445 in
3446 2390 3560 2447 hoc

1905 2472 2058 2524 esset
2093 2485 2203 2526 una
2239 2476 2299 2527 ut
2335 2471 2547 2543 ubique
2578 2479 2937 2545 servaretur,
2965 2477 3264 2546 negocium
3283 2479 3391 2534 hoc
3414 2483 3563 2537 stre-

1907 2557 2326 2646 nuitatihujus
2353 2561 2760 2646 patrisnostri
2788 2564 3020 2646 gratia},
3042 2565 3136 2621 Dei
3184 2567 3257 2646 ab
3289 2568 3562 2626 omnibus

1910 2639 2246 2708 impositum
2279 2644 2388 2712 est,
2422 2645 2486 2696 ut
2515 2641 2640 2710 ejus
2669 2641 2867 2698 studio
2897 2648 2957 2699 et
3008 2643 3296 2702 industria
3330 2661 3442 2718 pax
3469 2662 3564 2704 ea-

1911 2723 2040 2780 dem
2078 2726 2131 2780 in
2158 2727 2425 2784 Neustria
2452 2734 2811 2801 servaretur,
2833 2747 2901 2787 eo
2922 2733 3073 2803 quod
3095 2734 3242 2789 certi
3261 2741 3464 2792 essent
3487 2735 3560 2793 de

1910 2827 2000 2884 eo,
2038 2815 2191 2885 quod
2230 2820 2387 2872 tanta
2419 2821 2578 2872 esset
2632 2818 2756 2888 ejus
2803 2835 2941 2890 erga
2988 2837 3188 2878 omnes
3218 2829 3279 2879 et
3307 2825 3561 2882 omnium

1911 2918 2048 2972 erga
2082 2919 2212 2960 eum
2245 2906 2454 2976 gratia,
2490 2911 2548 2963 ut
2587 2907 2870 2979 quidquid
2904 2911 3253 2968 servandum
3295 2912 3559 2986 doceret,

1914 2998 2252 3050 servaretur
2281 3009 2310 3050 a
2344 2997 2596 3067 cunctis,
2632 2997 2914 3068 quidquid
2948 2999 3244 3056 vitandum
3277 3007 3567 3060 monstra-

1915 3087 2026 3152 ret,
2053 3083 2108 3139 id
2133 3083 2325 3140 cuneti
2353 3085 2623 3142 vitarent.
2643 3086 3026 3152 Quamobrem
3047 3089 3257 3160 sategit
3282 3096 3450 3163 pater
3471 3108 3567 3150 ve-

147 3175 1605 3250 enimgraduseecclesiasticiamaximopontiﬂce
1619 3189 1806 3248 usgue
1836 3203 1884 3266 α
1915 3171 2215 3242 nerabilis,
2250 3176 2310 3228 ut
2343 3176 2568 3230 tantum
2613 3175 2822 3232 bonum
2854 3180 3162 3246 gratanter
3191 3180 3262 3235 ab
3295 3181 3566 3238 omnibus

148 3265 232 3323 ad
249 3265 575 3322 ostiarium
597 3265 1016 3336 opprimuntur
1015 3279 1130 3336 per
1140 3265 1350 3322 vestrae
1360 3265 1806 3336 dampnationis

143 3353 483 3426 praemium,
499 3354 633 3410 etin
644 3354 880 3412 cunctos
901 3353 1225 3426 spirituale
1231 3355 1554 3425 grassatur
1568 3353 1808 3412 latroci-

149 3443 340 3500 nium.
370 3441 454 3497 Ad
489 3441 636 3498 hanc
662 3457 863 3498 vocem
889 3442 1261 3514 imperatoris
1281 3443 1594 3515 stupefacti
1621 3443 1810 3514 ponti-

152 3531 316 3603 fices,
354 3530 778 3588 misericordiae
818 3546 1054 3602 operam
1104 3532 1512 3603 implorabant.
1551 3535 1621 3588 At
1656 3533 1809 3604 prin-

151 3635 294 3692 ceps
323 3619 726 3676 misericordia
760 3626 971 3691 motus,
1003 3625 1059 3677 et
1094 3636 1198 3693 pro
1246 3621 1430 3676 anima
1485 3621 1669 3693 patris
1719 3621 1806 3678 sui

151 3722 326 3764 orare
349 3723 455 3764 eos
479 3723 739 3780 monens,
759 3709 1066 3780 proposuit
1090 3709 1369 3779 edictum,
1388 3713 1448 3765 ut
1466 3708 1661 3766 nullus
1682 3725 1812 3779 gra-

154 3797 264 3854 dus
284 3795 382 3854 vel
407 3796 794 3853 ministerium
819 3797 1302 3854 zecclesiasticum
1327 3798 1523 3870 precio
1545 3798 1812 3869 adquire-

156 3889 356 3952 retur;
381 3888 442 3940 et
465 3884 510 3942 si
536 3884 668 3956 quis
693 3888 1092 3956 attemptaret,
1120 3886 1274 3942 omni
1298 3885 1519 3941 honore
1542 3885 1813 3942 multare-

156 3978 272 4030 tur.
306 3974 506 4044 Sicut,
541 3974 829 4044 inquiens,
861 3976 1022 4032 Deus
1050 3989 1327 4033 coronam
1355 3976 1591 4046 imperii
1612 3976 1814 4046 gratis

155 4063 305 4123 mihi
327 4063 514 4133 dedit,
531 4063 622 4120 ita
645 4077 748 4134 ego
769 4064 930 4135 quod
947 4065 1030 4121 ad
1045 4064 1815 4135 religionempertinetgra-

159 4153 237 4211 tis
249 4151 548 4225 impendo.
579 4151 711 4207 Volo
723 4152 864 4208 utet
879 4166 980 4208 vos
999 4153 1286 4210 similiter
1291 4152 1577 4224 faciatis.
1600 4153 1817 4208 Pueru-

161 4239 252 4300 lus
268 4241 472 4312 itaque
489 4239 585 4310 qui
600 4241 870 4296 Romanae
886 4240 1198 4296 incubabat
1213 4239 1502 4310 ecclesiae,
1519 4243 1817 4312 praecepto

162 4329 541 4402 imperatoris
571 4344 600 4384 a
635 4329 775 4384 sede
809 4327 1076 4397 dejectus
1125 4331 1234 4399 est,
1269 4333 1330 4384 et
1375 4329 1692 4399 Gregorius
1723 4329 1814 4399 Vl,

165 4418 400 4475 natione
431 4419 723 4474 Romanus
754 4417 1118 4474 substitutus
1149 4422 1261 4473 est.
1289 4417 1466 4487 Cujus
1495 4417 1640 4474 bona
1668 4418 1814 4474 fama

1917 3261 2320 3332 susciperetur
2355 3263 2454 3318 sed
2488 3279 2760 3334 perversa
2797 3267 3175 3336 quorumdam
3199 3268 3486 3342 voluntas,
3507 3276 3568 3327 et

1917 3365 2081 3406 mens
2114 3349 2411 3410 indomita.
2435 3352 2596 3422 quasi
2630 3353 2954 3410 inauditum
2985 3355 3094 3410 hoc
3129 3357 3375 3429 respuit,
3399 3359 3564 3428 quasi

1919 3438 2017 3509 qui
2046 3438 2266 3496 nollent
2295 3440 2564 3496 instituta
2599 3446 2838 3512 paterna
2870 3443 3090 3500 violare
3119 3448 3176 3500 et
3209 3461 3355 3502 nova
3389 3450 3566 3518 atque

1920 3527 2180 3584 inaudita
2214 3529 2534 3600 suscipere.
2573 3529 2734 3586 Unde
2765 3535 2822 3587 et
2854 3533 3216 3603 subsequuta
3249 3538 3340 3591 est
3372 3534 3566 3592 divina

1921 3616 2086 3687 ultio,
2114 3617 2264 3686 ignis
2293 3617 2519 3675 scilicet
2551 3618 2605 3672 in
2639 3619 2890 3675 rebelles
2918 3623 2978 3676 et
3011 3626 3386 3680 contumaces
3408 3623 3570 3680 dese-

1923 3705 2087 3762 viens
2121 3719 2151 3761 a
2183 3705 2440 3776 Domino,
2478 3722 2591 3777 quo
2619 3709 3052 3778 torquebantur
3083 3710 3181 3780 qui
3214 3711 3338 3767 viro
3361 3712 3460 3768 Dei
3483 3727 3573 3769 rc-

1922 3794 2135 3850 sistere
2149 3798 2209 3850 et
2225 3795 2492 3852 mandata
2516 3796 2643 3865 ejus
2665 3801 3037 3853 contemnere
3064 3814 3172 3854 non
3195 3800 3566 3858 verebantur.

1923 3883 2166 3940 Videres
2202 3885 2613 3940 monasterium
2645 3885 2840 3941 eximii
2874 3887 3061 3958 patris
3093 3888 3421 3946 ardentium
3455 3895 3574 3947 tur-

1926 3973 2017 4028 bis
2049 3974 2352 4043 rel‘ertum,
2384 3988 2531 4043 quos
2565 3973 2687 4044 ipsc
2735 3982 3069 4032 sanctorum
3117 3976 3382 4048 reliquiis
3423 3992 3572 4049 aqua

1925 4061 2232 4117 benedicta
2268 4061 2552 4132 respersis
2581 4066 2640 4118 et
2671 4063 2804 4119 vino
2836 4064 2996 4135 lotis,
3017 4069 3077 4120 et
3109 4065 3349 4137 pulvere
3373 4065 3470 4138 qui
3500 4067 3572 4123 de

1927 4154 2090 4222 petra
2125 4148 2418 4220 sepulchri
2454 4149 2677 4205 Domini
2730 4151 3050 4209 radebatur
3101 4153 3234 4210 vino
3283 4155 3410 4226 ipso
3441 4171 3576 4212 con-

1927 4251 2148 4310 sperso,
2184 4241 2240 4292 et
2275 4237 2346 4292 ad
2377 4238 2693 4308 potandum
2727 4238 2957 4295 miseris
2987 4240 3143 4311 dato,
3172 4257 3311 4314 pace
3344 4243 3571 4300 ﬁrmata

1911 4323 1984 4382 'et
2004 4325 2220 4395 jurata,
2250 4325 2509 4396 pristinae
2532 4326 2767 4381 sanitati
2793 4327 3094 4385 reddebat.
3121 4332 3232 4386 Pro
3252 4331 3578 4389 innumeris

1930 4409 2122 4472 autem
2147 4415 2338 4472 turbis
2359 4413 2771 4470 conﬂuentium
2796 4415 3155 4474 inﬁrmorum
3179 4433 3281 4476 vas
3304 4421 3466 4492 potui
3493 4419 3577 4476 illi

167 4506 450 4579 quidquid
486 4506 644 4578 prior
678 4507 974 4562 fedaverat
1009 4507 1064 4562 in
1106 4506 1311 4564 melius
1344 4506 1704 4563 reformavit.
1739 4507 1815 4577 (ν,
1846 4555 1900 4618 D
1929 4509 2199 4576 paratum
2222 4507 2369 4575 erat,
2396 4508 2459 4560 ut
2487 4503 2534 4560 si
2558 4502 2899 4560 advenirent
2931 4505 3138 4577 egroti,
3167 4512 3339 4578 potus
3370 4509 3582 4566 salutis

173 4597 191 4618 ι
226 4597 241 4618 \
275 4596 374 4618 112..
413 4600 671 4618 -,....,.ι.......
726 4594 1022 4618 Λ.121Α..Α---
1077 4595 1391 4618 εηηιιι.-Α-,.
1445 4595 1812 4618 ῐ..,-,.1.-..Α..,.2
1932 4607 2041 4618 οιΑ-η
2079 4591 2304 4618 Ᾱηηηηηο
2369 4607 2435 4618 ..Α
2488 4591 2828 4618 ΡΛΙΙΛ-Λνιιιι..
2876 4592 2922 4618 Αζ
2972 4593 3105 4618 LA..-
3164 4594 3575 4618 2,.,.Α.....-ι-..ι2

167 4597 244 4667 4.)
275 4596 376 4652 Hic
411 4600 675 4652 sanctum
725 4594 1026 4651 Odilonem
1077 4595 1394 4652 instituens
1445 4595 1814 4664 Lugdunensi

169 4683 451 4740 :ecclesiaa
479 4683 738 4740 ordinari
779 4683 1135 4755 pontiﬁcem,
1167 4683 1322 4740 misit
1368 4685 1418 4739 ei
1472 4683 1709 4755 pallium
1760 4689 1822 4739 et

170 4770 425 4828 anulum.
462 4772 571 4828 Sed
605 4773 694 4827 vir
725 4771 1040 4842 religiosus
1083 4772 1400 4828 humilitati
1435 4771 1682 4828 studens
1713 4771 1821 4827 hoc

172 4861 386 4932 renuit,
423 4859 660 4932 pallium
691 4865 884 4917 tamen
917 4863 974 4916 et
1007 4860 1242 4917 anulum
1278 4861 1542 4931 retinuit,
1580 4875 1822 4917 servans

173 4947 314 5006 illud
350 4950 610 5023 pontiﬁci
641 4951 740 5022 qui
773 4951 984 5022 dignus
1013 4954 1171 5008 esset
1201 4969 1215 5018 ;
1251 4951 1403 5022 quod
1438 4965 1620 5021 usque
1651 4950 1823 5006 hodie

176 5036 432 5096 Cluniaci
476 5039 745 5097 habetur.
798 5039 1106 5097 Heinricus
1152 5055 1315 5111 vero,
1353 5042 1592 5111 recepto
1642 5054 1824 5110 regno

177 5114 630 5199 A’ustrasiorum,
666 5132 963 5202 comperta
998 5129 1362 5186 dissensione
1403 5127 1731 5199 condoluit,
1765 5132 1824 5184 et

179 5216 329 5288 apud
361 5218 704 5290 Bysontium
751 5235 800 5275 a.
853 5219 926 5274 ab
982 5218 1092 5276 inc.
1147 5220 1306 5276 Dom.
1352 5222 1504 5290 1041,
1538 5217 1826 5276 electione

179 5301 320 5361 cleri
350 5311 412 5363 et
443 5307 639 5381 populi
671 5307 961 5366 ﬁrmatum
993 5308 1262 5365 domuum
1316 5307 1651 5366 Odelricum
1700 5307 1828 5364 Lin-

1932 4607 2044 4648 non
2077 4591 2333 4664 deesset,
2369 4607 2436 4648 ne
2488 4591 2828 4650 fallerentur
2875 4592 2922 4648 si
2971 4593 3108 4658 hora
3163 4594 3578 4668 incompetenti

1931 4681 2450 4748 venissent;neve
2480 4686 2620 4738 tunc
2667 4681 2814 4738 foret
2865 4682 3190 4740 necessitas
3240 4686 3579 4742 recurrendi

1909 4769 2004 4826 ‘ad
2029 4770 2388 4827 ablutionem
2413 4769 2814 4840 reliquiarum,
2840 4771 2994 4842 quod
3025 4776 3156 4842 post
3188 4771 3578 4844 cxpletionem

1937 4859 2128 4914 missze
2158 4858 2385 4930 impleri
2421 4873 2546 4916 mos
2577 4863 2723 4914 erat.

2009 4949 2202 5019 [Cum
2249 4947 2400 5004 Ron-
2427 4963 2479 5018 v,
2516 4947 2590 5020 1.]
2626 4949 2788 5004 Αιιιιο
2823 4948 3001 5020 igitur
3043 4950 3116 5005 ab
3164 4949 3382 5007 incarn.
3418 4951 3576 5006 Dom.

1935 5041 2096 5108 1045,
2143 5035 2447 5094 Heinricus
2495 5035 2664 5093 duxit
2714 5052 2954 5094 uxorem
3004 5037 3230 5094 nomine
3279 5040 3580 5110 Agnetem,

1938 5125 2113 5182 ﬁliam
2143 5124 2415 5182 Willelmi
2462 5125 2848 5197 Pictavensis,
2884 5126 3035 5199 apud
3067 5127 3451 5198 Bysontium;
3486 5127 3585 5184 ubi

1938 5216 2230 5274 aﬂ‘uerunt
2257 5215 2518 5287 episcopi
2555 5219 2641 5272 28.
2679 5216 2817 5273 Cum
2848 5215 2997 5271 enim
3027 5220 3188 5271 esset
3219 5214 3365 5272 alias
3399 5215 3588 5273 bonus

1909 5309 1996 5362 et
2029 5319 2228 5364 omnes
2269 5303 2396 5375 ejus
2427 5303 2654 5362 sitirent
2689 5303 3025 5374 dominium,
3047 5303 3241 5360 carnis
3282 5309 3474 5362 tamen
3507 5304 3590 5362 in~

1770 5505 1995 5565 ΝΟΤΛΕ.

257 5690 401 5763 (109)
433 5687 665 5762 Hagano
695 5687 840 5748 obiit
870 5701 902 5744 a
931 5689 1087 5746 1098.
1122 5685 1252 5748 Jun.
1283 5687 1371 5750 21'.
1404 5683 1486 5747 v.i
1513 5684 1661 5747 nfra.
