3922 6410
360 345 481 409 268

1324 334 1695 400 HUGONIS
1736 324 2089 393 ABBATIS
2128 322 2815 389 FLAVINIACENSIS

3661 325 3775 388 264

362 475 780 537 continentiam
814 473 1043 530 frenare
1071 486 1184 527 non
1234 470 1447 544 potuit.
1481 472 1657 526 Pater
1686 464 2014 524 Richardus
2043 472 2098 534 Α
2127 458 2548 517 ctimonialium
2576 463 2799 528 coetus;
2824 463 2885 516 et
2915 457 3254 517 visitatione
3285 456 3779 531 solempniosten-

364 574 504 626 tunc
534 564 815 636 temporis
848 561 1267 618 monasterium
1309 558 1544 616 nolebat
1597 557 1950 627 relinquere,
1984 570 2016 610 a

365 672 479 728 quo
496 670 599 727 pro
623 651 797 708 nullis
820 648 1229 720 ingruentibus
1252 648 1446 705 causis
1471 646 1803 719 patiebatur
1822 642 2015 713 avelli,

366 743 499 816 quia
530 741 755 799 sciebat
785 742 841 796 et
868 738 1223 811 praedixerat
1249 736 1387 792 ﬁliis
1412 735 1689 791 inminere
1714 732 2021 790 resolutio-

365 848 490 890 nem
523 831 610 887 sui
643 828 932 900 corporis.
969 827 1194 883 Etenim
1226 824 1632 898 superioribus
1649 823 1818 879 annis
1841 835 2023 893 quan-

366 921 438 978 do
470 920 597 977 lues
628 918 747 989 illa,
773 916 843 973 de
878 932 989 988 qua
1018 914 1546 988 impraesentiarum
1572 911 1923 969 mentionem
1946 910 2022 965 fe-

365 1010 569 1079 cimus,
598 1006 875 1080 populum
898 1005 1179 1076 vastavit,
1203 1019 1332 1061 cum
1359 1002 1722 1059 dilaberetur
1746 998 2017 1074 populus,

365 1096 645 1154 etcivitas
664 1094 1052 1151 Virdunensis
1076 1106 1225 1165 pene
1243 1091 1614 1162 redigeretur
1629 1089 1685 1145 in
1700 1088 2018 1157 heremum,

366 1198 669 1245 commune
693 1183 1021 1255 periculum
1044 1180 1336 1239 communi
1360 1179 1627 1237 oratione
1649 1177 1770 1235 tolli
1794 1175 2024 1234 consul-

364 1279 488 1331 tum
517 1276 625 1330 est.
663 1272 840 1343 Cujus
872 1269 1255 1328 necessitatis
1288 1272 1530 1339 urgente
1579 1266 1835 1337 miseria,
1870 1278 2025 1321 com-

367 1362 522 1419 muni
555 1365 693 1418 voto
724 1360 1113 1417 deliberatum
1146 1363 1237 1437 est
1272 1357 1427 1414 beati
1475 1356 1671 1413 Vitoni
1714 1354 2025 1427 imploran-

369 1449 505 1507 dum
537 1463 673 1506 esse
701 1448 1062 1521 praesidium,
1093 1447 1261 1517 cujus
1289 1460 1351 1503 se
1383 1444 1753 1501 conﬁdebant
1800 1441 2025 1497 meritis

367 1537 505 1595 vitae
564 1536 767 1610 procul
817 1534 994 1592 dubio
1049 1539 1394 1606 captaturos
1452 1531 1790 1589 remedium.
1826 1528 2023 1585 Visum

370 1627 546 1683 etiam
570 1629 661 1682 est
682 1623 975 1680 Ricbardo
998 1623 1297 1695 episcopo,
1316 1620 1499 1694 ipsius
1526 1619 1885 1677 confessoris
1901 1632 2028 1673 cor-

372 1729 481 1788 pus
504 1713 941 1770 sanctissimum
965 1710 1176 1782 exponi
1200 1710 1413 1766 debere
1438 1710 1508 1766 de
1541 1709 1779 1778 feretro,
1804 1710 1868 1763 ut
1898 1720 2028 1779 pro-

2129 551 2345 607 debant
2366 566 2503 622 erga
2530 556 2754 624 patrem
2775 549 3146 607 devotionem
3171 548 3777 621 piaaffectionis.Nec

2130 642 2303 698 rediit
2326 641 2397 697 ad
2430 642 2663 699 domum
2695 640 3032 713 episcopus,
3069 639 3207 710 quin
3242 638 3417 695 immo
3461 638 3776 696 cotidianis

2129 730 2392 788 excubiis
2422 730 2712 787 adherens
2742 731 2818 802 ei,
2853 745 2961 786 non
3012 729 3127 800 die,
3164 743 3275 785 non
3327 733 3498 785 nocte
3551 730 3622 785 ab
3679 728 3778 784 illo

2132 819 2465 890 patiebatur
2485 819 2678 876 avelli.
2707 819 3082 876 Advenerunt
3113 822 3171 875 et
3203 817 3524 875 vicinarum
3547 817 3776 874 urbium

2129 907 2414 980 epiSCOpi,
2447 908 2711 981 abbates,
2746 912 2806 965 et
2839 906 3055 980 quique
3085 911 3402 978 magnates,
3440 904 3511 962 ad
3544 905 3778 964 visitan-

2130 996 2266 1052 dum
2295 1011 2426 1053 eum
2458 1001 2519 1053 et
2548 995 3039 1054 commendandos
3070 1010 3135 1053 se
3161 995 3256 1062 ei;
3290 993 3504 1067 quibus
3550 993 3779 1051 videba-

2133 1088 2248 1157 tur,
2277 1085 2431 1157 quod
2455 1086 2512 1143 in
2535 1086 2699 1143 obitu
2721 1085 2849 1157 ejus
2872 1084 3108 1142 omnino
3130 1088 3291 1141 terra
3314 1088 3779 1140 commoveretur

2132 1175 2585 1232 etconturbaret
2596 1190 2682 1232 ur.
2698 1174 3040 1232 Excubabat
3056 1173 3265 1231 diebus
3278 1188 3343 1230 ac
3358 1172 3630 1230 noctibus
3648 1175 3781 1229 ante

2135 1262 2367 1321 domum
2400 1262 2527 1334 ejus
2559 1263 2732 1320 turba
2764 1263 3017 1320 ﬁliorum
3045 1266 3105 1319 et
3135 1266 3469 1319 ceterorum
3503 1259 3778 1332 ﬁdelium,

2134 1350 2231 1407 alii
2255 1352 2409 1424 patri
2432 1352 2500 1408 ad
2527 1351 2769 1409 meliora
2795 1351 3091 1409 festinanti
3115 1350 3445 1409 valedicere
3467 1354 3527 1408 et
3549 1364 3613 1406 se
3633 1364 3782 1407 com-

2135 1439 2411 1496 mendare
2469 1440 2769 1512 volebant,
2822 1440 2917 1497 alii
2976 1439 3263 1497 sanitates
3318 1453 3631 1511 corporum
3690 1452 3783 1494 ex-

2135 1530 2436 1600 petebant,
2463 1532 2523 1585 ut
2551 1528 2745 1585 saltim
2779 1544 2986 1600 aquam
3019 1526 3337 1585 ablutionis
3365 1541 3634 1584 manuum
3658 1526 3783 1599 ejus

2137 1621 2528 1687 mererentur,
2564 1632 2676 1690 qua
2709 1616 2933 1675 inuncti
2983 1615 3473 1674 refocillarentur.
3507 1615 3613 1672 Ubi
3645 1629 3783 1685 ergo

2137 1706 2323 1762 sensit
2358 1705 2655 1764 imminere
2683 1706 2883 1764 horam
2915 1706 3238 1763 vocationis
3279 1720 3417 1776 suae,
3454 1704 3602 1761 ﬁlios
3641 1719 3784 1776 quos

373 1803 644 1859 cessione
668 1800 955 1873 solempni
988 1804 1256 1855 evectum
1291 1801 1753 1871 praisentaretur
1785 1808 2027 1867 conspe-
2054 1825 2111 1888 Β
2139 1793 2371 1850 Christo
2402 1794 2765 1866 adquisierat
2782 1793 3302 1866 convenirejussit,
3324 1798 3383 1851 et
3414 1793 3688 1850 inunetus
3718 1792 3786 1849 ab

372 1891 569 1950 ctibus
590 1890 864 1962 omnium,
883 1894 942 1946 ut
963 1888 1132 1961 plebs
1155 1888 1339 1961 ipsius
1365 1888 1507 1945 fulta
1531 1885 1874 1960 patronioio,
1892 1885 2026 1942 dum
2055 1885 2079 1899 Ἴ

376 1980 566 2038 sancti
600 1978 825 2037 videret
858 1976 1136 2048 loculum,
1171 1977 1298 2048 ejus
1344 1975 1694 2049 propensius
1722 1976 2025 2046 expeteret

377 2066 723 2136 subsidium,
752 2064 907 2136 quod
938 2067 1180 2121 noverat
1215 2063 1329 2120 sibi
1360 2078 1472 2119 non
1503 2062 1857 2119 defuturum.
1888 2063 2031 2117 Con-

377 2156 707 2213 tradicente
740 2154 937 2225 itaque
965 2152 1094 2210 viro
1114 2151 1590 2211 reverentissimo
1616 2152 1780 2223 patre
1804 2154 2026 2219 nostro,

378 2243 590 2317 praesul
619 2243 774 2315 quod
798 2240 1298 2298 deliberaveratin
1314 2240 1633 2297 crastinum
1656 2237 1883 2310 impleri
1903 2238 2032 2294 des-

375 2332 582 2389 tinavit
617 2351 629 2387 :
667 2331 995 2387 obsistente
1022 2344 1092 2386 eo
1124 2332 1183 2386 et
1216 2329 1447 2385 dicente
1472 2327 1773 2384 levandam
1799 2326 2032 2399 quidem

380 2420 670 2478 miseriam
722 2418 942 2492 populi,
986 2417 1089 2475 sed
1134 2417 1416 2491 episcopo
1462 2431 1577 2473 non
1628 2431 1927 2473 cessurum
1977 2414 2032 2470 in

379 2522 750 2583 prosperum,
774 2506 871 2578 qui
902 2521 1082 2563 ausus
1116 2506 1320 2563 fuisset
1348 2505 1675 2577 inquietare
1700 2504 1889 2560 sancti
1910 2518 2036 2561 cor-

386 2613 494 2672 pus
527 2596 933 2654 honoriﬁcum.
958 2596 1195 2652 Noctem
1219 2594 1374 2650 illam
1407 2598 1573 2666 pater
1604 2593 1902 2650 insomnem
1936 2592 2038 2648 du-

384 2688 488 2757 xit,
526 2691 661 2742 ante
694 2684 880 2741 altare
912 2684 1097 2740 sancti
1132 2683 1500 2739 orationibus
1548 2696 1762 2741 vacans
1802 2696 1931 2738 cum
1965 2680 2040 2736 la.

379 2774 595 2832 crimis.
624 2774 685 2829 ln
718 2771 1042 2829 crastinum
1070 2770 1231 2827 venit
1253 2771 1584 2843 episcopus,
1610 2769 1808 2827 clerus
1824 2769 2033 2841 omnis,

382 2868 439 2920 et
474 2861 746 2935 populus,
782 2863 837 2917 et
873 2875 1003 2916 cum
1030 2858 1215 2916 multo
1237 2860 1448 2915 timore
1471 2861 1527 2914 et
1553 2859 1883 2915 reverentia
1908 2872 2039 2915 san-

380 2951 458 3007 cti
476 2948 765 3023 pontiﬁcis
795 2952 1095 3021 exponunt
1126 2947 1426 3019 reliquias,
1449 2960 1627 3018 super
1659 2961 1862 3003 aurum
1880 2946 2037 3003 obri-

385 3055 514 3097 zum
568 3038 890 3111 preciosas.
927 3035 1090 3103 Quod
1142 3036 1238 3092 ubi
1289 3035 1505 3093 factum
1554 3038 1664 3105 est,
1701 3035 2036 3107 pontiﬁcem

387 3133 555 3203 pater
579 3125 762 3183 adivit
787 3145 799 3181 :
824 3125 1098 3197 Inplesti,
1127 3124 1417 3196 inquiens,
1452 3124 1613 3197 quod
1636 3124 1905 3195 voluisti,
1937 3123 2042 3182 sed

386 3219 627 3275 noveris
650 3216 704 3273 te
727 3216 1005 3288 quintum
1026 3214 1247 3273 abhinc
1267 3229 1491 3271 annum
1518 3213 1585 3270 in
1609 3213 2040 3271 saculononvi-

384 3319 610 3366 sui-mn.
632 3304 829 3363 illic/ii
858 3318 1093 3378 quoque
1111 3304 1220 3377 qui
1241 3303 1493 3374 assensi,
1519 3303 1658 3360 ante
1675 3304 1954 3377 quint-um
1965 3303 2044 3362 si-

383 3395 616 3453 militer
636 3406 864 3453 annum
887 3393 1174 3451 terminus
1195 3391 1316 3451 m‘t
1330 3392 1488 3464 vita,
1516 3392 1570 3450 te
1584 3393 1729 3466 post
1748 3393 2045 3451 modicum

389 3482 798 3556 subsequente.
838 3481 1098 3551 Dixerat,
1130 3485 1190 3539 et
1237 3479 1456 3538 dictum
1479 3479 1562 3537 rei
1585 3480 1855 3553 probavit
1875 3494 2045 3539 even-

389 3576 506 3628 tus.
526 3567 747 3637 Quarto
760 3569 912 3626 enim
928 3569 1173 3628 necdum
1186 3573 1393 3626 exacto
1414 3584 1584 3640 anno,
1600 3569 1827 3626 viribus
1842 3584 2046 3641 corpo-

388 3660 473 3717 ris
493 3659 651 3731 cepit
676 3650 845 3731 pater
867 3658 1210 3731 destitui,et
1231 3657 1571 3714 convocatis
1595 3652 1879 3715 fratribus
1903 3657 2047 3714 indi-

387 3747 542 3805 cavit
590 3746 892 3803 imminere
924 3747 1076 3804 diem
1110 3762 1229 3805 suae
1258 3745 1663 3803 resolutionis.
1688 3747 1816 3803 Mox
1849 3746 2047 3818 itaque

391 3836 643 3895 abbatiae
677 3835 865 3892 sancti
896 3836 1057 3891 Petri
1092 3833 1536 3892 Catalaunensis
1564 3834 1918 3907 Odylardum
1950 3836 2048 3894 ab-

391 3924 585 3982 batem
622 3922 901 3995 instituit,
937 3923 1099 3980 Bello
1130 3923 1280 3980 Loco
1311 3926 1537 3996 patrem
1567 3922 1919 3981 Richardum
1951 3924 2049 3980 de-

392 4011 557 4085 legit,
592 4012 861 4069 caanobio
890 4013 1078 4070 sancti
1130 4012 1375 4069 Huberti
1425 4012 1822 4085 Teodericum,
1856 4012 2046 4070 sancti

390 4101 608 4160 Urbani
644 4100 1019 4173 Stephanum,
1053 4101 1214 4159 viros
1254 4100 1311 4157 in
1360 4100 1514 4157 omni
1565 4101 1792 4158 theoria
1836 4102 2048 4175 proba-

392 4190 672 4263 tissimos,
705 4191 762 4246 in
794 4189 1082 4248 servando
1114 4188 1419 4261 religionis
1449 4189 1756 4264 proposito
1787 4189 2048 4248 clarissi-

393 4292 539 4337 mos.
566 4281 682 4337 Has
702 4279 854 4336 enim
877 4278 1147 4336 abbatias
1168 4278 1294 4353 ipse
1318 4292 1424 4353 per
1452 4292 1516 4335 se
1544 4279 1804 4350 regebat.
1831 4280 2048 4337 Exone-

394 4375 561 4427 ratus
591 4383 733 4439 ergo
762 4370 835 4425 ab
867 4368 1157 4440 omnibus,
1191 4366 1348 4424 illam
1383 4367 1495 4425 sibi
1529 4371 1755 4425 tantum
1787 4369 2047 4426 retinere

395 4458 645 4530 censuit,
665 4458 758 4515 cui
789 4462 993 4531 pastor
1023 4457 1199 4515 datus
1226 4458 1437 4530 fuerat,
1463 4456 1519 4514 in
1542 4472 1650 4530 qua
1675 4458 1851 4515 etiam
1870 4472 1935 4515 se
1959 4472 2049 4516 se-

2069 3179 2121 3244 Ο

2138 1882 2416 1955 episcopo
2444 1883 2574 1941 oleo
2608 1888 2832 1956 sancto,
2858 1884 3229 1942 confessione
3264 1881 3658 1953 data,viatico
3681 1894 3787 1938 cas-

2138 1970 2274 2028 lesti
2302 1977 2531 2044 pastus,
2548 1972 2857 2046 expositus
2875 1978 2964 2030 est
2987 1970 3494 2043 lectulo,etjacuit
3518 1970 3573 2026 in
3593 1970 3787 2026 cinere

2140 2065 2200 2116 et
2227 2061 2448 2133 cilicio,
2472 2061 2550 2117 ita
2587 2067 2646 2119 ut
2677 2062 2862 2119 altare
2891 2061 3080 2119 sancti
3113 2060 3370 2118 Nicholai
3401 2061 3529 2131 ejus
3562 2073 3789 2131 semper

2140 2154 2451 2222 appareret
2486 2150 2849 2223 conspectui.
2876 2150 3013 2207 Inde
3046 2151 3258 2207 fratres
3280 2148 3637 2220 alloquutus,
3660 2162 3792 2203 con-

2144 2244 2311 2296 sueta
2341 2240 2552 2297 salutis
2575 2230 2930 2297 documenta
2945 2239 3260 2313 replicans,
3280 2240 3397 2295 Deo
3421 2243 3484 2296 ut
3503 2237 3789 2294 servirent

2143 2332 2203 2385 et
2234 2328 2586 2385 adhererent
2617 2329 2957 2398 ammonuit,
2993 2328 3201 2400 suique
3236 2332 3299 2384 ut
3329 2328 3791 2383 memorarentur

2147 2416 2407 2489 piissima
2448 2417 2759 2473 devotione
2806 2417 3036 2490 petivit,
3071 2415 3341 2474 omnibus
3393 2414 3449 2472 in
3492 2428 3792 2472 commune

2147 2504 2424 2562 flentibus
2468 2511 2527 2562 et
2572 2519 2736 2562 suam
2784 2504 3229 2562 destitutionem
3280 2503 3790 2575 ingeminantibus,

2147 2609 2277 2651 cum
2304 2594 2425 2667 ipse
2447 2609 2700 2652 omnium
2724 2594 3027 2651 cohiberet
3061 2592 3353 2663 lacrimas,
3380 2592 3675 2650 solaretur
3697 2591 3795 2647 do-

2148 2681 2352 2755 lorem,
2371 2687 2427 2739 et
2452 2683 2664 2741 Christi
2690 2682 2907 2739 domini
2934 2683 3305 2755 promitteret
3331 2681 3641 2739 affuturam
3668 2696 3795 2753 pro-

2150 2771 2486 2829 tectionem.
2503 2771 2766 2831 Posthec
2787 2770 3064 2843 reliquias
3087 2787 3231 2843 quas
3251 2769 3795 2841 Jherosolimitanus

2150 2861 2480 2934 patriarcha
2512 2861 2564 2918 ei
2598 2861 2844 2919 dederat
2875 2861 2987 2918 sibi
3011 2860 3204 2918 afferri
3230 2860 3618 2934 praecepit;et
3647 2858 3796 2915 salu-

2147 2950 2292 3008 tatis
2324 2950 2410 3007 eis
2441 2953 2617 3022 atque
2649 2948 3009 3009 deosculatis
3038 2964 3168 3008 cum
3218 2949 3398 3007 multa
3448 2947 3793 3016 reverentia,

2148 3052 2248 3096 eas
2274 3054 2419 3110 quas
2446 3038 2600 3096 collo
2632 3040 2785 3095 ferre
2817 3043 3206 3096 consueverat
3236 3036 3530 3110 exposuit,
3564 3042 3621 3093 ct
3667 3040 3795 3092 ante

2149 3142 2211 3184 se
2243 3132 2586 3185 reverenter
2608 3128 2736 3185 sisti
2763 3128 3063 3200 praecepit.
3086 3127 3229 3184 Hinc
3251 3140 3556 3183 commune
3575 3128 3797 3181 sancto-

2151 3231 2278 3274 rum
2310 3215 2699 3290 patrocinium
2731 3215 3070 3289 implorans,
3103 3215 3255 3272 elata
3302 3229 3472 3272 manu
3524 3212 3797 3270 fratribus

2150 3309 2209 3361 et
2240 3305 2508 3363 omnibus
2540 3304 2636 3377 qui
2669 3304 2915 3362 aderant
2945 3303 3267 3375 benedixit,
3300 3307 3357 3359 et
3389 3302 3500 3361 sibi
3532 3299 3791 3359 benedici

2153 3394 2344 3468 petiit.
2409 3394 2618 3466 Sicque
2668 3394 2805 3451 data
2863 3392 3000 3451 ﬁliis
3056 3391 3293 3449 licentia
3353 3390 3629 3463 exeundi,
3683 3390 3799 3463 ipse

2152 3482 2341 3541 oculis
2393 3488 2453 3541 et
2508 3482 2776 3541 manibus
2845 3481 2900 3539 in
2972 3481 3185 3538 caelum
3259 3479 3556 3553 porrectis
3612 3484 3674 3536 et
3728 3478 3800 3534 in-

2152 3571 2435 3629 tendebat
2492 3586 2561 3628 ac
2615 3586 2785 3643 quem
2847 3570 3183 3627 festinabat.
3246 3568 3615 3639 Legebantur
3673 3571 3797 3623 ante

2155 3675 2286 3717 eum
2344 3660 2655 3733 passiones
2711 3658 3045 3729 Dominicae,
3110 3657 3395 3716 lectiones
3455 3672 3685 3729 quoque
3738 3669 3800 3711 ex

2158 3752 2368 3820 quarto
2426 3747 2788 3818 dialogorum
2845 3745 3037 3814 libro;
3099 3750 3155 3802 et
3191 3745 3355 3803 .felix
3414 3745 3541 3816 ejus
3619 3745 3798 3802 anima

2157 3836 2243 3894 illi
2303 3835 2414 3894 soli
2473 3836 2814 3907 adherebat,
2872 3834 2968 3893 cui
3025 3848 3089 3892 se
3156 3839 3345 3893 totum
3417 3833 3795 3894 commiserat.

2156 3925 2265 3982 Ubi
2324 3940 2468 3983 vero
2526 3925 2684 3997 cepit
2736 3924 2855 3996 jam
2914 3924 2987 3980 ab
3048 3922 3312 3980 inferiori
3373 3927 3538 3996 parte
3590 3935 3798 3995 corpus

2156 4013 2339 4071 emori
2370 4013 2576 4087 (1046),
2597 4017 2929 4071 sanctorum
2963 4011 3243 4084 reliquias
3274 4009 3717 4084 apprehendens
3745 4009 3796 4064 in

2158 4101 2377 4160 lectulo
2407 4102 2579 4174 sedit,
2605 4107 2665 4160 et
2700 4098 2771 4159 ad
2802 4101 2985 4174 pedes
3012 4115 3114 4158 eas
3147 4115 3391 4173 ponens,
3418 4105 3593 4172 atque
3620 4100 3701 4157 uti
3726 4097 3797 4155 vi-

2156 4191 2295 4250 talis
2322 4190 2846 4266 calorzdeﬁciebat,
2868 4189 3149 4263 paulatim
3173 4205 3271 4248 eas
3293 4189 3660 4264 protrahens,
3686 4193 3798 4247 tan-

2158 4281 2284 4339 dem
2310 4280 2365 4337 in
2388 4284 2628 4354 pectore
2650 4279 2939 4351 substitit,
2955 4282 3010 4337 et
3033 4278 3312 4351 reliquias
3334 4278 3545 4337 ibidem
3568 4293 3696 4335 cum
3721 4291 3799 4333 re-

2158 4369 2458 4442 clinasset,
2475 4369 2765 4442 deposuit.
2790 4368 2834 4424 Ο
2858 4367 3254 4427 admirandam
3278 4366 3390 4427 viri
3410 4365 3792 4425 devotionem!

2160 4457 2205 4515 Ο
2239 4458 2650 4531 predicandam
2680 4456 2808 4528 ejus
2838 4456 2894 4512 in
2926 4456 3198 4514 omnibus
3229 4456 3597 4514 sanctitatem
3629 4456 3642 4511 !
3669 4455 3796 4510 Cum

394 4546 566 4619 peliri
601 4545 1017 4604 destinaverat.
1055 4545 1195 4618 (Fol.
1228 4545 1359 4620 92’.)
1390 4547 1458 4603 Et
1485 4544 1601 4618 jam
1651 4546 1710 4603 in
1759 4536 2133 4607 mandatis'D
2160 4561 2301 4619 ergo
2332 4546 2703 4619 recliuasset,
2730 4561 2935 4605 manus
2986 4544 3252 4617 reliquiis
3299 4544 3590 4617 apposuit,
3625 4546 3681 4599 et
3719 4539 3797 4597 sic

398 4635 625 4692 Domini
647 4635 923 4698 assiduus
943 4634 1143 4709 potius
1165 4650 1336 4707 quam
1360 4634 1658 4707 frequens,
1685 4635 1778 4692 die
1802 4637 2049 4708 quadam

400 4737 531 4780 cum
561 4723 806 4782 vidisset
840 4739 1016 4781 unum
1049 4724 1121 4781 de
1150 4723 1432 4781 fratribus
1462 4724 1803 4781 monasterii
1828 4725 1921 4782 cui
1953 4740 2051 4782 no-

401 4826 531 4869 men
564 4813 753 4885 Mysac
779 4812 1040 4883 graviter
1080 4816 1315 4869 estuare
1366 4812 1650 4884 febribus,
1685 4817 1747 4870 ut
1775 4813 1935 4884 quasi
1970 4814 2052 4870 in-

400 4900 611 4974 tercipi
632 4900 936 4958 videretur
958 4900 1206 4973 spiritus
1226 4899 1376 4971 ejus,
1400 4915 1629 4958 manum
1653 4899 1814 4958 illius
1840 4902 2047 4974 tenuit,

399 4993 461 5047 et
490 4995 556 5048 ut
584 4987 930 5047 nunciandm
960 4988 1119 5047 horas
1150 4988 1349 5063 Operis
1379 4990 1477 5045 Dei
1512 4989 1737 5060 signum
1772 4990 1939 5048 daret
1963 5005 2053 5048 sa-

399 5092 510 5136 nus
534 5079 726 5137 factus
754 5084 810 5136 et
846 5078 1175 5151 incolumis,
1210 5077 1512 5152 praecepit.
1545 5079 1649 5137 Ille
1696 5080 1754 5135 in
1786 5094 1927 5139 voce
1963 5081 2053 5152 ju-

401 5165 595 5227 bentis
626 5169 814 5226 factus
844 5182 1018 5225 sanus
1053 5166 1337 5225 oboedivit
1371 5168 1558 5240 patris
1590 5167 1856 5240 imperio,
1883 5170 1941 5224 et
1967 5168 2051 5226 sic

401 5258 554 5314 omni
587 5257 942 5331 egritudinis
962 5256 1151 5315 caruit
1172 5255 1557 5314 incommodo.
1583 5257 1687 5314 Ilio
1710 5255 1926 5327 itaque,
1953 5256 2051 5328 qui

405 5346 586 5401 tantis
609 5347 941 5404 abundabat
963 5345 1303 5417 virtutibus,
1330 5344 1666 5401 imminente
1689 5344 1782 5400 die
1802 5344 2055 5400 vocatio-

404 5433 495 5490 nis
522 5433 651 5504 ejus
683 5434 962 5492 decubuit
994 5435 1276 5505 febribus,
1301 5438 1362 5491 et
1388 5432 1593 5491 ultima
1618 5431 1717 5489 illa
1741 5433 2056 5489 exerceba-

406 5525 506 5578 tur
532 5521 883 5591 egritudine.
903 5521 1067 5589 Quod
1099 5522 1198 5580 ubi
1221 5535 1327 5595 per
1347 5521 1551 5578 urbem
1572 5520 1793 5587 sonuit,
1816 5519 2051 5578 advenit

408 5606 739 5680 episcopus,
759 5606 1171 5666 monachorum
1198 5619 1450 5679 quoque,
1474 5606 1823 5664 clericorum
1846 5610 1901 5664 et
1928 5619 2057 5666 san-

2163 4652 2468 4709 usquequo
2510 4636 2782 4709 spiritum
2833 4634 3095 4695 Creatori
3146 4632 3442 4705 redderet,
3476 4631 3691 4690 erectis
3734 4627 3796 4685 ad

2159 4728 2341 4787 Deum
2370 4724 2688 4784 luminibus
2719 4724 2955 4783 mansit.
2991 4722 3206 4781 Aderat
3259 4721 3336 4779 ibi
3383 4721 3713 4793 episcopus,
3744 4721 3797 4771 et

2160 4814 2270 4869 viri
2303 4810 2560 4884 religiosi
2596 4828 2742 4885 quos
2775 4813 3139 4883 obligaverat
3164 4825 3323 4868 amor
3340 4815 3400 4867 et
3425 4807 3698 4867 beneﬁcia
3728 4804 3794 4879 pii

2161 4902 2371 4976 patris,
2406 4901 2503 4973 qui
2535 4902 2756 4959 exitum
2788 4902 2917 4972 ejus
2967 4899 3395 4974 praemunibant
3446 4895 3795 4955 orationibus

2162 4990 2458 5048 continuis
2489 4995 2548 5046 et
2576 4989 2921 5061 psalmodia,
2948 4989 3045 5062 qui
3078 4988 3176 5046 vix
3198 4992 3256 5045 et
3282 5002 3435 5059 raro,
3463 4986 3601 5043 licet
3622 4986 3691 5041 ad
3711 4984 3798 5040 bo-

2164 5095 2285 5136 ram
2318 5078 2746 5153 separabantur
2776 5079 2848 5135 ab
2880 5079 3007 5149 ejus
3038 5077 3374 5150 praesentia,
3410 5092 3480 5132 ne
3517 5075 3797 5143 continge-

2165 5171 2252 5225 ret
2285 5183 2385 5225 eos
2402 5168 2681 5226 absentes
2705 5182 2838 5224 esse
2860 5167 3091 5239 quando
3113 5182 3144 5223 a
3167 5180 3412 5239 corpore
3435 5164 3709 5236 migraret
3732 5161 3798 5217 fe-

2163 5256 2246 5313 lix
2277 5256 2485 5312 anima.
2520 5254 2907 5313 lllucescente
2938 5257 3136 5327 itaque
3169 5255 3263 5312 die
3295 5253 3511 5311 mensis
3538 5251 3689 5309 Junii
3720 5250 3794 5318 14,

2165 5344 2319 5416 quod
2350 5346 2441 5400 est
2475 5348 2542 5402 18
2574 5344 2959 5402 Kalendarum
2982 5343 3160 5415 Junii,
3182 5344 3322 5400 hora
3341 5343 3457 5413 jam
3482 5340 3797 5399 imminente

2162 5430 2371 5502 tercia,
2406 5431 2799 5503 prasentibus
2824 5430 2959 5487 ﬁliis
3007 5430 3160 5501 suis,
3195 5444 3343 5502 quos
3387 5428 3497 5485 loci
3548 5423 3795 5497 angustia

2162 5533 2373 5593 capere
2397 5523 2649 5592 poterat,
2667 5520 2885 5576 ceteris
2901 5519 2958 5574 in
2974 5518 3175 5589 majori
3190 5517 3478 5575 mcclesiee
3492 5516 3799 5573 consisten-

2166 5608 2324 5668 tibus
2350 5613 2412 5669 et
2438 5609 2805 5685 canentibus,
2831 5611 3037 5666 sancta
3061 5606 3158 5663 illa
3179 5605 3370 5663 anima
3393 5605 3698 5676 corporeis
3717 5613 3799 5658 nec
