  <div class='ocr_page' id='page_1' title='image "/cluster/home/n/w/nwhite01/storage/ocr_20150623/153-154/uc1.31175019678096/724.png"; bbox 0 0 3922 6404; ppageno 0'>
   <div class='ocr_carea' id='block_1_1' title="bbox 216 284 336 348">
    <p class='ocr_par' dir='ltr' id='par_1_1' title="bbox 216 284 336 348">
     <span class='ocr_line' id='line_1_1' title="bbox 216 284 336 348; baseline 0.017 -1"><span class='ocrx_word' id='word_1_1' title='bbox 216 284 336 348; x_wconf 80' lang='lat'>265</span> 
     </span>
    </p>
   </div>
   <div class='ocr_carea' id='block_1_2' title="bbox 1461 278 2371 349">
    <p class='ocr_par' dir='ltr' id='par_1_2' title="bbox 1461 278 2371 349">
     <span class='ocr_line' id='line_1_2' title="bbox 1461 278 2371 349; baseline -0.001 -1"><span class='ocrx_word' id='word_1_2' title='bbox 1461 281 1953 349; x_wconf 81' lang='lat' dir='ltr'>CHRONICON.</span> <span class='ocrx_word' id='word_1_3' title='bbox 1987 318 2064 332; x_wconf 89' lang='lat'>—</span> <span class='ocrx_word' id='word_1_4' title='bbox 2092 281 2249 347; x_wconf 89' lang='lat' dir='ltr'>LIB.</span> <span class='ocrx_word' id='word_1_5' title='bbox 2292 278 2371 347; x_wconf 89' lang='grc' dir='ltr'>ῙῙ.</span> 
     </span>
    </p>
   </div>
   <div class='ocr_carea' id='block_1_3' title="bbox 3503 285 3622 349">
    <p class='ocr_par' dir='ltr' id='par_1_3' title="bbox 3503 285 3622 349">
     <span class='ocr_line' id='line_1_3' title="bbox 3503 285 3622 349; baseline -0.008 0"><span class='ocrx_word' id='word_1_6' title='bbox 3503 285 3622 349; x_wconf 78' lang='lat'>266</span> 
     </span>
    </p>
   </div>
   <div class='ocr_carea' id='block_1_4' title="bbox 220 417 3619 492">
    <p class='ocr_par' dir='ltr' id='par_1_4' title="bbox 220 417 3619 492">
     <span class='ocr_line' id='line_1_4' title="bbox 220 417 3619 492; baseline 0.001 -15"><span class='ocrx_word' id='word_1_7' title='bbox 220 421 396 479; x_wconf 87' lang='lat' dir='ltr'>xibus</span> <span class='ocrx_word' id='word_1_8' title='bbox 425 419 718 492; x_wconf 89' lang='lat' dir='ltr'>absoluta,</span> <span class='ocrx_word' id='word_1_9' title='bbox 742 420 814 477; x_wconf 90' lang='lat' dir='ltr'>ad</span> <span class='ocrx_word' id='word_1_10' title='bbox 834 419 978 478; x_wconf 92' lang='lat' dir='ltr'>illud</span> <span class='ocrx_word' id='word_1_11' title='bbox 1002 420 1265 492; x_wconf 76' lang='lat' dir='ltr'>pervenit</span> <span class='ocrx_word' id='word_1_12' title='bbox 1288 425 1572 478; x_wconf 69' lang='lat' dir='ltr'>aaternum</span> <span class='ocrx_word' id='word_1_13' title='bbox 1592 419 1748 492; x_wconf 89' lang='lat' dir='ltr'>quod</span> <span class='ocrx_word' id='word_1_14' title='bbox 1769 425 1859 476; x_wconf 92' lang='lat' dir='ltr'>est</span> <span class='ocrx_word' id='word_1_15' title='bbox 1891 421 1945 487; x_wconf 82' lang='grc' dir='ltr'><strong>Α</strong></span> <span class='ocrx_word' id='word_1_16' title='bbox 1966 424 2187 476; x_wconf 71' lang='lat' dir='ltr'>sanctae</span> <span class='ocrx_word' id='word_1_17' title='bbox 2215 419 2406 477; x_wconf 56' lang='lat' dir='ltr'>Mariae</span> <span class='ocrx_word' id='word_1_18' title='bbox 2437 424 2679 477; x_wconf 90' lang='lat' dir='ltr'>sanctus</span> <span class='ocrx_word' id='word_1_19' title='bbox 2710 417 3036 491; x_wconf 78' lang='lat' dir='ltr'>requiescit</span> <span class='ocrx_word' id='word_1_20' title='bbox 3056 419 3408 492; x_wconf 77' lang='lat' dir='ltr'>Madelveus,</span> <span class='ocrx_word' id='word_1_21' title='bbox 3429 423 3501 479; x_wconf 88' lang='lat' dir='ltr'>ab</span> <span class='ocrx_word' id='word_1_22' title='bbox 3524 437 3619 480; x_wconf 87' lang='lat' dir='ltr'>eo-</span> 
     </span>
    </p>
   </div>
   <div class='ocr_carea' id='block_1_5' title="bbox 224 509 1864 583">
    <p class='ocr_par' dir='ltr' id='par_1_5' title="bbox 224 509 1864 583">
     <span class='ocr_line' id='line_1_5' title="bbox 224 509 1864 583; baseline -0.001 -15"><span class='ocrx_word' id='word_1_23' title='bbox 224 525 400 568; x_wconf 90' lang='lat' dir='ltr'>unum</span> <span class='ocrx_word' id='word_1_24' title='bbox 428 515 488 566; x_wconf 91' lang='lat' dir='ltr'>et</span> <span class='ocrx_word' id='word_1_25' title='bbox 517 510 908 581; x_wconf 85' lang='lat' dir='ltr'>inseparabile</span> <span class='ocrx_word' id='word_1_26' title='bbox 937 511 1174 567; x_wconf 90' lang='lat' dir='ltr'>trinum.</span> <span class='ocrx_word' id='word_1_27' title='bbox 1202 511 1417 567; x_wconf 89' lang='lat' dir='ltr'>Oculos</span> <span class='ocrx_word' id='word_1_28' title='bbox 1443 510 1628 583; x_wconf 90' lang='lat' dir='ltr'>patris</span> <span class='ocrx_word' id='word_1_29' title='bbox 1650 509 1864 567; x_wconf 82' lang='lat' dir='ltr'>clausit.</span> 
     </span>
    </p>
   </div>
   <div class='ocr_carea' id='block_1_6' title="bbox 224 598 1866 671">
    <p class='ocr_par' dir='ltr' id='par_1_6' title="bbox 224 598 1866 671">
     <span class='ocr_line' id='line_1_6' title="bbox 224 598 1866 671; baseline 0 -15"><span class='ocrx_word' id='word_1_30' title='bbox 224 601 563 671; x_wconf 88' lang='lat' dir='ltr'>episc0pus;</span> <span class='ocrx_word' id='word_1_31' title='bbox 580 598 940 671; x_wconf 89' lang='lat' dir='ltr'>polinctores</span> <span class='ocrx_word' id='word_1_32' title='bbox 957 599 1175 656; x_wconf 90' lang='lat' dir='ltr'>funeris</span> <span class='ocrx_word' id='word_1_33' title='bbox 1192 600 1237 671; x_wconf 90' lang='lat'>(1</span> <span class='ocrx_word' id='word_1_34' title='bbox 1254 601 1339 671; x_wconf 85' lang='lat'>10)</span> <span class='ocrx_word' id='word_1_35' title='bbox 1356 600 1702 670; x_wconf 78' lang='lat' dir='ltr'>Richardus,</span> <span class='ocrx_word' id='word_1_36' title='bbox 1718 600 1866 670; x_wconf 83' lang='lat' dir='ltr'>Ody-</span> 
     </span>
    </p>
   </div>
   <div class='ocr_carea' id='block_1_7' title="bbox 226 688 1862 759">
    <p class='ocr_par' dir='ltr' id='par_1_7' title="bbox 226 688 1862 759">
     <span class='ocr_line' id='line_1_7' title="bbox 226 688 1862 759; baseline 0.001 -16"><span class='ocrx_word' id='word_1_37' title='bbox 226 688 449 758; x_wconf 88' lang='lat' dir='ltr'>lardus,</span> <span class='ocrx_word' id='word_1_38' title='bbox 484 690 813 759; x_wconf 84' lang='lat' dir='ltr'>Stephanus</span> <span class='ocrx_word' id='word_1_39' title='bbox 841 693 901 744; x_wconf 92' lang='lat' dir='ltr'>et</span> <span class='ocrx_word' id='word_1_40' title='bbox 928 688 1310 745; x_wconf 88' lang='lat' dir='ltr'>Walerannus</span> <span class='ocrx_word' id='word_1_41' title='bbox 1338 690 1582 745; x_wconf 87' lang='lat' dir='ltr'>abbates</span> <span class='ocrx_word' id='word_1_42' title='bbox 1606 689 1862 745; x_wconf 90' lang='lat' dir='ltr'>fuerunt.</span> 
     </span>
    </p>
   </div>
   <div class='ocr_carea' id='block_1_8' title="bbox 226 777 1867 849">
    <p class='ocr_par' dir='ltr' id='par_1_8' title="bbox 226 777 1867 849">
     <span class='ocr_line' id='line_1_8' title="bbox 226 777 1867 849; baseline 0.002 -18"><span class='ocrx_word' id='word_1_43' title='bbox 226 777 345 847; x_wconf 85' lang='lat' dir='ltr'>Ipsi</span> <span class='ocrx_word' id='word_1_44' title='bbox 377 791 595 849; x_wconf 87' lang='lat' dir='ltr'>corpus</span> <span class='ocrx_word' id='word_1_45' title='bbox 624 777 1055 833; x_wconf 88' lang='lat' dir='ltr'>sanctissimum</span> <span class='ocrx_word' id='word_1_46' title='bbox 1088 782 1572 848; x_wconf 88' lang='lat' dir='ltr'>procuraverunt,</span> <span class='ocrx_word' id='word_1_47' title='bbox 1598 778 1867 834; x_wconf 74' lang='lat' dir='ltr'>vestibus</span> 
     </span>
    </p>
   </div>
   <div class='ocr_carea' id='block_1_9' title="bbox 226 866 1871 939">
    <p class='ocr_par' dir='ltr' id='par_1_9' title="bbox 226 866 1871 939">
     <span class='ocr_line' id='line_1_9' title="bbox 226 866 1871 939; baseline 0.001 -19"><span class='ocrx_word' id='word_1_48' title='bbox 226 866 478 922; x_wconf 85' lang='lat' dir='ltr'>sacratis</span> <span class='ocrx_word' id='word_1_49' title='bbox 520 882 596 922; x_wconf 85' lang='lat' dir='ltr'>ex</span> <span class='ocrx_word' id='word_1_50' title='bbox 640 881 799 923; x_wconf 89' lang='lat' dir='ltr'>more</span> <span class='ocrx_word' id='word_1_51' title='bbox 850 866 1041 923; x_wconf 88' lang='lat' dir='ltr'>induit</span> <span class='ocrx_word' id='word_1_52' title='bbox 1085 867 1419 939; x_wconf 90' lang='lat' dir='ltr'>episcopus,</span> <span class='ocrx_word' id='word_1_53' title='bbox 1492 867 1706 938; x_wconf 85' lang='lat' dir='ltr'>quibus</span> <span class='ocrx_word' id='word_1_54' title='bbox 1772 866 1871 922; x_wconf 90' lang='lat' dir='ltr'>ille</span> 
     </span>
    </p>
   </div>
   <div class='ocr_carea' id='block_1_10' title="bbox 227 953 1870 1027">
    <p class='ocr_par' dir='ltr' id='par_1_10' title="bbox 227 953 1870 1027">
     <span class='ocr_line' id='line_1_10' title="bbox 227 953 1870 1027; baseline 0 -17"><span class='ocrx_word' id='word_1_55' title='bbox 227 953 411 1011; x_wconf 90' lang='lat' dir='ltr'>voluit</span> <span class='ocrx_word' id='word_1_56' title='bbox 441 960 502 1011; x_wconf 92' lang='lat' dir='ltr'>et</span> <span class='ocrx_word' id='word_1_57' title='bbox 531 957 834 1027; x_wconf 72' lang='lat' dir='ltr'>praecepit,</span> <span class='ocrx_word' id='word_1_58' title='bbox 870 957 968 1027; x_wconf 89' lang='lat' dir='ltr'>qui</span> <span class='ocrx_word' id='word_1_59' title='bbox 998 956 1132 1013; x_wconf 86' lang='lat' dir='ltr'>vilia</span> <span class='ocrx_word' id='word_1_60' title='bbox 1163 971 1391 1027; x_wconf 90' lang='lat' dir='ltr'>queque</span> <span class='ocrx_word' id='word_1_61' title='bbox 1422 956 1743 1026; x_wconf 80' lang='lat' dir='ltr'>delegerat,</span> <span class='ocrx_word' id='word_1_62' title='bbox 1770 955 1870 1011; x_wconf 92' lang='lat' dir='ltr'>sed</span> 
     </span>
    </p>
   </div>
   <div class='ocr_carea' id='block_1_11' title="bbox 229 1044 1874 1116">
    <p class='ocr_par' dir='ltr' id='par_1_11' title="bbox 229 1044 1874 1116">
     <span class='ocr_line' id='line_1_11' title="bbox 229 1044 1874 1116; baseline -0.001 -16"><span class='ocrx_word' id='word_1_63' title='bbox 229 1058 375 1114; x_wconf 89' lang='lat' dir='ltr'>quas</span> <span class='ocrx_word' id='word_1_64' title='bbox 407 1044 833 1101; x_wconf 89' lang='lat' dir='ltr'>dictavitamor</span> <span class='ocrx_word' id='word_1_65' title='bbox 858 1048 1138 1116; x_wconf 87' lang='lat' dir='ltr'>paternus</span> <span class='ocrx_word' id='word_1_66' title='bbox 1159 1051 1217 1101; x_wconf 90' lang='lat' dir='ltr'>et</span> <span class='ocrx_word' id='word_1_67' title='bbox 1241 1046 1477 1101; x_wconf 81' lang='lat' dir='ltr'>devotio</span> <span class='ocrx_word' id='word_1_68' title='bbox 1509 1044 1874 1101; x_wconf 90' lang='lat' dir='ltr'>sanctissima</span> 
     </span>
    </p>
   </div>
   <div class='ocr_carea' id='block_1_12' title="bbox 227 1132 1876 1205">
    <p class='ocr_par' dir='ltr' id='par_1_12' title="bbox 227 1132 1876 1205">
     <span class='ocr_line' id='line_1_12' title="bbox 227 1132 1876 1205; baseline 0.001 -18"><span class='ocrx_word' id='word_1_69' title='bbox 227 1136 288 1188; x_wconf 90' lang='lat' dir='ltr'>et</span> <span class='ocrx_word' id='word_1_70' title='bbox 318 1132 514 1189; x_wconf 90' lang='lat' dir='ltr'>debita</span> <span class='ocrx_word' id='word_1_71' title='bbox 548 1134 717 1204; x_wconf 92' lang='grc'>(111).</span> <span class='ocrx_word' id='word_1_72' title='bbox 752 1133 1054 1205; x_wconf 63' lang='lat' dir='ltr'>Reliquiae,</span> <span class='ocrx_word' id='word_1_73' title='bbox 1090 1149 1236 1205; x_wconf 91' lang='lat' dir='ltr'>quas</span> <span class='ocrx_word' id='word_1_74' title='bbox 1268 1149 1447 1205; x_wconf 87' lang='lat' dir='ltr'>super</span> <span class='ocrx_word' id='word_1_75' title='bbox 1471 1136 1677 1205; x_wconf 88' lang='lat' dir='ltr'>pectus</span> <span class='ocrx_word' id='word_1_76' title='bbox 1708 1148 1876 1189; x_wconf 90' lang='lat' dir='ltr'>suum</span> 
     </span>
    </p>
   </div>
   <div class='ocr_carea' id='block_1_13' title="bbox 233 1220 1876 1294">
    <p class='ocr_par' dir='ltr' id='par_1_13' title="bbox 233 1220 1876 1294">
     <span class='ocr_line' id='line_1_13' title="bbox 233 1220 1876 1294; baseline 0.001 -19"><span class='ocrx_word' id='word_1_77' title='bbox 233 1220 361 1293; x_wconf 86' lang='lat' dir='ltr'>ipse</span> <span class='ocrx_word' id='word_1_78' title='bbox 390 1221 781 1293; x_wconf 84' lang='lat' dir='ltr'>commiserat,</span> <span class='ocrx_word' id='word_1_79' title='bbox 819 1222 1024 1279; x_wconf 91' lang='lat' dir='ltr'>induto</span> <span class='ocrx_word' id='word_1_80' title='bbox 1055 1237 1123 1279; x_wconf 89' lang='lat' dir='ltr'>eo</span> <span class='ocrx_word' id='word_1_81' title='bbox 1154 1223 1338 1279; x_wconf 89' lang='lat' dir='ltr'>sacris</span> <span class='ocrx_word' id='word_1_82' title='bbox 1369 1223 1655 1293; x_wconf 88' lang='lat' dir='ltr'>vestibus,</span> <span class='ocrx_word' id='word_1_83' title='bbox 1699 1236 1876 1294; x_wconf 87' lang='lat' dir='ltr'>supra</span> 
     </span>
    </p>
   </div>
   <div class='ocr_carea' id='block_1_14' title="bbox 232 1310 1880 1383">
    <p class='ocr_par' dir='ltr' id='par_1_14' title="bbox 232 1310 1880 1383">
     <span class='ocr_line' id='line_1_14' title="bbox 232 1310 1880 1383; baseline 0.002 -19"><span class='ocrx_word' id='word_1_84' title='bbox 232 1314 439 1381; x_wconf 89' lang='lat' dir='ltr'>pectus</span> <span class='ocrx_word' id='word_1_85' title='bbox 468 1310 597 1380; x_wconf 87' lang='lat' dir='ltr'>ejus</span> <span class='ocrx_word' id='word_1_86' title='bbox 629 1313 907 1383; x_wconf 64' lang='lat' dir='ltr'>repositae</span> <span class='ocrx_word' id='word_1_87' title='bbox 938 1318 1093 1370; x_wconf 91' lang='lat' dir='ltr'>sunt.</span> <span class='ocrx_word' id='word_1_88' title='bbox 1128 1312 1354 1369; x_wconf 90' lang='lat' dir='ltr'>Elatum</span> <span class='ocrx_word' id='word_1_89' title='bbox 1385 1327 1525 1383; x_wconf 91' lang='lat' dir='ltr'>ergo</span> <span class='ocrx_word' id='word_1_90' title='bbox 1548 1314 1721 1368; x_wconf 88' lang='lat' dir='ltr'>funus</span> <span class='ocrx_word' id='word_1_91' title='bbox 1748 1313 1880 1367; x_wconf 87' lang='lat' dir='ltr'>bea-</span> 
     </span>
    </p>
   </div>
   <div class='ocr_carea' id='block_1_15' title="bbox 230 1397 1877 1473">
    <p class='ocr_par' dir='ltr' id='par_1_15' title="bbox 230 1397 1877 1473">
     <span class='ocr_line' id='line_1_15' title="bbox 230 1397 1877 1473; baseline 0.002 -20"><span class='ocrx_word' id='word_1_92' title='bbox 230 1397 521 1454; x_wconf 90' lang='lat' dir='ltr'>tissimum</span> <span class='ocrx_word' id='word_1_93' title='bbox 557 1399 939 1469; x_wconf 90' lang='lat' dir='ltr'>bajulantium</span> <span class='ocrx_word' id='word_1_94' title='bbox 970 1401 1255 1470; x_wconf 89' lang='lat' dir='ltr'>manibus,</span> <span class='ocrx_word' id='word_1_95' title='bbox 1301 1416 1429 1457; x_wconf 91' lang='lat' dir='ltr'>cum</span> <span class='ocrx_word' id='word_1_96' title='bbox 1476 1401 1552 1456; x_wconf 91' lang='lat' dir='ltr'>ob</span> <span class='ocrx_word' id='word_1_97' title='bbox 1598 1401 1877 1473; x_wconf 90' lang='lat' dir='ltr'>impetum</span> 
     </span>
    </p>
   </div>
   <div class='ocr_carea' id='block_1_16' title="bbox 231 1486 1881 1559">
    <p class='ocr_par' dir='ltr' id='par_1_16' title="bbox 231 1486 1881 1559">
     <span class='ocr_line' id='line_1_16' title="bbox 231 1486 1881 1559; baseline 0.001 -16"><span class='ocrx_word' id='word_1_98' title='bbox 231 1486 430 1558; x_wconf 90' lang='lat' dir='ltr'>populi</span> <span class='ocrx_word' id='word_1_99' title='bbox 454 1488 827 1544; x_wconf 90' lang='lat' dir='ltr'>occurrentis</span> <span class='ocrx_word' id='word_1_100' title='bbox 845 1492 901 1544; x_wconf 92' lang='lat' dir='ltr'>et</span> <span class='ocrx_word' id='word_1_101' title='bbox 926 1489 1258 1559; x_wconf 83' lang='lat' dir='ltr'>plangentis</span> <span class='ocrx_word' id='word_1_102' title='bbox 1281 1490 1555 1546; x_wconf 90' lang='lat' dir='ltr'>obserata</span> <span class='ocrx_word' id='word_1_103' title='bbox 1580 1495 1735 1546; x_wconf 85' lang='lat' dir='ltr'>esset</span> <span class='ocrx_word' id='word_1_104' title='bbox 1771 1506 1881 1546; x_wconf 69' lang='lat' dir='ltr'>aec-</span> 
     </span>
    </p>
   </div>
   <div class='ocr_carea' id='block_1_17' title="bbox 228 1573 1880 1649">
    <p class='ocr_par' dir='ltr' id='par_1_17' title="bbox 228 1573 1880 1649">
     <span class='ocr_line' id='line_1_17' title="bbox 228 1573 1880 1649; baseline 0.004 -20"><span class='ocrx_word' id='word_1_105' title='bbox 228 1573 430 1645; x_wconf 89' lang='lat' dir='ltr'>clesia,</span> <span class='ocrx_word' id='word_1_106' title='bbox 458 1580 590 1631; x_wconf 88' lang='lat' dir='ltr'>ante</span> <span class='ocrx_word' id='word_1_107' title='bbox 613 1575 797 1633; x_wconf 89' lang='lat' dir='ltr'>altare</span> <span class='ocrx_word' id='word_1_108' title='bbox 822 1577 1011 1632; x_wconf 92' lang='lat' dir='ltr'>sancti</span> <span class='ocrx_word' id='word_1_109' title='bbox 1036 1578 1193 1633; x_wconf 88' lang='lat' dir='ltr'>Petri</span> <span class='ocrx_word' id='word_1_110' title='bbox 1210 1578 1461 1649; x_wconf 90' lang='lat' dir='ltr'>positum</span> <span class='ocrx_word' id='word_1_111' title='bbox 1480 1582 1566 1635; x_wconf 91' lang='lat' dir='ltr'>est</span> <span class='ocrx_word' id='word_1_112' title='bbox 1596 1579 1723 1635; x_wconf 91' lang='lat' dir='ltr'>:ubi</span> <span class='ocrx_word' id='word_1_113' title='bbox 1748 1579 1880 1635; x_wconf 88' lang='lat' dir='ltr'>mis-</span> 
     </span>
    </p>
   </div>
   <div class='ocr_carea' id='block_1_18' title="bbox 1975 509 3619 581">
    <p class='ocr_par' dir='ltr' id='par_1_18' title="bbox 1975 509 3619 581">
     <span class='ocr_line' id='line_1_18' title="bbox 1975 509 3619 581; baseline 0.002 -16"><span class='ocrx_word' id='word_1_114' title='bbox 1975 509 2104 565; x_wconf 91' lang='lat' dir='ltr'>dem</span> <span class='ocrx_word' id='word_1_115' title='bbox 2130 514 2294 581; x_wconf 87' lang='lat' dir='ltr'>patre</span> <span class='ocrx_word' id='word_1_116' title='bbox 2319 512 2517 566; x_wconf 92' lang='lat' dir='ltr'>nostro</span> <span class='ocrx_word' id='word_1_117' title='bbox 2545 509 3182 580; x_wconf 90' lang='lat' dir='ltr'>ibidemtranspositus,</span> <span class='ocrx_word' id='word_1_118' title='bbox 3199 514 3258 566; x_wconf 90' lang='lat' dir='ltr'>et</span> <span class='ocrx_word' id='word_1_119' title='bbox 3276 518 3619 568; x_wconf 90' lang='lat' dir='ltr'>reverenter</span> 
     </span>
    </p>
   </div>
   <div class='ocr_carea' id='block_1_19' title="bbox 1975 598 3619 671">
    <p class='ocr_par' dir='ltr' id='par_1_19' title="bbox 1975 598 3619 671">
     <span class='ocr_line' id='line_1_19' title="bbox 1975 598 3619 671; baseline 0.004 -20"><span class='ocrx_word' id='word_1_120' title='bbox 1975 598 2316 655; x_wconf 91' lang='lat' dir='ltr'>tumulatus.</span> <span class='ocrx_word' id='word_1_121' title='bbox 2353 600 2599 655; x_wconf 89' lang='lat' dir='ltr'>Peracto</span> <span class='ocrx_word' id='word_1_122' title='bbox 2630 612 2771 655; x_wconf 92' lang='lat' dir='ltr'>vero</span> <span class='ocrx_word' id='word_1_123' title='bbox 2802 598 3123 670; x_wconf 72' lang='lat' dir='ltr'>sepulturae</span> <span class='ocrx_word' id='word_1_124' title='bbox 3152 599 3358 671; x_wconf 80' lang='lat' dir='ltr'>oﬂlcio,</span> <span class='ocrx_word' id='word_1_125' title='bbox 3399 600 3494 656; x_wconf 93' lang='lat' dir='ltr'>ubi</span> <span class='ocrx_word' id='word_1_126' title='bbox 3546 602 3619 657; x_wconf 89' lang='lat' dir='ltr'>ab</span> 
     </span>
    </p>
   </div>
   <div class='ocr_carea' id='block_1_20' title="bbox 1976 686 3631 768">
    <p class='ocr_par' dir='ltr' id='par_1_20' title="bbox 1976 686 3631 768">
     <span class='ocr_line' id='line_1_20' title="bbox 1976 686 3631 768; baseline 0.002 -26"><span class='ocrx_word' id='word_1_127' title='bbox 1976 686 2108 743; x_wconf 88' lang='lat' dir='ltr'>aliis</span> <span class='ocrx_word' id='word_1_128' title='bbox 2136 687 2456 745; x_wconf 88' lang='lat' dir='ltr'>discessum</span> <span class='ocrx_word' id='word_1_129' title='bbox 2487 692 2596 758; x_wconf 89' lang='lat' dir='ltr'>est,</span> <span class='ocrx_word' id='word_1_130' title='bbox 2631 687 2703 744; x_wconf 90' lang='lat' dir='ltr'>ad</span> <span class='ocrx_word' id='word_1_131' title='bbox 2734 687 3194 759; x_wconf 90' lang='lat' dir='ltr'>componendum</span> <span class='ocrx_word' id='word_1_132' title='bbox 3228 687 3338 745; x_wconf 86' lang='lat' dir='ltr'>viri</span> <span class='ocrx_word' id='word_1_133' title='bbox 3390 689 3488 746; x_wconf 91' lang='lat' dir='ltr'>Dei</span> <span class='ocrx_word' id='word_1_134' title='bbox 3540 689 3631 768; x_wconf 46' lang='lat' dir='ltr'>le,</span> 
     </span>
    </p>
   </div>
   <div class='ocr_carea' id='block_1_21' title="bbox 1978 774 3627 845">
    <p class='ocr_par' dir='ltr' id='par_1_21' title="bbox 1978 774 3627 845">
     <span class='ocr_line' id='line_1_21' title="bbox 1978 774 3627 845; baseline 0.002 -14"><span class='ocrx_word' id='word_1_135' title='bbox 1978 780 2137 831; x_wconf 91' lang='lat' dir='ltr'>ctum</span> <span class='ocrx_word' id='word_1_136' title='bbox 2168 776 2456 833; x_wconf 90' lang='lat' dir='ltr'>unanimis</span> <span class='ocrx_word' id='word_1_137' title='bbox 2484 791 2545 833; x_wconf 91' lang='lat' dir='ltr'>se</span> <span class='ocrx_word' id='word_1_138' title='bbox 2579 775 2828 832; x_wconf 85' lang='lat' dir='ltr'>filiorum</span> <span class='ocrx_word' id='word_1_139' title='bbox 2861 774 3129 831; x_wconf 87' lang='lat' dir='ltr'>accendit</span> <span class='ocrx_word' id='word_1_140' title='bbox 3162 776 3414 834; x_wconf 89' lang='lat' dir='ltr'>devotio.</span> <span class='ocrx_word' id='word_1_141' title='bbox 3450 777 3627 845; x_wconf 85' lang='lat' dir='ltr'>Quat-</span> 
     </span>
    </p>
   </div>
   <div class='ocr_carea' id='block_1_22' title="bbox 1982 863 3623 937">
    <p class='ocr_par' dir='ltr' id='par_1_22' title="bbox 1982 863 3623 937">
     <span class='ocr_line' id='line_1_22' title="bbox 1982 863 3623 937; baseline 0.003 -18"><span class='ocrx_word' id='word_1_142' title='bbox 1982 868 2116 919; x_wconf 91' lang='lat' dir='ltr'>tuor</span> <span class='ocrx_word' id='word_1_143' title='bbox 2134 863 2458 935; x_wconf 62' lang='lat' dir='ltr'>columpnaa</span> <span class='ocrx_word' id='word_1_144' title='bbox 2480 879 2817 921; x_wconf 60' lang='lat' dir='ltr'>marmoreae</span> <span class='ocrx_word' id='word_1_145' title='bbox 2842 863 3201 936; x_wconf 84' lang='lat' dir='ltr'>cooperculo</span> <span class='ocrx_word' id='word_1_146' title='bbox 3216 865 3514 937; x_wconf 84' lang='lat' dir='ltr'>sepulchri</span> <span class='ocrx_word' id='word_1_147' title='bbox 3530 882 3623 924; x_wconf 89' lang='lat' dir='ltr'>ce-</span> 
     </span>
    </p>
   </div>
   <div class='ocr_carea' id='block_1_23' title="bbox 1981 954 3617 1026">
    <p class='ocr_par' dir='ltr' id='par_1_23' title="bbox 1981 954 3617 1026">
     <span class='ocr_line' id='line_1_23' title="bbox 1981 954 3617 1026; baseline 0.002 -18"><span class='ocrx_word' id='word_1_148' title='bbox 1981 958 2174 1009; x_wconf 90' lang='lat' dir='ltr'>mento</span> <span class='ocrx_word' id='word_1_149' title='bbox 2206 954 2361 1010; x_wconf 91' lang='lat' dir='ltr'>facto</span> <span class='ocrx_word' id='word_1_150' title='bbox 2390 968 2461 1011; x_wconf 82' lang='lat' dir='ltr'>ex</span> <span class='ocrx_word' id='word_1_151' title='bbox 2490 955 2694 1010; x_wconf 84' lang='lat' dir='ltr'>eodem</span> <span class='ocrx_word' id='word_1_152' title='bbox 2729 968 3016 1009; x_wconf 90' lang='lat' dir='ltr'>marmore</span> <span class='ocrx_word' id='word_1_153' title='bbox 3058 960 3473 1026; x_wconf 85' lang='lat' dir='ltr'>conectuntur,</span> <span class='ocrx_word' id='word_1_154' title='bbox 3526 956 3617 1012; x_wconf 90' lang='lat' dir='ltr'>bis</span> 
     </span>
    </p>
   </div>
   <div class='ocr_carea' id='block_1_24' title="bbox 1988 1041 3623 1114">
    <p class='ocr_par' dir='ltr' id='par_1_24' title="bbox 1988 1041 3623 1114">
     <span class='ocr_line' id='line_1_24' title="bbox 1988 1041 3623 1114; baseline 0.003 -17"><span class='ocrx_word' id='word_1_155' title='bbox 1988 1041 2240 1112; x_wconf 89' lang='lat' dir='ltr'>desuper</span> <span class='ocrx_word' id='word_1_156' title='bbox 2273 1042 2471 1099; x_wconf 90' lang='lat' dir='ltr'>tabula</span> <span class='ocrx_word' id='word_1_157' title='bbox 2500 1057 2821 1098; x_wconf 89' lang='lat' dir='ltr'>marmorea</span> <span class='ocrx_word' id='word_1_158' title='bbox 2853 1043 3219 1114; x_wconf 70' lang='lat' dir='ltr'>przegrandis</span> <span class='ocrx_word' id='word_1_159' title='bbox 3252 1042 3380 1114; x_wconf 91' lang='lat' dir='ltr'>ipso</span> <span class='ocrx_word' id='word_1_160' title='bbox 3416 1043 3623 1102; x_wconf 91' lang='lat' dir='ltr'>eodem</span> 
     </span>
    </p>
   </div>
   <div class='ocr_carea' id='block_1_25' title="bbox 1986 1131 3631 1203">
    <p class='ocr_par' dir='ltr' id='par_1_25' title="bbox 1986 1131 3631 1203">
     <span class='ocr_line' id='line_1_25' title="bbox 1986 1131 3631 1203; baseline 0.002 -18"><span class='ocrx_word' id='word_1_161' title='bbox 1986 1135 2253 1186; x_wconf 88' lang='lat' dir='ltr'>cemento</span> <span class='ocrx_word' id='word_1_162' title='bbox 2282 1131 2639 1202; x_wconf 87' lang='lat' dir='ltr'>adjungitur,</span> <span class='ocrx_word' id='word_1_163' title='bbox 2673 1133 2729 1187; x_wconf 92' lang='lat' dir='ltr'>et</span> <span class='ocrx_word' id='word_1_164' title='bbox 2755 1131 2838 1187; x_wconf 91' lang='lat' dir='ltr'>sic</span> <span class='ocrx_word' id='word_1_165' title='bbox 2862 1132 3115 1203; x_wconf 87' lang='lat' dir='ltr'>desuper</span> <span class='ocrx_word' id='word_1_166' title='bbox 3135 1131 3488 1203; x_wconf 83' lang='lat' dir='ltr'>cooperculo</span> <span class='ocrx_word' id='word_1_167' title='bbox 3516 1148 3631 1189; x_wconf 87' lang='lat' dir='ltr'>ma-</span> 
     </span>
    </p>
   </div>
   <div class='ocr_carea' id='block_1_26' title="bbox 1989 1218 3625 1291">
    <p class='ocr_par' dir='ltr' id='par_1_26' title="bbox 1989 1218 3625 1291">
     <span class='ocr_line' id='line_1_26' title="bbox 1989 1218 3625 1291; baseline 0.001 -16"><span class='ocrx_word' id='word_1_168' title='bbox 1989 1219 2162 1275; x_wconf 64' lang='lat' dir='ltr'>ceriae</span> <span class='ocrx_word' id='word_1_169' title='bbox 2192 1218 2553 1290; x_wconf 88' lang='lat' dir='ltr'>aliquantum</span> <span class='ocrx_word' id='word_1_170' title='bbox 2582 1220 2968 1291; x_wconf 89' lang='lat' dir='ltr'>construitur,</span> <span class='ocrx_word' id='word_1_171' title='bbox 2997 1225 3055 1276; x_wconf 92' lang='lat' dir='ltr'>et</span> <span class='ocrx_word' id='word_1_172' title='bbox 3089 1219 3278 1277; x_wconf 91' lang='lat' dir='ltr'>solido</span> <span class='ocrx_word' id='word_1_173' title='bbox 3320 1220 3625 1277; x_wconf 89' lang='lat' dir='ltr'>bituminis</span> 
     </span>
    </p>
   </div>
   <div class='ocr_carea' id='block_1_27' title="bbox 1987 1307 3623 1382">
    <p class='ocr_par' dir='ltr' id='par_1_27' title="bbox 1987 1307 3623 1382">
     <span class='ocr_line' id='line_1_27' title="bbox 1987 1307 3623 1382; baseline 0.004 -20"><span class='ocrx_word' id='word_1_174' title='bbox 1987 1307 2239 1377; x_wconf 89' lang='lat' dir='ltr'>gluttine</span> <span class='ocrx_word' id='word_1_175' title='bbox 2270 1308 2575 1365; x_wconf 89' lang='lat' dir='ltr'>solidatur.</span> <span class='ocrx_word' id='word_1_176' title='bbox 2607 1309 2837 1367; x_wconf 69' lang='lat' dir='ltr'>Tabulae</span> <span class='ocrx_word' id='word_1_177' title='bbox 2870 1324 3008 1365; x_wconf 89' lang='lat' dir='ltr'>vero</span> <span class='ocrx_word' id='word_1_178' title='bbox 3039 1310 3095 1364; x_wconf 88' lang='lat' dir='ltr'>in</span> <span class='ocrx_word' id='word_1_179' title='bbox 3126 1309 3309 1367; x_wconf 91' lang='lat' dir='ltr'>altum</span> <span class='ocrx_word' id='word_1_180' title='bbox 3335 1314 3623 1382; x_wconf 67' lang='lat' dir='ltr'>porrecta:</span> 
     </span>
    </p>
   </div>
   <div class='ocr_carea' id='block_1_28' title="bbox 1989 1394 3628 1471">
    <p class='ocr_par' dir='ltr' id='par_1_28' title="bbox 1989 1394 3628 1471">
     <span class='ocr_line' id='line_1_28' title="bbox 1989 1394 3628 1471; baseline 0.002 -21"><span class='ocrx_word' id='word_1_181' title='bbox 1989 1394 2231 1453; x_wconf 91' lang='lat' dir='ltr'>linteum</span> <span class='ocrx_word' id='word_1_182' title='bbox 2256 1398 2591 1469; x_wconf 89' lang='lat' dir='ltr'>imponitur,</span> <span class='ocrx_word' id='word_1_183' title='bbox 2612 1402 2671 1454; x_wconf 89' lang='lat' dir='ltr'>et</span> <span class='ocrx_word' id='word_1_184' title='bbox 2692 1400 2744 1454; x_wconf 90' lang='lat' dir='ltr'>ei</span> <span class='ocrx_word' id='word_1_185' title='bbox 2772 1397 3008 1471; x_wconf 90' lang='lat' dir='ltr'>pallium</span> <span class='ocrx_word' id='word_1_186' title='bbox 3034 1397 3477 1469; x_wconf 91' lang='lat' dir='ltr'>superadditum</span> <span class='ocrx_word' id='word_1_187' title='bbox 3501 1404 3591 1455; x_wconf 90' lang='lat' dir='ltr'>est</span> <span class='ocrx_word' id='word_1_188' title='bbox 3613 1418 3628 1468; x_wconf 89' lang='lat'><strong>;</strong></span> 
     </span>
    </p>
   </div>
   <div class='ocr_carea' id='block_1_29' title="bbox 1989 1487 3626 1559">
    <p class='ocr_par' dir='ltr' id='par_1_29' title="bbox 1989 1487 3626 1559">
     <span class='ocr_line' id='line_1_29' title="bbox 1989 1487 3626 1559; baseline 0.001 -17"><span class='ocrx_word' id='word_1_189' title='bbox 1989 1489 2050 1542; x_wconf 91' lang='lat' dir='ltr'>ut</span> <span class='ocrx_word' id='word_1_190' title='bbox 2083 1487 2311 1543; x_wconf 90' lang='lat' dir='ltr'>cunctis</span> <span class='ocrx_word' id='word_1_191' title='bbox 2329 1487 2707 1544; x_wconf 88' lang='lat' dir='ltr'>cernentibus</span> <span class='ocrx_word' id='word_1_192' title='bbox 2729 1493 2999 1559; x_wconf 90' lang='lat' dir='ltr'>patenter</span> <span class='ocrx_word' id='word_1_193' title='bbox 3022 1489 3197 1544; x_wconf 88' lang='lat' dir='ltr'>detur</span> <span class='ocrx_word' id='word_1_194' title='bbox 3222 1488 3471 1558; x_wconf 79' lang='lat' dir='ltr'>intelligi</span> <span class='ocrx_word' id='word_1_195' title='bbox 3496 1503 3626 1545; x_wconf 88' lang='lat' dir='ltr'>eum</span> 
     </span>
    </p>
   </div>
   <div class='ocr_carea' id='block_1_30' title="bbox 1989 1577 3627 1649">
    <p class='ocr_par' dir='ltr' id='par_1_30' title="bbox 1989 1577 3627 1649">
     <span class='ocr_line' id='line_1_30' title="bbox 1989 1577 3627 1649; baseline 0.002 -19"><span class='ocrx_word' id='word_1_196' title='bbox 1989 1577 2180 1646; x_wconf 90' lang='lat' dir='ltr'>magni</span> <span class='ocrx_word' id='word_1_197' title='bbox 2213 1591 2341 1633; x_wconf 90' lang='lat' dir='ltr'>esse</span> <span class='ocrx_word' id='word_1_198' title='bbox 2374 1578 2588 1649; x_wconf 91' lang='lat' dir='ltr'>meriti,</span> <span class='ocrx_word' id='word_1_199' title='bbox 2621 1577 2790 1647; x_wconf 87' lang='lat' dir='ltr'>cujus</span> <span class='ocrx_word' id='word_1_200' title='bbox 2818 1592 3033 1649; x_wconf 89' lang='lat' dir='ltr'>corpus</span> <span class='ocrx_word' id='word_1_201' title='bbox 3072 1577 3155 1633; x_wconf 90' lang='lat' dir='ltr'>sic</span> <span class='ocrx_word' id='word_1_202' title='bbox 3204 1577 3524 1635; x_wconf 88' lang='lat' dir='ltr'>honoratur</span> <span class='ocrx_word' id='word_1_203' title='bbox 3571 1579 3627 1634; x_wconf 89' lang='lat' dir='ltr'>in</span> 
     </span>
    </p>
   </div>
   <div class='ocr_carea' id='block_1_31' title="bbox 231 1664 3628 1739">
    <p class='ocr_par' dir='ltr' id='par_1_31' title="bbox 231 1664 3628 1739">
     <span class='ocr_line' id='line_1_31' title="bbox 231 1664 3628 1739; baseline 0.002 -20"><span class='ocrx_word' id='word_1_204' title='bbox 231 1676 295 1719; x_wconf 86' lang='lat' dir='ltr'>sa</span> <span class='ocrx_word' id='word_1_205' title='bbox 327 1677 356 1719; x_wconf 90' lang='lat' dir='ltr'>a</span> <span class='ocrx_word' id='word_1_206' title='bbox 390 1664 667 1734; x_wconf 83' lang='lat' dir='ltr'>pontifice</span> <span class='ocrx_word' id='word_1_207' title='bbox 692 1666 1009 1735; x_wconf 90' lang='lat' dir='ltr'>celebrata,</span> <span class='ocrx_word' id='word_1_208' title='bbox 1044 1666 1297 1722; x_wconf 91' lang='lat' dir='ltr'>tamdem</span> <span class='ocrx_word' id='word_1_209' title='bbox 1326 1672 1513 1739; x_wconf 67' lang='lat' dir='ltr'>portae</span> <span class='ocrx_word' id='word_1_210' title='bbox 1538 1668 1875 1723; x_wconf 86' lang='lat' dir='ltr'>monasterii</span> <span class='ocrx_word' id='word_1_211' title='bbox 1913 1737 1941 1739; x_wconf 77' lang='lat'><strong><em>_</em></strong></span> <span class='ocrx_word' id='word_1_212' title='bbox 1986 1666 2182 1722; x_wconf 90' lang='lat' dir='ltr'>terris.</span> <span class='ocrx_word' id='word_1_213' title='bbox 2220 1667 2289 1722; x_wconf 92' lang='lat' dir='ltr'>Et</span> <span class='ocrx_word' id='word_1_214' title='bbox 2319 1667 2545 1723; x_wconf 91' lang='lat' dir='ltr'>merito.</span> <span class='ocrx_word' id='word_1_215' title='bbox 2582 1667 2745 1733; x_wconf 89' lang='lat' dir='ltr'>Quod</span> <span class='ocrx_word' id='word_1_216' title='bbox 2766 1668 2917 1723; x_wconf 92' lang='lat' dir='ltr'>enim</span> <span class='ocrx_word' id='word_1_217' title='bbox 2944 1668 3051 1723; x_wconf 93' lang='lat' dir='ltr'>fuit</span> <span class='ocrx_word' id='word_1_218' title='bbox 3072 1666 3200 1737; x_wconf 89' lang='lat' dir='ltr'>ejus</span> <span class='ocrx_word' id='word_1_219' title='bbox 3225 1667 3279 1722; x_wconf 92' lang='lat' dir='ltr'>in</span> <span class='ocrx_word' id='word_1_220' title='bbox 3305 1667 3482 1725; x_wconf 90' lang='lat' dir='ltr'>terris</span> <span class='ocrx_word' id='word_1_221' title='bbox 3505 1672 3628 1725; x_wconf 88' lang='lat' dir='ltr'>stu-</span> 
     </span>
    </p>
   </div>
   <div class='ocr_carea' id='block_1_32' title="bbox 230 1737 3632 1841">
    <p class='ocr_par' dir='ltr' id='par_1_32' title="bbox 230 1737 3632 1841">
     <span class='ocr_line' id='line_1_32' title="bbox 230 1737 3632 1841; baseline 0.002 -34"><span class='ocrx_word' id='word_1_222' title='bbox 230 1758 454 1824; x_wconf 74' lang='lat' dir='ltr'>apertze</span> <span class='ocrx_word' id='word_1_223' title='bbox 486 1758 643 1825; x_wconf 89' lang='lat' dir='ltr'>sunt,</span> <span class='ocrx_word' id='word_1_224' title='bbox 676 1759 733 1810; x_wconf 90' lang='lat' dir='ltr'>et</span> <span class='ocrx_word' id='word_1_225' title='bbox 766 1770 904 1811; x_wconf 92' lang='lat' dir='ltr'>ecce</span> <span class='ocrx_word' id='word_1_226' title='bbox 931 1756 1180 1828; x_wconf 92' lang='lat' dir='ltr'>populus</span> <span class='ocrx_word' id='word_1_227' title='bbox 1198 1737 1639 1814; x_wconf 84' lang='lat' dir='ltr'>innumerabilis</span> <span class='ocrx_word' id='word_1_228' title='bbox 1664 1758 1879 1814; x_wconf 91' lang='lat' dir='ltr'>utrius-</span> <span class='ocrx_word' id='word_1_229' title='bbox 1908 1737 1957 1802; x_wconf 88' lang='grc' dir='ltr'>Β</span> <span class='ocrx_word' id='word_1_230' title='bbox 1988 1753 2167 1824; x_wconf 90' lang='lat' dir='ltr'>dium,</span> <span class='ocrx_word' id='word_1_231' title='bbox 2198 1755 2305 1811; x_wconf 90' lang='lat' dir='ltr'>nisi</span> <span class='ocrx_word' id='word_1_232' title='bbox 2338 1757 2514 1811; x_wconf 89' lang='lat' dir='ltr'>Deum</span> <span class='ocrx_word' id='word_1_233' title='bbox 2546 1755 2811 1826; x_wconf 85' lang='lat' dir='ltr'>diligere,</span> <span class='ocrx_word' id='word_1_234' title='bbox 2843 1762 2898 1811; x_wconf 92' lang='lat' dir='ltr'>et</span> <span class='ocrx_word' id='word_1_235' title='bbox 2931 1762 3167 1813; x_wconf 90' lang='lat' dir='ltr'>sanctos</span> <span class='ocrx_word' id='word_1_236' title='bbox 3183 1756 3311 1826; x_wconf 88' lang='lat' dir='ltr'>ejus</span> <span class='ocrx_word' id='word_1_237' title='bbox 3334 1758 3632 1841; x_wconf 58' lang='lat' dir='ltr'>venerari,</span> 
     </span>
    </p>
   </div>
   <div class='ocr_carea' id='block_1_33' title="bbox 231 1844 1872 1912">
    <p class='ocr_par' dir='ltr' id='par_1_33' title="bbox 231 1844 1872 1912">
     <span class='ocr_line' id='line_1_33' title="bbox 231 1844 1872 1912; baseline 0.004 -15"><span class='ocrx_word' id='word_1_238' title='bbox 231 1855 349 1912; x_wconf 91' lang='lat' dir='ltr'>que</span> <span class='ocrx_word' id='word_1_239' title='bbox 376 1856 551 1899; x_wconf 86' lang='lat' dir='ltr'>sexus</span> <span class='ocrx_word' id='word_1_240' title='bbox 582 1848 641 1899; x_wconf 93' lang='lat' dir='ltr'>et</span> <span class='ocrx_word' id='word_1_241' title='bbox 672 1844 897 1901; x_wconf 90' lang='lat' dir='ltr'>ordinis</span> <span class='ocrx_word' id='word_1_242' title='bbox 928 1845 1097 1902; x_wconf 90' lang='lat' dir='ltr'>irruit</span> <span class='ocrx_word' id='word_1_243' title='bbox 1129 1861 1259 1902; x_wconf 93' lang='lat' dir='ltr'>cum</span> <span class='ocrx_word' id='word_1_244' title='bbox 1284 1845 1540 1902; x_wconf 90' lang='lat' dir='ltr'>lacrimis</span> <span class='ocrx_word' id='word_1_245' title='bbox 1563 1851 1619 1902; x_wconf 93' lang='lat' dir='ltr'>et</span> <span class='ocrx_word' id='word_1_246' title='bbox 1645 1845 1872 1903; x_wconf 91' lang='lat' dir='ltr'>ululatu</span> 
     </span>
    </p>
   </div>
   <div class='ocr_carea' id='block_1_34' title="bbox 229 1929 1871 2006">
    <p class='ocr_par' dir='ltr' id='par_1_34' title="bbox 229 1929 1871 2006">
     <span class='ocr_line' id='line_1_34' title="bbox 229 1929 1871 2006; baseline 0.003 -21"><span class='ocrx_word' id='word_1_247' title='bbox 229 1929 450 1987; x_wconf 88' lang='lat' dir='ltr'>cordis.</span> <span class='ocrx_word' id='word_1_248' title='bbox 485 1931 627 2003; x_wconf 88' lang='lat' dir='ltr'>(Fol.</span> <span class='ocrx_word' id='word_1_249' title='bbox 659 1934 773 2003; x_wconf 85' lang='lat'>93.)</span> <span class='ocrx_word' id='word_1_250' title='bbox 807 1933 983 1990; x_wconf 88' lang='lat' dir='ltr'>Plena</span> <span class='ocrx_word' id='word_1_251' title='bbox 1015 1942 1143 1991; x_wconf 89' lang='lat' dir='ltr'>erat</span> <span class='ocrx_word' id='word_1_252' title='bbox 1172 1934 1436 1991; x_wconf 70' lang='lat' dir='ltr'>aecclesia</span> <span class='ocrx_word' id='word_1_253' title='bbox 1477 1935 1871 2006; x_wconf 88' lang='lat' dir='ltr'>lacrimarum,</span> 
     </span>
    </p>
   </div>
   <div class='ocr_carea' id='block_1_35' title="bbox 231 2021 1877 2096">
    <p class='ocr_par' dir='ltr' id='par_1_35' title="bbox 231 2021 1877 2096">
     <span class='ocr_line' id='line_1_35' title="bbox 231 2021 1877 2096; baseline 0.004 -21"><span class='ocrx_word' id='word_1_254' title='bbox 231 2034 434 2076; x_wconf 91' lang='lat' dir='ltr'>omnes</span> <span class='ocrx_word' id='word_1_255' title='bbox 462 2021 519 2075; x_wconf 89' lang='lat' dir='ltr'>in</span> <span class='ocrx_word' id='word_1_256' title='bbox 548 2035 852 2079; x_wconf 89' lang='lat' dir='ltr'>commune</span> <span class='ocrx_word' id='word_1_257' title='bbox 886 2023 963 2094; x_wconf 87' lang='lat' dir='ltr'>pii</span> <span class='ocrx_word' id='word_1_258' title='bbox 996 2024 1181 2095; x_wconf 85' lang='lat' dir='ltr'>patris</span> <span class='ocrx_word' id='word_1_259' title='bbox 1208 2023 1500 2080; x_wconf 84' lang='lat' dir='ltr'>deflebant</span> <span class='ocrx_word' id='word_1_260' title='bbox 1532 2025 1773 2096; x_wconf 90' lang='lat' dir='ltr'>obitum,</span> <span class='ocrx_word' id='word_1_261' title='bbox 1809 2040 1877 2082; x_wconf 91' lang='lat' dir='ltr'>ac</span> 
     </span>
    </p>
   </div>
   <div class='ocr_carea' id='block_1_36' title="bbox 237 2108 1878 2185">
    <p class='ocr_par' dir='ltr' id='par_1_36' title="bbox 237 2108 1878 2185">
     <span class='ocr_line' id='line_1_36' title="bbox 237 2108 1878 2185; baseline 0.004 -21"><span class='ocrx_word' id='word_1_262' title='bbox 237 2109 288 2165; x_wconf 91' lang='lat' dir='ltr'>si</span> <span class='ocrx_word' id='word_1_263' title='bbox 321 2108 587 2166; x_wconf 89' lang='lat' dir='ltr'>viderent</span> <span class='ocrx_word' id='word_1_264' title='bbox 617 2110 916 2167; x_wconf 89' lang='lat' dir='ltr'>imminere</span> <span class='ocrx_word' id='word_1_265' title='bbox 950 2112 1250 2170; x_wconf 90' lang='lat' dir='ltr'>interitum</span> <span class='ocrx_word' id='word_1_266' title='bbox 1285 2114 1507 2185; x_wconf 76' lang='lat' dir='ltr'>patriae.</span> <span class='ocrx_word' id='word_1_267' title='bbox 1546 2114 1590 2169; x_wconf 95' lang='grc' dir='ltr'>Ο</span> <span class='ocrx_word' id='word_1_268' title='bbox 1624 2120 1878 2185; x_wconf 90' lang='lat' dir='ltr'>quantus</span> 
     </span>
    </p>
   </div>
   <div class='ocr_carea' id='block_1_37' title="bbox 240 2195 1877 2275">
    <p class='ocr_par' dir='ltr' id='par_1_37' title="bbox 240 2195 1877 2275">
     <span class='ocr_line' id='line_1_37' title="bbox 240 2195 1877 2275; baseline 0.005 -24"><span class='ocrx_word' id='word_1_269' title='bbox 240 2195 435 2255; x_wconf 90' lang='lat' dir='ltr'>luctus</span> <span class='ocrx_word' id='word_1_270' title='bbox 466 2199 716 2257; x_wconf 91' lang='lat' dir='ltr'>omnium</span> <span class='ocrx_word' id='word_1_271' title='bbox 744 2202 756 2255; x_wconf 91' lang='lat'><strong>!</strong></span> <span class='ocrx_word' id='word_1_272' title='bbox 790 2207 1004 2272; x_wconf 89' lang='lat' dir='ltr'>quanta</span> <span class='ocrx_word' id='word_1_273' title='bbox 1038 2207 1178 2259; x_wconf 67' lang='lat' dir='ltr'>totae</span> <span class='ocrx_word' id='word_1_274' title='bbox 1211 2204 1339 2259; x_wconf 88' lang='lat' dir='ltr'>uroi</span> <span class='ocrx_word' id='word_1_275' title='bbox 1372 2204 1631 2260; x_wconf 91' lang='lat' dir='ltr'>mestitia</span> <span class='ocrx_word' id='word_1_276' title='bbox 1659 2206 1671 2259; x_wconf 82' lang='lat' dir='ltr'>l</span> <span class='ocrx_word' id='word_1_277' title='bbox 1706 2218 1877 2275; x_wconf 90' lang='lat' dir='ltr'>quam</span> 
     </span>
    </p>
   </div>
   <div class='ocr_carea' id='block_1_38' title="bbox 238 2286 1877 2364">
    <p class='ocr_par' dir='ltr' id='par_1_38' title="bbox 238 2286 1877 2364">
     <span class='ocr_line' id='line_1_38' title="bbox 238 2286 1877 2364; baseline 0.005 -23"><span class='ocrx_word' id='word_1_278' title='bbox 238 2286 329 2358; x_wconf 89' lang='lat' dir='ltr'>pia</span> <span class='ocrx_word' id='word_1_279' title='bbox 361 2293 489 2344; x_wconf 88' lang='lat' dir='ltr'>erat</span> <span class='ocrx_word' id='word_1_280' title='bbox 521 2288 591 2345; x_wconf 87' lang='lat' dir='ltr'>de</span> <span class='ocrx_word' id='word_1_281' title='bbox 624 2290 750 2361; x_wconf 86' lang='lat' dir='ltr'>ejus</span> <span class='ocrx_word' id='word_1_282' title='bbox 776 2291 940 2347; x_wconf 91' lang='lat' dir='ltr'>obitu</span> <span class='ocrx_word' id='word_1_283' title='bbox 971 2293 1304 2364; x_wconf 90' lang='lat' dir='ltr'>eompassio</span> <span class='ocrx_word' id='word_1_284' title='bbox 1331 2295 1343 2347; x_wconf 94' lang='lat'><strong>!</strong></span> <span class='ocrx_word' id='word_1_285' title='bbox 1379 2299 1591 2364; x_wconf 90' lang='lat' dir='ltr'>quanta</span> <span class='ocrx_word' id='word_1_286' title='bbox 1623 2293 1877 2349; x_wconf 91' lang='lat' dir='ltr'>omnium</span> 
     </span>
    </p>
   </div>
   <div class='ocr_carea' id='block_1_39' title="bbox 239 2375 1880 2454">
    <p class='ocr_par' dir='ltr' id='par_1_39' title="bbox 239 2375 1880 2454">
     <span class='ocr_line' id='line_1_39' title="bbox 239 2375 1880 2454; baseline 0.006 -24"><span class='ocrx_word' id='word_1_287' title='bbox 239 2375 552 2434; x_wconf 89' lang='lat' dir='ltr'>destitutio</span> <span class='ocrx_word' id='word_1_288' title='bbox 580 2381 592 2433; x_wconf 82' lang='lat' dir='ltr'>l</span> <span class='ocrx_word' id='word_1_289' title='bbox 626 2380 703 2435; x_wconf 89' lang='lat' dir='ltr'>Ea</span> <span class='ocrx_word' id='word_1_290' title='bbox 727 2378 850 2436; x_wconf 87' lang='lat' dir='ltr'>dies</span> <span class='ocrx_word' id='word_1_291' title='bbox 882 2385 1005 2436; x_wconf 91' lang='lat' dir='ltr'>tota</span> <span class='ocrx_word' id='word_1_292' title='bbox 1041 2382 1145 2438; x_wconf 88' lang='lat' dir='ltr'>fuit</span> <span class='ocrx_word' id='word_1_293' title='bbox 1169 2383 1510 2453; x_wconf 91' lang='lat' dir='ltr'>gemituum,</span> <span class='ocrx_word' id='word_1_294' title='bbox 1538 2387 1658 2439; x_wconf 91' lang='lat' dir='ltr'>tota</span> <span class='ocrx_word' id='word_1_295' title='bbox 1686 2383 1880 2454; x_wconf 87' lang='lat' dir='ltr'>planc-</span> 
     </span>
    </p>
   </div>
   <div class='ocr_carea' id='block_1_40' title="bbox 235 2465 1881 2542">
    <p class='ocr_par' dir='ltr' id='par_1_40' title="bbox 235 2465 1881 2542">
     <span class='ocr_line' id='line_1_40' title="bbox 235 2465 1881 2542; baseline 0.005 -23"><span class='ocrx_word' id='word_1_296' title='bbox 235 2465 546 2531; x_wconf 86' lang='lat' dir='ltr'>tuum.Qua</span> <span class='ocrx_word' id='word_1_297' title='bbox 572 2467 1121 2540; x_wconf 87' lang='lat' dir='ltr'>advesperascente,</span> <span class='ocrx_word' id='word_1_298' title='bbox 1151 2485 1367 2542; x_wconf 91' lang='lat' dir='ltr'>corpus</span> <span class='ocrx_word' id='word_1_299' title='bbox 1387 2472 1787 2528; x_wconf 87' lang='lat' dir='ltr'>beatissimum</span> <span class='ocrx_word' id='word_1_300' title='bbox 1809 2472 1881 2527; x_wconf 88' lang='lat' dir='ltr'>ad</span> 
     </span>
    </p>
   </div>
   <div class='ocr_carea' id='block_1_41' title="bbox 233 2554 1884 2627">
    <p class='ocr_par' dir='ltr' id='par_1_41' title="bbox 233 2554 1884 2627">
     <span class='ocr_line' id='line_1_41' title="bbox 233 2554 1884 2627; baseline 0.005 -18"><span class='ocrx_word' id='word_1_301' title='bbox 233 2554 618 2627; x_wconf 89' lang='lat' dir='ltr'>principalem</span> <span class='ocrx_word' id='word_1_302' title='bbox 642 2558 966 2617; x_wconf 66' lang='lat' dir='ltr'>tecclesiam</span> <span class='ocrx_word' id='word_1_303' title='bbox 982 2565 1202 2617; x_wconf 66' lang='lat' dir='ltr'>sanctae</span> <span class='ocrx_word' id='word_1_304' title='bbox 1220 2562 1410 2618; x_wconf 64' lang='lat' dir='ltr'>Mariae</span> <span class='ocrx_word' id='word_1_305' title='bbox 1426 2576 1455 2617; x_wconf 90' lang='lat' dir='ltr'>a</span> <span class='ocrx_word' id='word_1_306' title='bbox 1483 2561 1762 2618; x_wconf 80' lang='lat' dir='ltr'>fratribus</span> <span class='ocrx_word' id='word_1_307' title='bbox 1787 2562 1884 2618; x_wconf 90' lang='lat' dir='ltr'>de-</span> 
     </span>
    </p>
   </div>
   <div class='ocr_carea' id='block_1_42' title="bbox 238 2642 1883 2720">
    <p class='ocr_par' dir='ltr' id='par_1_42' title="bbox 238 2642 1883 2720">
     <span class='ocr_line' id='line_1_42' title="bbox 238 2642 1883 2720; baseline 0.006 -23"><span class='ocrx_word' id='word_1_308' title='bbox 238 2642 441 2714; x_wconf 90' lang='lat' dir='ltr'>latum,</span> <span class='ocrx_word' id='word_1_309' title='bbox 463 2645 679 2701; x_wconf 90' lang='lat' dir='ltr'>debitis</span> <span class='ocrx_word' id='word_1_310' title='bbox 700 2648 1028 2717; x_wconf 85' lang='lat' dir='ltr'>vigiliarum</span> <span class='ocrx_word' id='word_1_311' title='bbox 1053 2654 1108 2705; x_wconf 92' lang='lat' dir='ltr'>et</span> <span class='ocrx_word' id='word_1_312' title='bbox 1141 2650 1477 2720; x_wconf 72' lang='lat' dir='ltr'>psalmodize</span> <span class='ocrx_word' id='word_1_313' title='bbox 1496 2652 1700 2707; x_wconf 80' lang='lat' dir='ltr'>officiis</span> <span class='ocrx_word' id='word_1_314' title='bbox 1715 2657 1883 2707; x_wconf 92' lang='lat' dir='ltr'>nocte</span> 
     </span>
    </p>
   </div>
   <div class='ocr_carea' id='block_1_43' title="bbox 237 2732 1883 2804">
    <p class='ocr_par' dir='ltr' id='par_1_43' title="bbox 237 2732 1883 2804">
     <span class='ocr_line' id='line_1_43' title="bbox 237 2732 1883 2804; baseline 0.006 -17"><span class='ocrx_word' id='word_1_315' title='bbox 237 2732 364 2804; x_wconf 90' lang='lat' dir='ltr'>ipsa</span> <span class='ocrx_word' id='word_1_316' title='bbox 397 2733 469 2787; x_wconf 91' lang='lat' dir='ltr'>ab</span> <span class='ocrx_word' id='word_1_317' title='bbox 500 2736 945 2793; x_wconf 84' lang='lat' dir='ltr'>excubitoribus</span> <span class='ocrx_word' id='word_1_318' title='bbox 978 2738 1326 2795; x_wconf 90' lang='lat' dir='ltr'>honoratum</span> <span class='ocrx_word' id='word_1_319' title='bbox 1360 2745 1472 2795; x_wconf 92' lang='lat' dir='ltr'>est.</span> <span class='ocrx_word' id='word_1_320' title='bbox 1518 2742 1576 2795; x_wconf 90' lang='lat' dir='ltr'>In</span> <span class='ocrx_word' id='word_1_321' title='bbox 1622 2742 1883 2797; x_wconf 89' lang='lat' dir='ltr'>crastino</span> 
     </span>
    </p>
   </div>
   <div class='ocr_carea' id='block_1_44' title="bbox 238 2820 1884 2901">
    <p class='ocr_par' dir='ltr' id='par_1_44' title="bbox 238 2820 1884 2901">
     <span class='ocr_line' id='line_1_44' title="bbox 238 2820 1884 2901; baseline 0.007 -27"><span class='ocrx_word' id='word_1_322' title='bbox 238 2820 415 2876; x_wconf 90' lang='lat' dir='ltr'>missa</span> <span class='ocrx_word' id='word_1_323' title='bbox 440 2821 821 2894; x_wconf 89' lang='lat' dir='ltr'>solempniter</span> <span class='ocrx_word' id='word_1_324' title='bbox 842 2826 1138 2881; x_wconf 90' lang='lat' dir='ltr'>celebrata</span> <span class='ocrx_word' id='word_1_325' title='bbox 1155 2829 1515 2897; x_wconf 89' lang='lat' dir='ltr'>acanonicis,</span> <span class='ocrx_word' id='word_1_326' title='bbox 1535 2845 1638 2901; x_wconf 89' lang='lat' dir='ltr'>per</span> <span class='ocrx_word' id='word_1_327' title='bbox 1662 2829 1884 2900; x_wconf 86' lang='lat' dir='ltr'>reliqua</span> 
     </span>
    </p>
   </div>
   <div class='ocr_carea' id='block_1_45' title="bbox 237 2909 1882 2987">
    <p class='ocr_par' dir='ltr' id='par_1_45' title="bbox 237 2909 1882 2987">
     <span class='ocr_line' id='line_1_45' title="bbox 237 2909 1882 2987; baseline 0.005 -22"><span class='ocrx_word' id='word_1_328' title='bbox 237 2909 402 2965; x_wconf 86' lang='lat' dir='ltr'>urbis</span> <span class='ocrx_word' id='word_1_329' title='bbox 434 2912 787 2968; x_wconf 87' lang='lat' dir='ltr'>monasteria</span> <span class='ocrx_word' id='word_1_330' title='bbox 822 2913 1193 2985; x_wconf 88' lang='lat' dir='ltr'>deportatum</span> <span class='ocrx_word' id='word_1_331' title='bbox 1227 2922 1340 2987; x_wconf 89' lang='lat' dir='ltr'>est,</span> <span class='ocrx_word' id='word_1_332' title='bbox 1375 2921 1435 2973; x_wconf 92' lang='lat' dir='ltr'>et</span> <span class='ocrx_word' id='word_1_333' title='bbox 1459 2918 1671 2986; x_wconf 81' lang='lat' dir='ltr'>vigiliis</span> <span class='ocrx_word' id='word_1_334' title='bbox 1704 2918 1882 2974; x_wconf 89' lang='lat' dir='ltr'>missa</span> 
     </span>
    </p>
   </div>
   <div class='ocr_carea' id='block_1_46' title="bbox 233 2999 1878 3077">
    <p class='ocr_par' dir='ltr' id='par_1_46' title="bbox 233 2999 1878 3077">
     <span class='ocr_line' id='line_1_46' title="bbox 233 2999 1878 3077; baseline 0.006 -25"><span class='ocrx_word' id='word_1_335' title='bbox 233 3011 476 3068; x_wconf 90' lang='lat' dir='ltr'>rumque</span> <span class='ocrx_word' id='word_1_336' title='bbox 492 2999 829 3071; x_wconf 87' lang='lat' dir='ltr'>solempuiis</span> <span class='ocrx_word' id='word_1_337' title='bbox 844 3001 1039 3059; x_wconf 88' lang='lat' dir='ltr'>debita</span> <span class='ocrx_word' id='word_1_338' title='bbox 1056 3004 1420 3061; x_wconf 78' lang='lat' dir='ltr'>oﬂlciositate</span> <span class='ocrx_word' id='word_1_339' title='bbox 1436 3006 1878 3077; x_wconf 88' lang='lat' dir='ltr'>percelebratis,</span> 
     </span>
    </p>
   </div>
   <div class='ocr_carea' id='block_1_47' title="bbox 234 3084 1881 3163">
    <p class='ocr_par' dir='ltr' id='par_1_47' title="bbox 234 3084 1881 3163">
     <span class='ocr_line' id='line_1_47' title="bbox 234 3084 1881 3163; baseline 0.005 -24"><span class='ocrx_word' id='word_1_340' title='bbox 234 3084 468 3141; x_wconf 90' lang='lat' dir='ltr'>tandem</span> <span class='ocrx_word' id='word_1_341' title='bbox 498 3086 569 3142; x_wconf 89' lang='lat' dir='ltr'>ad</span> <span class='ocrx_word' id='word_1_342' title='bbox 606 3090 1019 3146; x_wconf 87' lang='lat' dir='ltr'>monasterium</span> <span class='ocrx_word' id='word_1_343' title='bbox 1051 3106 1218 3149; x_wconf 92' lang='lat' dir='ltr'>suum</span> <span class='ocrx_word' id='word_1_344' title='bbox 1250 3092 1496 3150; x_wconf 86' lang='lat' dir='ltr'>relatum</span> <span class='ocrx_word' id='word_1_345' title='bbox 1521 3098 1630 3163; x_wconf 90' lang='lat' dir='ltr'>est,</span> <span class='ocrx_word' id='word_1_346' title='bbox 1661 3098 1720 3149; x_wconf 93' lang='lat' dir='ltr'>et</span> <span class='ocrx_word' id='word_1_347' title='bbox 1747 3094 1881 3149; x_wconf 86' lang='lat' dir='ltr'>filiis</span> 
     </span>
    </p>
   </div>
   <div class='ocr_carea' id='block_1_48' title="bbox 230 3171 1875 3250">
    <p class='ocr_par' dir='ltr' id='par_1_48' title="bbox 230 3171 1875 3250">
     <span class='ocr_line' id='line_1_48' title="bbox 230 3171 1875 3250; baseline 0.008 -23"><span class='ocrx_word' id='word_1_348' title='bbox 230 3171 571 3231; x_wconf 90' lang='lat' dir='ltr'>dolentibus</span> <span class='ocrx_word' id='word_1_349' title='bbox 594 3182 654 3231; x_wconf 91' lang='lat' dir='ltr'>et</span> <span class='ocrx_word' id='word_1_350' title='bbox 677 3177 747 3233; x_wconf 88' lang='lat' dir='ltr'>de</span> <span class='ocrx_word' id='word_1_351' title='bbox 773 3184 958 3235; x_wconf 88' lang='lat' dir='ltr'>morte</span> <span class='ocrx_word' id='word_1_352' title='bbox 980 3179 1105 3250; x_wconf 91' lang='lat' dir='ltr'>ejus</span> <span class='ocrx_word' id='word_1_353' title='bbox 1128 3183 1491 3239; x_wconf 90' lang='lat' dir='ltr'>merentibus</span> <span class='ocrx_word' id='word_1_354' title='bbox 1514 3184 1875 3240; x_wconf 88' lang='lat' dir='ltr'>restitutum.</span> 
     </span>
    </p>
   </div>
   <div class='ocr_carea' id='block_1_49' title="bbox 229 3260 1879 3340">
    <p class='ocr_par' dir='ltr' id='par_1_49' title="bbox 229 3260 1879 3340">
     <span class='ocr_line' id='line_1_49' title="bbox 229 3260 1879 3340; baseline 0.007 -24"><span class='ocrx_word' id='word_1_355' title='bbox 229 3260 396 3318; x_wconf 85' lang='lat' dir='ltr'>Venit</span> <span class='ocrx_word' id='word_1_356' title='bbox 426 3278 567 3334; x_wconf 83' lang='lat' dir='ltr'>ergo</span> <span class='ocrx_word' id='word_1_357' title='bbox 603 3264 728 3323; x_wconf 91' lang='lat' dir='ltr'>dies</span> <span class='ocrx_word' id='word_1_358' title='bbox 762 3269 1038 3340; x_wconf 85' lang='lat' dir='ltr'>crastina,</span> <span class='ocrx_word' id='word_1_359' title='bbox 1073 3273 1129 3325; x_wconf 92' lang='lat' dir='ltr'>et</span> <span class='ocrx_word' id='word_1_360' title='bbox 1163 3284 1297 3326; x_wconf 92' lang='lat' dir='ltr'>ecce</span> <span class='ocrx_word' id='word_1_361' title='bbox 1342 3271 1459 3328; x_wconf 89' lang='lat' dir='ltr'>fere</span> <span class='ocrx_word' id='word_1_362' title='bbox 1491 3272 1648 3329; x_wconf 89' lang='lat' dir='ltr'>circa</span> <span class='ocrx_word' id='word_1_363' title='bbox 1681 3272 1879 3328; x_wconf 91' lang='lat' dir='ltr'>horam</span> 
     </span>
    </p>
   </div>
   <div class='ocr_carea' id='block_1_50' title="bbox 234 3352 1880 3432">
    <p class='ocr_par' dir='ltr' id='par_1_50' title="bbox 234 3352 1880 3432">
     <span class='ocr_line' id='line_1_50' title="bbox 234 3352 1880 3432; baseline 0.008 -27"><span class='ocrx_word' id='word_1_364' title='bbox 234 3352 473 3408; x_wconf 89' lang='lat' dir='ltr'>terciam</span> <span class='ocrx_word' id='word_1_365' title='bbox 507 3362 861 3426; x_wconf 88' lang='lat' dir='ltr'>congregata</span> <span class='ocrx_word' id='word_1_366' title='bbox 893 3363 982 3415; x_wconf 91' lang='lat' dir='ltr'>est</span> <span class='ocrx_word' id='word_1_367' title='bbox 1011 3364 1133 3415; x_wconf 90' lang='lat' dir='ltr'>tota</span> <span class='ocrx_word' id='word_1_368' title='bbox 1157 3360 1365 3416; x_wconf 89' lang='lat' dir='ltr'>civitas</span> <span class='ocrx_word' id='word_1_369' title='bbox 1388 3362 1458 3417; x_wconf 87' lang='lat' dir='ltr'>ad</span> <span class='ocrx_word' id='word_1_370' title='bbox 1482 3362 1880 3432; x_wconf 88' lang='lat' dir='ltr'>sepeliendum</span> 
     </span>
    </p>
   </div>
   <div class='ocr_carea' id='block_1_51' title="bbox 235 3439 1882 3522">
    <p class='ocr_par' dir='ltr' id='par_1_51' title="bbox 235 3439 1882 3522">
     <span class='ocr_line' id='line_1_51' title="bbox 235 3439 1882 3522; baseline 0.008 -27"><span class='ocrx_word' id='word_1_371' title='bbox 235 3439 419 3498; x_wconf 90' lang='lat' dir='ltr'>illum.</span> <span class='ocrx_word' id='word_1_372' title='bbox 454 3443 682 3501; x_wconf 78' lang='lat' dir='ltr'>Missam</span> <span class='ocrx_word' id='word_1_373' title='bbox 715 3446 1038 3505; x_wconf 88' lang='lat' dir='ltr'>celebravit</span> <span class='ocrx_word' id='word_1_374' title='bbox 1072 3450 1407 3521; x_wconf 87' lang='lat' dir='ltr'>episcopus,</span> <span class='ocrx_word' id='word_1_375' title='bbox 1436 3465 1882 3522; x_wconf 88' lang='lat' dir='ltr'>sermonemque</span> 
     </span>
    </p>
   </div>
   <div class='ocr_carea' id='block_1_52' title="bbox 239 3529 1881 3610">
    <p class='ocr_par' dir='ltr' id='par_1_52' title="bbox 239 3529 1881 3610">
     <span class='ocr_line' id='line_1_52' title="bbox 239 3529 1881 3610; baseline 0.006 -25"><span class='ocrx_word' id='word_1_376' title='bbox 239 3529 440 3588; x_wconf 89' lang='lat' dir='ltr'>habuit</span> <span class='ocrx_word' id='word_1_377' title='bbox 475 3532 545 3588; x_wconf 91' lang='lat' dir='ltr'>ad</span> <span class='ocrx_word' id='word_1_378' title='bbox 580 3535 856 3605; x_wconf 91' lang='lat' dir='ltr'>populum</span> <span class='ocrx_word' id='word_1_379' title='bbox 888 3538 960 3593; x_wconf 90' lang='lat' dir='ltr'>de</span> <span class='ocrx_word' id='word_1_380' title='bbox 994 3540 1389 3595; x_wconf 85' lang='lat' dir='ltr'>mutabilitate</span> <span class='ocrx_word' id='word_1_381' title='bbox 1420 3540 1556 3596; x_wconf 65' lang='lat' dir='ltr'>vitae</span> <span class='ocrx_word' id='word_1_382' title='bbox 1586 3540 1781 3610; x_wconf 90' lang='lat' dir='ltr'>hujus,</span> <span class='ocrx_word' id='word_1_383' title='bbox 1824 3544 1881 3596; x_wconf 91' lang='lat' dir='ltr'>et</span> 
     </span>
    </p>
   </div>
   <div class='ocr_carea' id='block_1_53' title="bbox 242 3620 1883 3698">
    <p class='ocr_par' dir='ltr' id='par_1_53' title="bbox 242 3620 1883 3698">
     <span class='ocr_line' id='line_1_53' title="bbox 242 3620 1883 3698; baseline 0.006 -22"><span class='ocrx_word' id='word_1_384' title='bbox 242 3620 495 3692; x_wconf 88' lang='lat' dir='ltr'>qualiter</span> <span class='ocrx_word' id='word_1_385' title='bbox 510 3622 565 3677; x_wconf 94' lang='lat' dir='ltr'>in</span> <span class='ocrx_word' id='word_1_386' title='bbox 581 3623 727 3680; x_wconf 90' lang='lat' dir='ltr'>banc</span> <span class='ocrx_word' id='word_1_387' title='bbox 744 3625 1087 3696; x_wconf 90' lang='lat' dir='ltr'>plorationis</span> <span class='ocrx_word' id='word_1_388' title='bbox 1100 3628 1422 3685; x_wconf 90' lang='lat' dir='ltr'>convallem</span> <span class='ocrx_word' id='word_1_389' title='bbox 1444 3630 1883 3698; x_wconf 89' lang='lat' dir='ltr'>devenerimus;</span> 
     </span>
    </p>
   </div>
   <div class='ocr_carea' id='block_1_54' title="bbox 243 3709 1880 3789">
    <p class='ocr_par' dir='ltr' id='par_1_54' title="bbox 243 3709 1880 3789">
     <span class='ocr_line' id='line_1_54' title="bbox 243 3709 1880 3789; baseline 0.005 -24"><span class='ocrx_word' id='word_1_390' title='bbox 243 3709 373 3779; x_wconf 89' lang='lat' dir='ltr'>quis</span> <span class='ocrx_word' id='word_1_391' title='bbox 403 3710 476 3766; x_wconf 91' lang='lat' dir='ltr'>sit</span> <span class='ocrx_word' id='word_1_392' title='bbox 504 3710 632 3767; x_wconf 86' lang='lat' dir='ltr'>finis</span> <span class='ocrx_word' id='word_1_393' title='bbox 659 3713 958 3786; x_wconf 86' lang='lat' dir='ltr'>bonorum,</span> <span class='ocrx_word' id='word_1_394' title='bbox 987 3716 1188 3787; x_wconf 91' lang='lat' dir='ltr'>quisve</span> <span class='ocrx_word' id='word_1_395' title='bbox 1213 3718 1528 3783; x_wconf 89' lang='lat' dir='ltr'>malorum;</span> <span class='ocrx_word' id='word_1_396' title='bbox 1554 3734 1682 3789; x_wconf 65' lang='lat' dir='ltr'>quae</span> <span class='ocrx_word' id='word_1_397' title='bbox 1709 3719 1880 3775; x_wconf 91' lang='lat' dir='ltr'>fuerit</span> 
     </span>
    </p>
   </div>
   <div class='ocr_carea' id='block_1_55' title="bbox 240 3798 1883 3879">
    <p class='ocr_par' dir='ltr' id='par_1_55' title="bbox 240 3798 1883 3879">
     <span class='ocr_line' id='line_1_55' title="bbox 240 3798 1883 3879; baseline 0.007 -27"><span class='ocrx_word' id='word_1_398' title='bbox 240 3798 426 3879; x_wconf 68' lang='lat' dir='ltr'>patris</span> <span class='ocrx_word' id='word_1_399' title='bbox 458 3799 598 3871; x_wconf 90' lang='lat' dir='ltr'>vita,</span> <span class='ocrx_word' id='word_1_400' title='bbox 625 3816 782 3858; x_wconf 91' lang='lat' dir='ltr'>mors</span> <span class='ocrx_word' id='word_1_401' title='bbox 806 3819 975 3874; x_wconf 90' lang='lat' dir='ltr'>quam</span> <span class='ocrx_word' id='word_1_402' title='bbox 1000 3806 1283 3876; x_wconf 90' lang='lat' dir='ltr'>preeiosa.</span> <span class='ocrx_word' id='word_1_403' title='bbox 1312 3808 1455 3863; x_wconf 86' lang='lat' dir='ltr'>Hinc</span> <span class='ocrx_word' id='word_1_404' title='bbox 1477 3808 1883 3879; x_wconf 89' lang='lat' dir='ltr'>percelebrato</span> 
     </span>
    </p>
   </div>
   <div class='ocr_carea' id='block_1_56' title="bbox 239 3886 1885 3967">
    <p class='ocr_par' dir='ltr' id='par_1_56' title="bbox 239 3886 1885 3967">
     <span class='ocr_line' id='line_1_56' title="bbox 239 3886 1885 3967; baseline 0.007 -25"><span class='ocrx_word' id='word_1_405' title='bbox 239 3886 450 3959; x_wconf 70' lang='lat' dir='ltr'>officio,</span> <span class='ocrx_word' id='word_1_406' title='bbox 472 3888 649 3947; x_wconf 84' lang='lat' dir='ltr'>dictis</span> <span class='ocrx_word' id='word_1_407' title='bbox 670 3892 1037 3950; x_wconf 89' lang='lat' dir='ltr'>orationibus</span> <span class='ocrx_word' id='word_1_408' title='bbox 1057 3886 1472 3967; x_wconf 81' lang='lat' dir='ltr'>solempnibus,</span> <span class='ocrx_word' id='word_1_409' title='bbox 1492 3898 1560 3953; x_wconf 91' lang='lat' dir='ltr'>ad</span> <span class='ocrx_word' id='word_1_410' title='bbox 1580 3897 1768 3955; x_wconf 92' lang='lat' dir='ltr'>locum</span> <span class='ocrx_word' id='word_1_411' title='bbox 1795 3913 1885 3954; x_wconf 91' lang='lat' dir='ltr'>se-</span> 
     </span>
    </p>
   </div>
   <div class='ocr_carea' id='block_1_57' title="bbox 237 3975 1883 4055">
    <p class='ocr_par' dir='ltr' id='par_1_57' title="bbox 237 3975 1883 4055">
     <span class='ocr_line' id='line_1_57' title="bbox 237 3975 1883 4055; baseline 0.005 -23"><span class='ocrx_word' id='word_1_412' title='bbox 237 3975 492 4047; x_wconf 75' lang='lat' dir='ltr'>pulturae</span> <span class='ocrx_word' id='word_1_413' title='bbox 529 3977 671 4035; x_wconf 91' lang='lat' dir='ltr'>itum</span> <span class='ocrx_word' id='word_1_414' title='bbox 703 3985 811 4035; x_wconf 89' lang='lat' dir='ltr'>est.</span> <span class='ocrx_word' id='word_1_415' title='bbox 848 3982 916 4037; x_wconf 88' lang='lat' dir='ltr'>Et</span> <span class='ocrx_word' id='word_1_416' title='bbox 948 3980 1086 4038; x_wconf 90' lang='lat' dir='ltr'>licet</span> <span class='ocrx_word' id='word_1_417' title='bbox 1114 3984 1260 4039; x_wconf 90' lang='lat' dir='ltr'>solis</span> <span class='ocrx_word' id='word_1_418' title='bbox 1292 3986 1672 4055; x_wconf 87' lang='lat' dir='ltr'>exequiarum</span> <span class='ocrx_word' id='word_1_419' title='bbox 1719 3986 1883 4042; x_wconf 90' lang='lat' dir='ltr'>mini-</span> 
     </span>
    </p>
   </div>
   <div class='ocr_carea' id='block_1_58' title="bbox 231 4064 1882 4143">
    <p class='ocr_par' dir='ltr' id='par_1_58' title="bbox 231 4064 1882 4143">
     <span class='ocr_line' id='line_1_58' title="bbox 231 4064 1882 4143; baseline 0.008 -25"><span class='ocrx_word' id='word_1_420' title='bbox 231 4064 376 4121; x_wconf 88' lang='lat' dir='ltr'>stris</span> <span class='ocrx_word' id='word_1_421' title='bbox 406 4071 465 4121; x_wconf 91' lang='lat' dir='ltr'>et</span> <span class='ocrx_word' id='word_1_422' title='bbox 497 4066 707 4136; x_wconf 89' lang='lat' dir='ltr'>bajulis</span> <span class='ocrx_word' id='word_1_423' title='bbox 739 4069 957 4126; x_wconf 89' lang='lat' dir='ltr'>funeris</span> <span class='ocrx_word' id='word_1_424' title='bbox 986 4086 1116 4128; x_wconf 90' lang='lat' dir='ltr'>cum</span> <span class='ocrx_word' id='word_1_425' title='bbox 1149 4072 1240 4128; x_wconf 92' lang='lat' dir='ltr'>his</span> <span class='ocrx_word' id='word_1_426' title='bbox 1278 4074 1376 4143; x_wconf 93' lang='lat' dir='ltr'>qui</span> <span class='ocrx_word' id='word_1_427' title='bbox 1428 4074 1612 4130; x_wconf 78' lang='lat' dir='ltr'>ofﬁcia</span> <span class='ocrx_word' id='word_1_428' title='bbox 1664 4075 1882 4132; x_wconf 90' lang='lat' dir='ltr'>dabant</span> 
     </span>
    </p>
   </div>
   <div class='ocr_carea' id='block_1_59' title="bbox 229 4153 1880 4231">
    <p class='ocr_par' dir='ltr' id='par_1_59' title="bbox 229 4153 1880 4231">
     <span class='ocr_line' id='line_1_59' title="bbox 229 4153 1880 4231; baseline 0.007 -23"><span class='ocrx_word' id='word_1_429' title='bbox 229 4153 578 4224; x_wconf 88' lang='lat' dir='ltr'>permissum</span> <span class='ocrx_word' id='word_1_430' title='bbox 603 4155 682 4211; x_wconf 91' lang='lat' dir='ltr'>sit</span> <span class='ocrx_word' id='word_1_431' title='bbox 706 4157 951 4228; x_wconf 85' lang='lat' dir='ltr'>ingredi,</span> <span class='ocrx_word' id='word_1_432' title='bbox 972 4160 1189 4217; x_wconf 87' lang='lat' dir='ltr'>ceteris</span> <span class='ocrx_word' id='word_1_433' title='bbox 1210 4161 1361 4217; x_wconf 90' lang='lat' dir='ltr'>intra</span> <span class='ocrx_word' id='word_1_434' title='bbox 1379 4161 1651 4231; x_wconf 91' lang='lat' dir='ltr'>majorem</span> <span class='ocrx_word' id='word_1_435' title='bbox 1676 4163 1880 4220; x_wconf 71' lang='lat' dir='ltr'>accele-</span> 
     </span>
    </p>
   </div>
   <div class='ocr_carea' id='block_1_60' title="bbox 230 4241 1880 4321">
    <p class='ocr_par' dir='ltr' id='par_1_60' title="bbox 230 4241 1880 4321">
     <span class='ocr_line' id='line_1_60' title="bbox 230 4241 1880 4321; baseline 0.007 -25"><span class='ocrx_word' id='word_1_436' title='bbox 230 4241 377 4297; x_wconf 88' lang='lat' dir='ltr'>siam</span> <span class='ocrx_word' id='word_1_437' title='bbox 398 4243 665 4314; x_wconf 88' lang='lat' dir='ltr'>retentis,</span> <span class='ocrx_word' id='word_1_438' title='bbox 688 4248 849 4301; x_wconf 88' lang='lat' dir='ltr'>tanta</span> <span class='ocrx_word' id='word_1_439' title='bbox 876 4250 1066 4304; x_wconf 91' lang='lat' dir='ltr'>tamen</span> <span class='ocrx_word' id='word_1_440' title='bbox 1089 4249 1196 4305; x_wconf 88' lang='lat' dir='ltr'>fuit</span> <span class='ocrx_word' id='word_1_441' title='bbox 1213 4250 1661 4321; x_wconf 89' lang='lat' dir='ltr'>obsequentium</span> <span class='ocrx_word' id='word_1_442' title='bbox 1688 4251 1880 4309; x_wconf 59' lang='lat' dir='ltr'>muttit</span> 
     </span>
    </p>
   </div>
   <div class='ocr_carea' id='block_1_61' title="bbox 229 4329 1882 4410">
    <p class='ocr_par' dir='ltr' id='par_1_61' title="bbox 229 4329 1882 4410">
     <span class='ocr_line' id='line_1_61' title="bbox 229 4329 1882 4410; baseline 0.008 -26"><span class='ocrx_word' id='word_1_443' title='bbox 229 4329 399 4399; x_wconf 91' lang='lat' dir='ltr'>tudo,</span> <span class='ocrx_word' id='word_1_444' title='bbox 426 4336 490 4388; x_wconf 88' lang='lat' dir='ltr'>ut</span> <span class='ocrx_word' id='word_1_445' title='bbox 510 4332 816 4404; x_wconf 82' lang='lat' dir='ltr'>fenestras,</span> <span class='ocrx_word' id='word_1_446' title='bbox 844 4336 1059 4406; x_wconf 90' lang='lat' dir='ltr'>quibus</span> <span class='ocrx_word' id='word_1_447' title='bbox 1088 4337 1280 4395; x_wconf 91' lang='lat' dir='ltr'>lumen</span> <span class='ocrx_word' id='word_1_448' title='bbox 1316 4339 1523 4410; x_wconf 61' lang='lat' dir='ltr'>cripta:</span> <span class='ocrx_word' id='word_1_449' title='bbox 1544 4340 1882 4397; x_wconf 87' lang='lat' dir='ltr'>infundeba-</span> 
     </span>
    </p>
   </div>
   <div class='ocr_carea' id='block_1_62' title="bbox 236 4422 1883 4502">
    <p class='ocr_par' dir='ltr' id='par_1_62' title="bbox 236 4422 1883 4502">
     <span class='ocr_line' id='line_1_62' title="bbox 236 4422 1883 4502; baseline 0.007 -27"><span class='ocrx_word' id='word_1_450' title='bbox 236 4424 351 4492; x_wconf 90' lang='lat' dir='ltr'>tur,</span> <span class='ocrx_word' id='word_1_451' title='bbox 376 4422 450 4477; x_wconf 91' lang='lat' dir='ltr'>ob</span> <span class='ocrx_word' id='word_1_452' title='bbox 474 4424 867 4495; x_wconf 88' lang='lat' dir='ltr'>eaptationem</span> <span class='ocrx_word' id='word_1_453' title='bbox 893 4426 1046 4483; x_wconf 91' lang='lat' dir='ltr'>aeris</span> <span class='ocrx_word' id='word_1_454' title='bbox 1069 4428 1285 4485; x_wconf 86' lang='lat' dir='ltr'>auferri</span> <span class='ocrx_word' id='word_1_455' title='bbox 1303 4430 1883 4502; x_wconf 91' lang='lat' dir='ltr'>necessitasimpule-</span> 
     </span>
    </p>
   </div>
   <div class='ocr_carea' id='block_1_63' title="bbox 237 4509 1881 4590">
    <p class='ocr_par' dir='ltr' id='par_1_63' title="bbox 237 4509 1881 4590">
     <span class='ocr_line' id='line_1_63' title="bbox 237 4509 1881 4590; baseline 0.007 -24"><span class='ocrx_word' id='word_1_456' title='bbox 237 4509 333 4566; x_wconf 87' lang='lat' dir='ltr'>rit.</span> <span class='ocrx_word' id='word_1_457' title='bbox 368 4510 652 4569; x_wconf 86' lang='lat' dir='ltr'>Vincebat</span> <span class='ocrx_word' id='word_1_458' title='bbox 684 4512 835 4570; x_wconf 92' lang='lat' dir='ltr'>diem</span> <span class='ocrx_word' id='word_1_459' title='bbox 888 4514 1166 4573; x_wconf 68' lang='lat' dir='ltr'>lumfnum</span> <span class='ocrx_word' id='word_1_460' title='bbox 1218 4517 1551 4590; x_wconf 89' lang='lat' dir='ltr'>multitudo,</span> <span class='ocrx_word' id='word_1_461' title='bbox 1587 4524 1645 4575; x_wconf 92' lang='lat' dir='ltr'>ct</span> <span class='ocrx_word' id='word_1_462' title='bbox 1688 4520 1881 4578; x_wconf 88' lang='lat' dir='ltr'>fumus</span> 
     </span>
    </p>
   </div>
   <div class='ocr_carea' id='block_1_64' title="bbox 236 4596 1878 4678">
    <p class='ocr_par' dir='ltr' id='par_1_64' title="bbox 236 4596 1878 4678">
     <span class='ocr_line' id='line_1_64' title="bbox 236 4596 1878 4678; baseline 0.008 -25"><span class='ocrx_word' id='word_1_463' title='bbox 236 4596 456 4656; x_wconf 87' lang='lat' dir='ltr'>incensi</span> <span class='ocrx_word' id='word_1_464' title='bbox 487 4606 548 4657; x_wconf 92' lang='lat' dir='ltr'>et</span> <span class='ocrx_word' id='word_1_465' title='bbox 581 4602 954 4660; x_wconf 80' lang='lat' dir='ltr'>thimiamatis</span> <span class='ocrx_word' id='word_1_466' title='bbox 977 4608 1157 4662; x_wconf 89' lang='lat' dir='ltr'>totam</span> <span class='ocrx_word' id='word_1_467' title='bbox 1182 4606 1513 4678; x_wconf 84' lang='lat' dir='ltr'>repleverat</span> <span class='ocrx_word' id='word_1_468' title='bbox 1535 4607 1878 4666; x_wconf 66' lang='lat' dir='ltr'>aaeclesiam.</span> 
     </span>
    </p>
   </div>
   <div class='ocr_carea' id='block_1_65' title="bbox 235 4687 1879 4766">
    <p class='ocr_par' dir='ltr' id='par_1_65' title="bbox 235 4687 1879 4766">
     <span class='ocr_line' id='line_1_65' title="bbox 235 4687 1879 4766; baseline 0.005 -21"><span class='ocrx_word' id='word_1_469' title='bbox 235 4687 414 4745; x_wconf 80' lang='lat' dir='ltr'>Tanta</span> <span class='ocrx_word' id='word_1_470' title='bbox 438 4694 563 4746; x_wconf 90' lang='lat' dir='ltr'>erat</span> <span class='ocrx_word' id='word_1_471' title='bbox 586 4692 838 4748; x_wconf 88' lang='lat' dir='ltr'>omnium</span> <span class='ocrx_word' id='word_1_472' title='bbox 862 4707 998 4762; x_wconf 89' lang='lat' dir='ltr'>erga</span> <span class='ocrx_word' id='word_1_473' title='bbox 1024 4696 1209 4765; x_wconf 89' lang='lat' dir='ltr'>patris</span> <span class='ocrx_word' id='word_1_474' title='bbox 1225 4695 1584 4766; x_wconf 89' lang='lat' dir='ltr'>sepulturam</span> <span class='ocrx_word' id='word_1_475' title='bbox 1608 4696 1844 4755; x_wconf 90' lang='lat' dir='ltr'>devotio</span> <span class='ocrx_word' id='word_1_476' title='bbox 1865 4699 1879 4753; x_wconf 88' lang='lat' dir='ltr'>l</span> 
     </span>
    </p>
   </div>
   <div class='ocr_carea' id='block_1_66' title="bbox 238 4778 1878 4857">
    <p class='ocr_par' dir='ltr' id='par_1_66' title="bbox 238 4778 1878 4857">
     <span class='ocr_line' id='line_1_66' title="bbox 238 4778 1878 4857; baseline 0.005 -23"><span class='ocrx_word' id='word_1_477' title='bbox 238 4778 486 4836; x_wconf 85' lang='lat' dir='ltr'>Humato</span> <span class='ocrx_word' id='word_1_478' title='bbox 517 4779 715 4851; x_wconf 88' lang='lat' dir='ltr'>itaque</span> <span class='ocrx_word' id='word_1_479' title='bbox 745 4782 1039 4838; x_wconf 91' lang='lat' dir='ltr'>mitissimi</span> <span class='ocrx_word' id='word_1_480' title='bbox 1073 4783 1183 4840; x_wconf 88' lang='lat' dir='ltr'>viri</span> <span class='ocrx_word' id='word_1_481' title='bbox 1206 4799 1474 4857; x_wconf 91' lang='lat' dir='ltr'>corpore,</span> <span class='ocrx_word' id='word_1_482' title='bbox 1502 4786 1764 4843; x_wconf 92' lang='lat' dir='ltr'>clausum</span> <span class='ocrx_word' id='word_1_483' title='bbox 1787 4789 1878 4843; x_wconf 90' lang='lat' dir='ltr'>est</span> 
     </span>
    </p>
   </div>
   <div class='ocr_carea' id='block_1_67' title="bbox 229 4868 1873 4946">
    <p class='ocr_par' dir='ltr' id='par_1_67' title="bbox 229 4868 1873 4946">
     <span class='ocr_line' id='line_1_67' title="bbox 229 4868 1873 4946; baseline 0.006 -21"><span class='ocrx_word' id='word_1_484' title='bbox 229 4868 586 4939; x_wconf 84' lang='lat' dir='ltr'>sepulcrum,</span> <span class='ocrx_word' id='word_1_485' title='bbox 621 4875 681 4925; x_wconf 91' lang='lat' dir='ltr'>et</span> <span class='ocrx_word' id='word_1_486' title='bbox 716 4871 908 4927; x_wconf 91' lang='lat' dir='ltr'>solido</span> <span class='ocrx_word' id='word_1_487' title='bbox 934 4878 1202 4930; x_wconf 90' lang='lat' dir='ltr'>cemento</span> <span class='ocrx_word' id='word_1_488' title='bbox 1230 4875 1659 4946; x_wconf 86' lang='lat' dir='ltr'>perjuncturas</span> <span class='ocrx_word' id='word_1_489' title='bbox 1687 4876 1873 4935; x_wconf 91' lang='lat' dir='ltr'>litum.</span> 
     </span>
    </p>
   </div>
   <div class='ocr_carea' id='block_1_68' title="bbox 224 4956 1877 5033">
    <p class='ocr_par' dir='ltr' id='par_1_68' title="bbox 224 4956 1877 5033">
     <span class='ocr_line' id='line_1_68' title="bbox 224 4956 1877 5033; baseline 0.007 -21"><span class='ocrx_word' id='word_1_490' title='bbox 224 4956 602 5027; x_wconf 82' lang='lat' dir='ltr'>Resquiescit</span> <span class='ocrx_word' id='word_1_491' title='bbox 622 4964 815 5015; x_wconf 90' lang='lat' dir='ltr'>autem</span> <span class='ocrx_word' id='word_1_492' title='bbox 836 4959 888 5015; x_wconf 91' lang='lat' dir='ltr'>in</span> <span class='ocrx_word' id='word_1_493' title='bbox 911 4961 1099 5033; x_wconf 89' lang='lat' dir='ltr'>cripta</span> <span class='ocrx_word' id='word_1_494' title='bbox 1123 4964 1509 5021; x_wconf 87' lang='lat' dir='ltr'>subterranea</span> <span class='ocrx_word' id='word_1_495' title='bbox 1532 4972 1664 5021; x_wconf 75' lang='lat' dir='ltr'>ante</span> <span class='ocrx_word' id='word_1_496' title='bbox 1689 4966 1877 5024; x_wconf 91' lang='lat' dir='ltr'>altare</span> 
     </span>
    </p>
   </div>
   <div class='ocr_carea' id='block_1_69' title="bbox 222 5048 1876 5118">
    <p class='ocr_par' dir='ltr' id='par_1_69' title="bbox 222 5048 1876 5118">
     <span class='ocr_line' id='line_1_69' title="bbox 222 5048 1876 5118; baseline 0.005 -15"><span class='ocrx_word' id='word_1_497' title='bbox 222 5052 442 5103; x_wconf 67' lang='lat' dir='ltr'>sanctas</span> <span class='ocrx_word' id='word_1_498' title='bbox 466 5048 564 5103; x_wconf 93' lang='lat' dir='ltr'>Dei</span> <span class='ocrx_word' id='word_1_499' title='bbox 584 5049 893 5118; x_wconf 78' lang='lat' dir='ltr'>genitricis</span> <span class='ocrx_word' id='word_1_500' title='bbox 916 5051 1106 5107; x_wconf 74' lang='lat' dir='ltr'>Maria:</span> <span class='ocrx_word' id='word_1_501' title='bbox 1129 5058 1188 5109; x_wconf 91' lang='lat' dir='ltr'>et</span> <span class='ocrx_word' id='word_1_502' title='bbox 1211 5053 1876 5112; x_wconf 71' lang='lat' dir='ltr'>sanctilohannisevan-</span> 
     </span>
    </p>
   </div>
   <div class='ocr_carea' id='block_1_70' title="bbox 222 5133 1872 5213">
    <p class='ocr_par' dir='ltr' id='par_1_70' title="bbox 222 5133 1872 5213">
     <span class='ocr_line' id='line_1_70' title="bbox 222 5133 1872 5213; baseline 0.008 -23"><span class='ocrx_word' id='word_1_503' title='bbox 222 5133 475 5208; x_wconf 71' lang='lat' dir='ltr'>gelistae,</span> <span class='ocrx_word' id='word_1_504' title='bbox 501 5142 561 5193; x_wconf 86' lang='lat' dir='ltr'>et</span> <span class='ocrx_word' id='word_1_505' title='bbox 585 5153 768 5211; x_wconf 90' lang='lat' dir='ltr'>super</span> <span class='ocrx_word' id='word_1_506' title='bbox 790 5155 919 5198; x_wconf 90' lang='lat' dir='ltr'>eum</span> <span class='ocrx_word' id='word_1_507' title='bbox 945 5142 1132 5213; x_wconf 87' lang='lat' dir='ltr'>majus</span> <span class='ocrx_word' id='word_1_508' title='bbox 1154 5141 1340 5198; x_wconf 89' lang='lat' dir='ltr'>altare</span> <span class='ocrx_word' id='word_1_509' title='bbox 1364 5142 1550 5199; x_wconf 90' lang='lat' dir='ltr'>sancti</span> <span class='ocrx_word' id='word_1_510' title='bbox 1576 5143 1731 5200; x_wconf 88' lang='lat' dir='ltr'>Petri</span> <span class='ocrx_word' id='word_1_511' title='bbox 1757 5151 1872 5203; x_wconf 90' lang='lat' dir='ltr'>sta-</span> 
     </span>
    </p>
   </div>
   <div class='ocr_carea' id='block_1_71' title="bbox 220 5224 1870 5305">
    <p class='ocr_par' dir='ltr' id='par_1_71' title="bbox 220 5224 1870 5305">
     <span class='ocr_line' id='line_1_71' title="bbox 220 5224 1870 5305; baseline 0.007 -24"><span class='ocrx_word' id='word_1_512' title='bbox 220 5224 453 5285; x_wconf 87' lang='lat' dir='ltr'>bilitum</span> <span class='ocrx_word' id='word_1_513' title='bbox 475 5240 586 5285; x_wconf 56' lang='lat' dir='ltr'>esu</span> <span class='ocrx_word' id='word_1_514' title='bbox 611 5228 673 5286; x_wconf 89' lang='lat' dir='ltr'>In</span> <span class='ocrx_word' id='word_1_515' title='bbox 695 5230 898 5288; x_wconf 88' lang='lat' dir='ltr'>eadem</span> <span class='ocrx_word' id='word_1_516' title='bbox 922 5231 1005 5289; x_wconf 93' lang='lat' dir='ltr'>cri</span> <span class='ocrx_word' id='word_1_517' title='bbox 1013 5236 1110 5303; x_wconf 91' lang='lat' dir='ltr'>pta</span> <span class='ocrx_word' id='word_1_518' title='bbox 1128 5233 1339 5290; x_wconf 90' lang='lat' dir='ltr'>subtus</span> <span class='ocrx_word' id='word_1_519' title='bbox 1355 5231 1541 5290; x_wconf 90' lang='lat' dir='ltr'>altare</span> <span class='ocrx_word' id='word_1_520' title='bbox 1562 5233 1870 5305; x_wconf 60' lang='lat' dir='ltr'>praefatum</span> 
     </span>
    </p>
   </div>
   <div class='ocr_carea' id='block_1_72' title="bbox 1983 1844 3632 1917">
    <p class='ocr_par' dir='ltr' id='par_1_72' title="bbox 1983 1844 3632 1917">
     <span class='ocr_line' id='line_1_72' title="bbox 1983 1844 3632 1917; baseline 0.002 -18"><span class='ocrx_word' id='word_1_521' title='bbox 1983 1848 2043 1899; x_wconf 90' lang='lat' dir='ltr'>et</span> <span class='ocrx_word' id='word_1_522' title='bbox 2062 1844 2384 1901; x_wconf 72' lang='lat' dir='ltr'>aecclesiam</span> <span class='ocrx_word' id='word_1_523' title='bbox 2409 1846 2506 1902; x_wconf 92' lang='lat' dir='ltr'>Dei</span> <span class='ocrx_word' id='word_1_524' title='bbox 2527 1860 2737 1902; x_wconf 91' lang='lat' dir='ltr'>ornare</span> <span class='ocrx_word' id='word_1_525' title='bbox 2760 1845 2970 1901; x_wconf 90' lang='lat' dir='ltr'>decore</span> <span class='ocrx_word' id='word_1_526' title='bbox 2984 1846 3339 1917; x_wconf 89' lang='lat' dir='ltr'>competenti</span> <span class='ocrx_word' id='word_1_527' title='bbox 3358 1849 3381 1903; x_wconf 69' lang='grc' dir='ltr'>’ἒ</span> <span class='ocrx_word' id='word_1_528' title='bbox 3397 1846 3510 1901; x_wconf 89' lang='lat' dir='ltr'>Nec</span> <span class='ocrx_word' id='word_1_529' title='bbox 3528 1847 3632 1902; x_wconf 91' lang='lat' dir='ltr'>mi-</span> 
     </span>
    </p>
   </div>
   <div class='ocr_carea' id='block_1_73' title="bbox 1986 1933 3629 2005">
    <p class='ocr_par' dir='ltr' id='par_1_73' title="bbox 1986 1933 3629 2005">
     <span class='ocr_line' id='line_1_73' title="bbox 1986 1933 3629 2005; baseline 0.002 -17"><span class='ocrx_word' id='word_1_530' title='bbox 1986 1948 2112 1990; x_wconf 90' lang='lat' dir='ltr'>rum</span> <span class='ocrx_word' id='word_1_531' title='bbox 2138 1933 2184 1990; x_wconf 91' lang='lat' dir='ltr'>si</span> <span class='ocrx_word' id='word_1_532' title='bbox 2217 1947 2248 1989; x_wconf 87' lang='lat' dir='ltr'>a</span> <span class='ocrx_word' id='word_1_533' title='bbox 2281 1933 2418 1989; x_wconf 88' lang='lat' dir='ltr'>filiis</span> <span class='ocrx_word' id='word_1_534' title='bbox 2442 1934 2792 2005; x_wconf 90' lang='lat' dir='ltr'>propensius</span> <span class='ocrx_word' id='word_1_535' title='bbox 2813 1934 3153 2005; x_wconf 90' lang='lat' dir='ltr'>honoratur,</span> <span class='ocrx_word' id='word_1_536' title='bbox 3178 1950 3325 2005; x_wconf 90' lang='lat' dir='ltr'>quos</span> <span class='ocrx_word' id='word_1_537' title='bbox 3343 1934 3516 1990; x_wconf 88' lang='lat' dir='ltr'>scivit</span> <span class='ocrx_word' id='word_1_538' title='bbox 3542 1950 3629 1991; x_wconf 89' lang='lat' dir='ltr'>re-</span> 
     </span>
    </p>
   </div>
   <div class='ocr_carea' id='block_1_74' title="bbox 1985 2022 3631 2095">
    <p class='ocr_par' dir='ltr' id='par_1_74' title="bbox 1985 2022 3631 2095">
     <span class='ocr_line' id='line_1_74' title="bbox 1985 2022 3631 2095; baseline 0.002 -17"><span class='ocrx_word' id='word_1_539' title='bbox 1985 2037 2145 2094; x_wconf 84' lang='lat' dir='ltr'>gere,</span> <span class='ocrx_word' id='word_1_540' title='bbox 2167 2027 2223 2078; x_wconf 90' lang='lat' dir='ltr'>et</span> <span class='ocrx_word' id='word_1_541' title='bbox 2252 2038 2454 2094; x_wconf 89' lang='lat' dir='ltr'>regere</span> <span class='ocrx_word' id='word_1_542' title='bbox 2473 2022 2789 2080; x_wconf 89' lang='lat' dir='ltr'>secundum</span> <span class='ocrx_word' id='word_1_543' title='bbox 2812 2028 3072 2079; x_wconf 89' lang='lat' dir='ltr'>nostram</span> <span class='ocrx_word' id='word_1_544' title='bbox 3091 2022 3484 2095; x_wconf 90' lang='lat' dir='ltr'>disciplinam,</span> <span class='ocrx_word' id='word_1_545' title='bbox 3501 2038 3631 2095; x_wconf 56' lang='lat' dir='ltr'>qua!</span> 
     </span>
    </p>
   </div>
   <div class='ocr_carea' id='block_1_75' title="bbox 1988 2112 3635 2182">
    <p class='ocr_par' dir='ltr' id='par_1_75' title="bbox 1988 2112 3635 2182">
     <span class='ocr_line' id='line_1_75' title="bbox 1988 2112 3635 2182; baseline 0.001 -15"><span class='ocrx_word' id='word_1_546' title='bbox 1988 2127 2061 2167; x_wconf 88' lang='lat' dir='ltr'>ex</span> <span class='ocrx_word' id='word_1_547' title='bbox 2085 2112 2415 2168; x_wconf 89' lang='lat' dir='ltr'>Christiana</span> <span class='ocrx_word' id='word_1_548' title='bbox 2441 2112 2567 2182; x_wconf 88' lang='lat' dir='ltr'>lege</span> <span class='ocrx_word' id='word_1_549' title='bbox 2590 2112 2920 2182; x_wconf 90' lang='lat' dir='ltr'>descendit,</span> <span class='ocrx_word' id='word_1_550' title='bbox 2943 2116 2998 2168; x_wconf 91' lang='lat' dir='ltr'>et</span> <span class='ocrx_word' id='word_1_551' title='bbox 3026 2112 3095 2167; x_wconf 94' lang='lat' dir='ltr'>ad</span> <span class='ocrx_word' id='word_1_552' title='bbox 3122 2114 3298 2168; x_wconf 90' lang='lat' dir='ltr'>Deum</span> <span class='ocrx_word' id='word_1_553' title='bbox 3322 2112 3503 2168; x_wconf 90' lang='lat' dir='ltr'>ducit.</span> <span class='ocrx_word' id='word_1_554' title='bbox 3527 2112 3635 2168; x_wconf 75' lang='lat' dir='ltr'>Ile-</span> 
     </span>
    </p>
   </div>
   <div class='ocr_carea' id='block_1_76' title="bbox 1991 2200 3627 2272">
    <p class='ocr_par' dir='ltr' id='par_1_76' title="bbox 1991 2200 3627 2272">
     <span class='ocr_line' id='line_1_76' title="bbox 1991 2200 3627 2272; baseline 0 -15"><span class='ocrx_word' id='word_1_555' title='bbox 1991 2201 2214 2271; x_wconf 89' lang='lat' dir='ltr'>quievit</span> <span class='ocrx_word' id='word_1_556' title='bbox 2236 2206 2430 2257; x_wconf 90' lang='lat' dir='ltr'>autem</span> <span class='ocrx_word' id='word_1_557' title='bbox 2461 2200 2552 2257; x_wconf 89' lang='lat' dir='ltr'>hic</span> <span class='ocrx_word' id='word_1_558' title='bbox 2578 2207 2743 2272; x_wconf 88' lang='lat' dir='ltr'>pater</span> <span class='ocrx_word' id='word_1_559' title='bbox 2766 2207 2966 2258; x_wconf 89' lang='lat' dir='ltr'>noster</span> <span class='ocrx_word' id='word_1_560' title='bbox 2986 2216 3037 2257; x_wconf 93' lang='lat' dir='ltr'>a.</span> <span class='ocrx_word' id='word_1_561' title='bbox 3064 2201 3136 2256; x_wconf 90' lang='lat' dir='ltr'>ab</span> <span class='ocrx_word' id='word_1_562' title='bbox 3159 2200 3438 2257; x_wconf 91' lang='lat' dir='ltr'>inc.Dom.</span> <span class='ocrx_word' id='word_1_563' title='bbox 3468 2204 3627 2271; x_wconf 79' lang='grc'>1046,</span> 
     </span>
    </p>
   </div>
   <div class='ocr_carea' id='block_1_77' title="bbox 1992 2290 3633 2361">
    <p class='ocr_par' dir='ltr' id='par_1_77' title="bbox 1992 2290 3633 2361">
     <span class='ocr_line' id='line_1_77' title="bbox 1992 2290 3633 2361; baseline 0.001 -15"><span class='ocrx_word' id='word_1_564' title='bbox 1992 2291 2292 2359; x_wconf 88' lang='lat' dir='ltr'>regiminis</span> <span class='ocrx_word' id='word_1_565' title='bbox 2333 2290 2421 2347; x_wconf 90' lang='lat' dir='ltr'>sui</span> <span class='ocrx_word' id='word_1_566' title='bbox 2470 2305 2620 2347; x_wconf 93' lang='lat' dir='ltr'>anno</span> <span class='ocrx_word' id='word_1_567' title='bbox 2666 2291 2755 2359; x_wconf 79' lang='grc'>42,</span> <span class='ocrx_word' id='word_1_568' title='bbox 2809 2295 3089 2361; x_wconf 87' lang='lat' dir='ltr'>regnante</span> <span class='ocrx_word' id='word_1_569' title='bbox 3142 2290 3317 2346; x_wconf 90' lang='lat' dir='ltr'>terris</span> <span class='ocrx_word' id='word_1_570' title='bbox 3362 2291 3633 2348; x_wconf 89' lang='lat' dir='ltr'>Heinrico</span> 
     </span>
    </p>
   </div>
   <div class='ocr_carea' id='block_1_78' title="bbox 1993 2378 3634 2451">
    <p class='ocr_par' dir='ltr' id='par_1_78' title="bbox 1993 2378 3634 2451">
     <span class='ocr_line' id='line_1_78' title="bbox 1993 2378 3634 2451; baseline 0.002 -18"><span class='ocrx_word' id='word_1_571' title='bbox 1993 2378 2240 2435; x_wconf 91' lang='lat' dir='ltr'>Conradi</span> <span class='ocrx_word' id='word_1_572' title='bbox 2274 2378 2412 2435; x_wconf 87' lang='lat' dir='ltr'>ﬁlio.</span> <span class='ocrx_word' id='word_1_573' title='bbox 2449 2379 2783 2450; x_wconf 91' lang='lat' dir='ltr'>Supervixit</span> <span class='ocrx_word' id='word_1_574' title='bbox 2814 2393 2950 2435; x_wconf 90' lang='lat' dir='ltr'>vero</span> <span class='ocrx_word' id='word_1_575' title='bbox 2972 2379 3284 2451; x_wconf 90' lang='lat' dir='ltr'>episcopus</span> <span class='ocrx_word' id='word_1_576' title='bbox 3307 2378 3634 2436; x_wconf 84' lang='lat' dir='ltr'>Richardus</span> 
     </span>
    </p>
   </div>
   <div class='ocr_carea' id='block_1_79' title="bbox 1993 2468 3631 2539">
    <p class='ocr_par' dir='ltr' id='par_1_79' title="bbox 1993 2468 3631 2539">
     <span class='ocr_line' id='line_1_79' title="bbox 1993 2468 3631 2539; baseline 0 -14"><span class='ocrx_word' id='word_1_577' title='bbox 1993 2484 2174 2539; x_wconf 91' lang='lat' dir='ltr'>usque</span> <span class='ocrx_word' id='word_1_578' title='bbox 2203 2468 2272 2524; x_wconf 90' lang='lat' dir='ltr'>ad</span> <span class='ocrx_word' id='word_1_579' title='bbox 2304 2482 2556 2524; x_wconf 88' lang='lat' dir='ltr'>mensem</span> <span class='ocrx_word' id='word_1_580' title='bbox 2589 2468 3016 2538; x_wconf 88' lang='lat' dir='ltr'>Novembrium,</span> <span class='ocrx_word' id='word_1_581' title='bbox 3050 2474 3110 2523; x_wconf 92' lang='lat' dir='ltr'>et</span> <span class='ocrx_word' id='word_1_582' title='bbox 3138 2469 3283 2525; x_wconf 89' lang='lat' dir='ltr'>obiit</span> <span class='ocrx_word' id='word_1_583' title='bbox 3307 2474 3340 2526; x_wconf 91' lang='lat'>8</span> <span class='ocrx_word' id='word_1_584' title='bbox 3364 2469 3499 2524; x_wconf 92' lang='lat' dir='ltr'>ldus</span> <span class='ocrx_word' id='word_1_585' title='bbox 3525 2470 3631 2525; x_wconf 83' lang='lat' dir='ltr'>No-</span> 
     </span>
    </p>
   </div>
   <div class='ocr_carea' id='block_1_80' title="bbox 1994 2553 3629 2628">
    <p class='ocr_par' dir='ltr' id='par_1_80' title="bbox 1994 2553 3629 2628">
     <span class='ocr_line' id='line_1_80' title="bbox 1994 2553 3629 2628; baseline 0.001 -15"><span class='ocrx_word' id='word_1_586' title='bbox 1994 2558 2205 2627; x_wconf 89' lang='lat' dir='ltr'>vemb.,</span> <span class='ocrx_word' id='word_1_587' title='bbox 2232 2558 2384 2613; x_wconf 90' lang='lat' dir='ltr'>sicut</span> <span class='ocrx_word' id='word_1_588' title='bbox 2406 2553 2529 2628; x_wconf 85' lang='lat' dir='ltr'>ipse</span> <span class='ocrx_word' id='word_1_589' title='bbox 2553 2571 2582 2612; x_wconf 92' lang='lat' dir='ltr'>a</span> <span class='ocrx_word' id='word_1_590' title='bbox 2606 2563 2772 2628; x_wconf 83' lang='lat' dir='ltr'>patre</span> <span class='ocrx_word' id='word_1_591' title='bbox 2795 2572 2900 2613; x_wconf 91' lang='lat' dir='ltr'>suo</span> <span class='ocrx_word' id='word_1_592' title='bbox 2925 2557 3242 2627; x_wconf 88' lang='lat' dir='ltr'>quesierat,</span> <span class='ocrx_word' id='word_1_593' title='bbox 3268 2572 3399 2613; x_wconf 92' lang='lat' dir='ltr'>cum</span> <span class='ocrx_word' id='word_1_594' title='bbox 3423 2558 3473 2613; x_wconf 93' lang='lat' dir='ltr'>ei</span> <span class='ocrx_word' id='word_1_595' title='bbox 3495 2572 3629 2614; x_wconf 90' lang='lat' dir='ltr'>ocu-</span> 
     </span>
    </p>
   </div>
   <div class='ocr_carea' id='block_1_81' title="bbox 1995 2646 3628 2717">
    <p class='ocr_par' dir='ltr' id='par_1_81' title="bbox 1995 2646 3628 2717">
     <span class='ocr_line' id='line_1_81' title="bbox 1995 2646 3628 2717; baseline 0.001 -16"><span class='ocrx_word' id='word_1_596' title='bbox 1995 2646 2081 2703; x_wconf 91' lang='lat' dir='ltr'>los</span> <span class='ocrx_word' id='word_1_597' title='bbox 2103 2646 2403 2703; x_wconf 90' lang='lat' dir='ltr'>clauderet</span> <span class='ocrx_word' id='word_1_598' title='bbox 2429 2646 2598 2717; x_wconf 76' lang='grc'>(112).</span> <span class='ocrx_word' id='word_1_599' title='bbox 2615 2648 2710 2716; x_wconf 76' lang='lat' dir='ltr'>Si,</span> <span class='ocrx_word' id='word_1_600' title='bbox 2738 2646 3628 2717; x_wconf 73' lang='lat' dir='ltr'>inquit,pateradDeumvadis,</span> 
     </span>
    </p>
   </div>
   <div class='ocr_carea' id='block_1_82' title="bbox 1992 2735 3633 2807">
    <p class='ocr_par' dir='ltr' id='par_1_82' title="bbox 1992 2735 3633 2807">
     <span class='ocr_line' id='line_1_82' title="bbox 1992 2735 3633 2807; baseline 0 -15"><span class='ocrx_word' id='word_1_601' title='bbox 1992 2738 2054 2793; x_wconf 77' lang='lat' dir='ltr'>et</span> <span class='ocrx_word' id='word_1_602' title='bbox 2065 2735 2804 2807; x_wconf 73' lang='lat' dir='ltr'>eiplacetobsequz’umquo</span> <span class='ocrx_word' id='word_1_603' title='bbox 2817 2735 3147 2807; x_wconf 72' lang='lat' dir='ltr'>eiservisti,</span> <span class='ocrx_word' id='word_1_604' title='bbox 3162 2735 3359 2793; x_wconf 78' lang='lat' dir='ltr'>obtine</span> <span class='ocrx_word' id='word_1_605' title='bbox 3370 2736 3633 2793; x_wconf 56' lang='lat' dir='ltr'>utan/um</span> 
     </span>
    </p>
   </div>
   <div class='ocr_carea' id='block_1_83' title="bbox 1994 2824 3632 2897">
    <p class='ocr_par' dir='ltr' id='par_1_83' title="bbox 1994 2824 3632 2897">
     <span class='ocr_line' id='line_1_83' title="bbox 1994 2824 3632 2897; baseline -0.001 -13"><span class='ocrx_word' id='word_1_606' title='bbox 1994 2841 2217 2884; x_wconf 78' lang='lat' dir='ltr'>annum</span> <span class='ocrx_word' id='word_1_607' title='bbox 2245 2841 2361 2882; x_wconf 76' lang='lat' dir='ltr'>non</span> <span class='ocrx_word' id='word_1_608' title='bbox 2378 2826 2491 2883; x_wconf 72' lang='lat' dir='ltr'>tibi</span> <span class='ocrx_word' id='word_1_609' title='bbox 2509 2826 2881 2897; x_wconf 58' lang='lat' dir='ltr'>superﬂuam</span> <span class='ocrx_word' id='word_1_610' title='bbox 2901 2827 2969 2882; x_wconf 77' lang='lat' dir='ltr'>in</span> <span class='ocrx_word' id='word_1_611' title='bbox 2988 2825 3094 2882; x_wconf 83' lang='grc' dir='ltr'>Ιιοσ</span> <span class='ocrx_word' id='word_1_612' title='bbox 3112 2826 3325 2896; x_wconf 76' lang='lat' dir='ltr'>seculo,</span> <span class='ocrx_word' id='word_1_613' title='bbox 3352 2826 3500 2897; x_wconf 76' lang='lat' dir='ltr'>quia</span> <span class='ocrx_word' id='word_1_614' title='bbox 3520 2824 3632 2883; x_wconf 75' lang='lat' dir='ltr'>tibi</span> 
     </span>
    </p>
   </div>
   <div class='ocr_carea' id='block_1_84' title="bbox 1992 2914 3633 2986">
    <p class='ocr_par' dir='ltr' id='par_1_84' title="bbox 1992 2914 3633 2986">
     <span class='ocr_line' id='line_1_84' title="bbox 1992 2914 3633 2986; baseline -0.002 -11"><span class='ocrx_word' id='word_1_615' title='bbox 1992 2916 2267 2975; x_wconf 63' lang='lat' dir='ltr'>contineri</span> <span class='ocrx_word' id='word_1_616' title='bbox 2279 2916 2951 2986; x_wconf 73' lang='lat' dir='ltr'>quamvieerepmopto.</span> <span class='ocrx_word' id='word_1_617' title='bbox 2970 2915 3227 2985; x_wconf 86' lang='lat' dir='ltr'>Dixerat,</span> <span class='ocrx_word' id='word_1_618' title='bbox 3245 2918 3302 2969; x_wconf 90' lang='lat' dir='ltr'>et</span> <span class='ocrx_word' id='word_1_619' title='bbox 3319 2914 3633 2971; x_wconf 84' lang='lat' dir='ltr'>exauditus</span> 
     </span>
    </p>
   </div>
   <div class='ocr_carea' id='block_1_85' title="bbox 1993 3003 3639 3076">
    <p class='ocr_par' dir='ltr' id='par_1_85' title="bbox 1993 3003 3639 3076">
     <span class='ocr_line' id='line_1_85' title="bbox 1993 3003 3639 3076; baseline -0.001 -15"><span class='ocrx_word' id='word_1_620' title='bbox 1993 3009 2101 3074; x_wconf 85' lang='lat' dir='ltr'>est,</span> <span class='ocrx_word' id='word_1_621' title='bbox 2129 3005 2482 3075; x_wconf 89' lang='lat' dir='ltr'>additusque</span> <span class='ocrx_word' id='word_1_622' title='bbox 2508 3004 2771 3076; x_wconf 90' lang='lat' dir='ltr'>patribus</span> <span class='ocrx_word' id='word_1_623' title='bbox 2794 3004 2937 3060; x_wconf 92' lang='lat' dir='ltr'>suis.</span> <span class='ocrx_word' id='word_1_624' title='bbox 2966 3003 3139 3072; x_wconf 89' lang='lat' dir='ltr'>Cujus</span> <span class='ocrx_word' id='word_1_625' title='bbox 3161 3016 3639 3075; x_wconf 87' lang='lat' dir='ltr'>corpuscumpa-</span> 
     </span>
    </p>
   </div>
   <div class='ocr_carea' id='block_1_86' title="bbox 1994 3092 3632 3165">
    <p class='ocr_par' dir='ltr' id='par_1_86' title="bbox 1994 3092 3632 3165">
     <span class='ocr_line' id='line_1_86' title="bbox 1994 3092 3632 3165; baseline -0.002 -15"><span class='ocrx_word' id='word_1_626' title='bbox 1994 3099 2194 3151; x_wconf 87' lang='lat' dir='ltr'>rentes</span> <span class='ocrx_word' id='word_1_627' title='bbox 2219 3095 2384 3165; x_wconf 89' lang='lat' dir='ltr'>juxta</span> <span class='ocrx_word' id='word_1_628' title='bbox 2419 3109 2635 3165; x_wconf 89' lang='lat' dir='ltr'>corpus</span> <span class='ocrx_word' id='word_1_629' title='bbox 2662 3093 2771 3149; x_wconf 89' lang='lat' dir='ltr'>viri</span> <span class='ocrx_word' id='word_1_630' title='bbox 2797 3094 2896 3149; x_wconf 89' lang='lat' dir='ltr'>Dei</span> <span class='ocrx_word' id='word_1_631' title='bbox 2930 3092 3164 3163; x_wconf 86' lang='lat' dir='ltr'>sepeliri</span> <span class='ocrx_word' id='word_1_632' title='bbox 3188 3093 3579 3162; x_wconf 88' lang='lat' dir='ltr'>mandassent,</span> <span class='ocrx_word' id='word_1_633' title='bbox 3604 3107 3632 3147; x_wconf 90' lang='lat' dir='ltr'>a</span> 
     </span>
    </p>
   </div>
   <div class='ocr_carea' id='block_1_87' title="bbox 1991 3181 3634 3253">
    <p class='ocr_par' dir='ltr' id='par_1_87' title="bbox 1991 3181 3634 3253">
     <span class='ocr_line' id='line_1_87' title="bbox 1991 3181 3634 3253; baseline -0.001 -13"><span class='ocrx_word' id='word_1_634' title='bbox 1991 3184 2288 3240; x_wconf 88' lang='lat' dir='ltr'>canonicis</span> <span class='ocrx_word' id='word_1_635' title='bbox 2322 3184 2373 3239; x_wconf 90' lang='lat' dir='ltr'>vi</span> <span class='ocrx_word' id='word_1_636' title='bbox 2400 3188 2710 3253; x_wconf 88' lang='lat' dir='ltr'>retentum,</span> <span class='ocrx_word' id='word_1_637' title='bbox 2737 3187 2795 3238; x_wconf 92' lang='lat' dir='ltr'>et</span> <span class='ocrx_word' id='word_1_638' title='bbox 2820 3181 2877 3237; x_wconf 90' lang='lat' dir='ltr'>in</span> <span class='ocrx_word' id='word_1_639' title='bbox 2899 3182 3161 3239; x_wconf 67' lang='lat' dir='ltr'>{ecclesia</span> <span class='ocrx_word' id='word_1_640' title='bbox 3187 3187 3405 3239; x_wconf 66' lang='lat' dir='ltr'>sanctae</span> <span class='ocrx_word' id='word_1_641' title='bbox 3444 3181 3634 3238; x_wconf 71' lang='lat' dir='ltr'>Mariae</span> 
     </span>
    </p>
   </div>
   <div class='ocr_carea' id='block_1_88' title="bbox 1993 3271 3634 3344">
    <p class='ocr_par' dir='ltr' id='par_1_88' title="bbox 1993 3271 3634 3344">
     <span class='ocr_line' id='line_1_88' title="bbox 1993 3271 3634 3344; baseline -0.002 -15"><span class='ocrx_word' id='word_1_642' title='bbox 1993 3273 2229 3343; x_wconf 89' lang='lat' dir='ltr'>majoris</span> <span class='ocrx_word' id='word_1_643' title='bbox 2260 3272 2554 3344; x_wconf 88' lang='lat' dir='ltr'>sepultum</span> <span class='ocrx_word' id='word_1_644' title='bbox 2586 3276 2699 3328; x_wconf 84' lang='lat' dir='ltr'>est.</span> <span class='ocrx_word' id='word_1_645' title='bbox 2734 3272 2977 3343; x_wconf 72' lang='lat' dir='ltr'>(Chron.</span> <span class='ocrx_word' id='word_1_646' title='bbox 3028 3272 3190 3341; x_wconf 77' lang='lat' dir='ltr'>Div.)</span> <span class='ocrx_word' id='word_1_647' title='bbox 3221 3271 3433 3326; x_wconf 86' lang='lat' dir='ltr'>Eodem</span> <span class='ocrx_word' id='word_1_648' title='bbox 3484 3284 3634 3327; x_wconf 92' lang='lat' dir='ltr'>anno</span> 
     </span>
    </p>
   </div>
   <div class='ocr_carea' id='block_1_89' title="bbox 1992 3357 3635 3429">
    <p class='ocr_par' dir='ltr' id='par_1_89' title="bbox 1992 3357 3635 3429">
     <span class='ocr_line' id='line_1_89' title="bbox 1992 3357 3635 3429; baseline -0.002 -12"><span class='ocrx_word' id='word_1_649' title='bbox 1992 3360 2299 3417; x_wconf 91' lang='lat' dir='ltr'>ordinatus</span> <span class='ocrx_word' id='word_1_650' title='bbox 2330 3366 2418 3416; x_wconf 89' lang='lat' dir='ltr'>est</span> <span class='ocrx_word' id='word_1_651' title='bbox 2448 3358 2816 3429; x_wconf 90' lang='lat' dir='ltr'>Lugdunensi</span> <span class='ocrx_word' id='word_1_652' title='bbox 2845 3357 3114 3414; x_wconf 67' lang='lat' dir='ltr'>ecclesiae</span> <span class='ocrx_word' id='word_1_653' title='bbox 3161 3357 3635 3429; x_wconf 85' lang='lat' dir='ltr'>archiepiscopus</span> 
     </span>
    </p>
   </div>
   <div class='ocr_carea' id='block_1_90' title="bbox 1994 3445 3631 3517">
    <p class='ocr_par' dir='ltr' id='par_1_90' title="bbox 1994 3445 3631 3517">
     <span class='ocr_line' id='line_1_90' title="bbox 1994 3445 3631 3517; baseline 0 -14"><span class='ocrx_word' id='word_1_654' title='bbox 1994 3449 2240 3505; x_wconf 92' lang='lat' dir='ltr'>domnus</span> <span class='ocrx_word' id='word_1_655' title='bbox 2270 3448 2637 3505; x_wconf 89' lang='lat' dir='ltr'>llalinardus.</span> <span class='ocrx_word' id='word_1_656' title='bbox 2665 3448 2875 3503; x_wconf 89' lang='lat' dir='ltr'>Eodem</span> <span class='ocrx_word' id='word_1_657' title='bbox 2900 3460 3130 3517; x_wconf 81' lang='lat' dir='ltr'>quoque</span> <span class='ocrx_word' id='word_1_658' title='bbox 3152 3460 3300 3503; x_wconf 90' lang='lat' dir='ltr'>anno</span> <span class='ocrx_word' id='word_1_659' title='bbox 3324 3445 3631 3503; x_wconf 82' lang='lat' dir='ltr'>lleinricus</span> 
     </span>
    </p>
   </div>
   <div class='ocr_carea' id='block_1_91' title="bbox 1993 3536 3636 3608">
    <p class='ocr_par' dir='ltr' id='par_1_91' title="bbox 1993 3536 3636 3608">
     <span class='ocr_line' id='line_1_91' title="bbox 1993 3536 3636 3608; baseline -0.002 -13"><span class='ocrx_word' id='word_1_660' title='bbox 1993 3540 2227 3595; x_wconf 83' lang='lat' dir='ltr'>Romam</span> <span class='ocrx_word' id='word_1_661' title='bbox 2252 3539 2376 3608; x_wconf 89' lang='lat' dir='ltr'>ivit,</span> <span class='ocrx_word' id='word_1_662' title='bbox 2402 3542 2460 3594; x_wconf 93' lang='lat' dir='ltr'>et</span> <span class='ocrx_word' id='word_1_663' title='bbox 2486 3538 2735 3595; x_wconf 91' lang='lat' dir='ltr'>concilio</span> <span class='ocrx_word' id='word_1_664' title='bbox 2759 3537 2960 3593; x_wconf 92' lang='lat' dir='ltr'>habito</span> <span class='ocrx_word' id='word_1_665' title='bbox 2983 3536 3195 3606; x_wconf 90' lang='lat' dir='ltr'>adjecti</span> <span class='ocrx_word' id='word_1_666' title='bbox 3212 3540 3345 3591; x_wconf 91' lang='lat' dir='ltr'>sunt</span> <span class='ocrx_word' id='word_1_667' title='bbox 3365 3549 3636 3607; x_wconf 83' lang='lat' dir='ltr'>pervase-</span> 
     </span>
    </p>
   </div>
   <div class='ocr_carea' id='block_1_92' title="bbox 1996 3623 3637 3696">
    <p class='ocr_par' dir='ltr' id='par_1_92' title="bbox 1996 3623 3637 3696">
     <span class='ocr_line' id='line_1_92' title="bbox 1996 3623 3637 3696; baseline -0.002 -12"><span class='ocrx_word' id='word_1_668' title='bbox 1996 3642 2090 3684; x_wconf 87' lang='lat' dir='ltr'>res</span> <span class='ocrx_word' id='word_1_669' title='bbox 2122 3629 2392 3684; x_wconf 72' lang='lat' dir='ltr'>Romana:</span> <span class='ocrx_word' id='word_1_670' title='bbox 2416 3627 2723 3696; x_wconf 67' lang='lat' dir='ltr'>zecclesize,</span> <span class='ocrx_word' id='word_1_671' title='bbox 2742 3627 3052 3696; x_wconf 76' lang='lat' dir='ltr'>Iohannes,</span> <span class='ocrx_word' id='word_1_672' title='bbox 3083 3623 3427 3681; x_wconf 89' lang='lat' dir='ltr'>Benedictus</span> <span class='ocrx_word' id='word_1_673' title='bbox 3448 3630 3506 3680; x_wconf 91' lang='lat' dir='ltr'>et</span> <span class='ocrx_word' id='word_1_674' title='bbox 3532 3625 3637 3681; x_wconf 88' lang='lat' dir='ltr'>Sil-</span> 
     </span>
    </p>
   </div>
   <div class='ocr_carea' id='block_1_93' title="bbox 1993 3715 3635 3787">
    <p class='ocr_par' dir='ltr' id='par_1_93' title="bbox 1993 3715 3635 3787">
     <span class='ocr_line' id='line_1_93' title="bbox 1993 3715 3635 3787; baseline 0 -14"><span class='ocrx_word' id='word_1_675' title='bbox 1993 3723 2193 3774; x_wconf 89' lang='lat' dir='ltr'>vester</span> <span class='ocrx_word' id='word_1_676' title='bbox 2219 3735 2233 3783; x_wconf 93' lang='lat'><strong>;</strong></span> <span class='ocrx_word' id='word_1_677' title='bbox 2258 3722 2317 3773; x_wconf 93' lang='lat' dir='ltr'>et</span> <span class='ocrx_word' id='word_1_678' title='bbox 2335 3716 2641 3773; x_wconf 89' lang='lat' dir='ltr'>ordinatus</span> <span class='ocrx_word' id='word_1_679' title='bbox 2663 3722 2755 3771; x_wconf 92' lang='lat' dir='ltr'>est</span> <span class='ocrx_word' id='word_1_680' title='bbox 2779 3717 3041 3773; x_wconf 88' lang='lat' dir='ltr'>Clemens</span> <span class='ocrx_word' id='word_1_681' title='bbox 3066 3728 3231 3787; x_wconf 91' lang='lat' dir='ltr'>papa,</span> <span class='ocrx_word' id='word_1_682' title='bbox 3258 3729 3287 3769; x_wconf 91' lang='lat' dir='ltr'>a</span> <span class='ocrx_word' id='word_1_683' title='bbox 3314 3718 3494 3785; x_wconf 88' lang='lat' dir='ltr'>quoet</span> <span class='ocrx_word' id='word_1_684' title='bbox 3512 3715 3635 3787; x_wconf 90' lang='lat' dir='ltr'>ipse</span> 
     </span>
    </p>
   </div>
   <div class='ocr_carea' id='block_1_94' title="bbox 1994 3805 3634 3878">
    <p class='ocr_par' dir='ltr' id='par_1_94' title="bbox 1994 3805 3634 3878">
     <span class='ocr_line' id='line_1_94' title="bbox 1994 3805 3634 3878; baseline -0.002 -14"><span class='ocrx_word' id='word_1_685' title='bbox 1994 3822 2268 3864; x_wconf 91' lang='lat' dir='ltr'>coronam</span> <span class='ocrx_word' id='word_1_686' title='bbox 2302 3807 2559 3878; x_wconf 90' lang='lat' dir='ltr'>suscepit</span> <span class='ocrx_word' id='word_1_687' title='bbox 2594 3805 2842 3877; x_wconf 88' lang='lat' dir='ltr'>imperii.</span> <span class='ocrx_word' id='word_1_688' title='bbox 2878 3806 2945 3859; x_wconf 92' lang='lat' dir='ltr'>Et</span> <span class='ocrx_word' id='word_1_689' title='bbox 2973 3805 3346 3861; x_wconf 90' lang='lat' dir='ltr'>eodemanno</span> <span class='ocrx_word' id='word_1_690' title='bbox 3368 3805 3634 3860; x_wconf 89' lang='lat' dir='ltr'>Clemens</span> 
     </span>
    </p>
   </div>
   <div class='ocr_carea' id='block_1_95' title="bbox 1994 3893 3639 3968">
    <p class='ocr_par' dir='ltr' id='par_1_95' title="bbox 1994 3893 3639 3968">
     <span class='ocr_line' id='line_1_95' title="bbox 1994 3893 3639 3968; baseline -0.003 -16"><span class='ocrx_word' id='word_1_691' title='bbox 1994 3897 2160 3968; x_wconf 90' lang='lat' dir='ltr'>obiit,</span> <span class='ocrx_word' id='word_1_692' title='bbox 2194 3901 2251 3953; x_wconf 89' lang='lat' dir='ltr'>et</span> <span class='ocrx_word' id='word_1_693' title='bbox 2284 3897 2566 3953; x_wconf 87' lang='lat' dir='ltr'>Damasus</span> <span class='ocrx_word' id='word_1_694' title='bbox 2616 3894 2923 3952; x_wconf 90' lang='lat' dir='ltr'>successit.</span> <span class='ocrx_word' id='word_1_695' title='bbox 2965 3894 3237 3965; x_wconf 85' lang='lat' dir='ltr'>Regimen</span> <span class='ocrx_word' id='word_1_696' title='bbox 3265 3908 3494 3965; x_wconf 89' lang='lat' dir='ltr'>quoque</span> <span class='ocrx_word' id='word_1_697' title='bbox 3513 3893 3639 3948; x_wconf 87' lang='lat' dir='ltr'>Vir-</span> 
     </span>
    </p>
   </div>
   <div class='ocr_carea' id='block_1_96' title="bbox 1992 3982 3635 4055">
    <p class='ocr_par' dir='ltr' id='par_1_96' title="bbox 1992 3982 3635 4055">
     <span class='ocr_line' id='line_1_96' title="bbox 1992 3982 3635 4055; baseline -0.002 -13"><span class='ocrx_word' id='word_1_698' title='bbox 1992 3986 2270 4043; x_wconf 91' lang='lat' dir='ltr'>dunensis</span> <span class='ocrx_word' id='word_1_699' title='bbox 2299 3984 2549 4043; x_wconf 87' lang='lat' dir='ltr'>coenobii</span> <span class='ocrx_word' id='word_1_700' title='bbox 2584 3984 2960 4040; x_wconf 89' lang='lat' dir='ltr'>Walerannus</span> <span class='ocrx_word' id='word_1_701' title='bbox 2982 3984 3266 4055; x_wconf 85' lang='lat' dir='ltr'>suscepit,</span> <span class='ocrx_word' id='word_1_702' title='bbox 3285 3982 3525 4039; x_wconf 90' lang='lat' dir='ltr'>homoin</span> <span class='ocrx_word' id='word_1_703' title='bbox 3546 3998 3635 4039; x_wconf 92' lang='lat' dir='ltr'>se-</span> 
     </span>
    </p>
   </div>
   <div class='ocr_carea' id='block_1_97' title="bbox 1991 4071 3633 4143">
    <p class='ocr_par' dir='ltr' id='par_1_97' title="bbox 1991 4071 3633 4143">
     <span class='ocr_line' id='line_1_97' title="bbox 1991 4071 3633 4143; baseline -0.002 -12"><span class='ocrx_word' id='word_1_704' title='bbox 1991 4075 2124 4132; x_wconf 93' lang='lat' dir='ltr'>culo</span> <span class='ocrx_word' id='word_1_705' title='bbox 2155 4075 2574 4143; x_wconf 89' lang='lat' dir='ltr'>nobilissimus,</span> <span class='ocrx_word' id='word_1_706' title='bbox 2609 4072 2875 4129; x_wconf 86' lang='lat' dir='ltr'>Gelduini</span> <span class='ocrx_word' id='word_1_707' title='bbox 2907 4072 3140 4129; x_wconf 91' lang='lat' dir='ltr'>comitis</span> <span class='ocrx_word' id='word_1_708' title='bbox 3184 4072 3379 4139; x_wconf 81' lang='lat' dir='ltr'>filius;</span> <span class='ocrx_word' id='word_1_709' title='bbox 3428 4071 3525 4142; x_wconf 88' lang='lat' dir='ltr'>qui</span> <span class='ocrx_word' id='word_1_710' title='bbox 3578 4071 3633 4127; x_wconf 88' lang='lat' dir='ltr'>in</span> 
     </span>
    </p>
   </div>
   <div class='ocr_carea' id='block_1_98' title="bbox 1994 4159 3639 4235">
    <p class='ocr_par' dir='ltr' id='par_1_98' title="bbox 1994 4159 3639 4235">
     <span class='ocr_line' id='line_1_98' title="bbox 1994 4159 3639 4235; baseline -0.001 -15"><span class='ocrx_word' id='word_1_711' title='bbox 1994 4163 2148 4221; x_wconf 92' lang='lat' dir='ltr'>bello</span> <span class='ocrx_word' id='word_1_712' title='bbox 2172 4162 2326 4235; x_wconf 90' lang='lat' dir='ltr'>apud</span> <span class='ocrx_word' id='word_1_713' title='bbox 2348 4166 2456 4219; x_wconf 90' lang='lat' dir='ltr'>Bar</span> <span class='ocrx_word' id='word_1_714' title='bbox 2479 4165 2737 4219; x_wconf 91' lang='lat' dir='ltr'>castrum</span> <span class='ocrx_word' id='word_1_715' title='bbox 2762 4161 2817 4216; x_wconf 92' lang='lat' dir='ltr'>in</span> <span class='ocrx_word' id='word_1_716' title='bbox 2842 4159 3113 4231; x_wconf 88' lang='lat' dir='ltr'>geniculo</span> <span class='ocrx_word' id='word_1_717' title='bbox 3128 4159 3639 4218; x_wconf 89' lang='lat' dir='ltr'>vulneratusclau-</span> 
     </span>
    </p>
   </div>
   <div class='ocr_carea' id='block_1_99' title="bbox 1991 4249 3638 4323">
    <p class='ocr_par' dir='ltr' id='par_1_99' title="bbox 1991 4249 3638 4323">
     <span class='ocr_line' id='line_1_99' title="bbox 1991 4249 3638 4323; baseline -0.002 -13"><span class='ocrx_word' id='word_1_718' title='bbox 1991 4251 2243 4310; x_wconf 89' lang='lat' dir='ltr'>dicabat.</span> <span class='ocrx_word' id='word_1_719' title='bbox 2272 4252 2448 4323; x_wconf 89' lang='lat' dir='ltr'>Cujus</span> <span class='ocrx_word' id='word_1_720' title='bbox 2474 4251 2656 4306; x_wconf 85' lang='lat' dir='ltr'>frater</span> <span class='ocrx_word' id='word_1_721' title='bbox 2680 4249 2785 4306; x_wconf 88' lang='lat' dir='ltr'>fuit</span> <span class='ocrx_word' id='word_1_722' title='bbox 2802 4249 2964 4320; x_wconf 84' lang='lat' dir='ltr'>Hugo</span> <span class='ocrx_word' id='word_1_723' title='bbox 2979 4249 3638 4321; x_wconf 84' lang='lat' dir='ltr'>Liuguonensisepisco—</span> 
     </span>
    </p>
   </div>
   <div class='ocr_carea' id='block_1_100' title="bbox 1994 4337 3638 4413">
    <p class='ocr_par' dir='ltr' id='par_1_100' title="bbox 1994 4337 3638 4413">
     <span class='ocr_line' id='line_1_100' title="bbox 1994 4337 3638 4413; baseline -0.001 -16"><span class='ocrx_word' id='word_1_724' title='bbox 1994 4356 2123 4412; x_wconf 90' lang='lat' dir='ltr'>pus,</span> <span class='ocrx_word' id='word_1_725' title='bbox 2160 4344 2364 4413; x_wconf 88' lang='lat' dir='ltr'>postea</span> <span class='ocrx_word' id='word_1_726' title='bbox 2396 4354 2426 4395; x_wconf 90' lang='lat' dir='ltr'>a</span> <span class='ocrx_word' id='word_1_727' title='bbox 2460 4342 2664 4396; x_wconf 90' lang='lat' dir='ltr'>saneto</span> <span class='ocrx_word' id='word_1_728' title='bbox 2685 4337 2868 4393; x_wconf 88' lang='lat' dir='ltr'>Leone</span> <span class='ocrx_word' id='word_1_729' title='bbox 2891 4338 2980 4408; x_wconf 84' lang='lat' dir='ltr'>IX,</span> <span class='ocrx_word' id='word_1_730' title='bbox 3008 4337 3062 4393; x_wconf 91' lang='lat' dir='ltr'>in</span> <span class='ocrx_word' id='word_1_731' title='bbox 3088 4338 3357 4395; x_wconf 86' lang='lat' dir='ltr'>Remensi</span> <span class='ocrx_word' id='word_1_732' title='bbox 3389 4337 3638 4395; x_wconf 81' lang='lat' dir='ltr'>concilio</span> 
     </span>
    </p>
   </div>
   <div class='ocr_carea' id='block_1_101' title="bbox 1993 4426 3640 4502">
    <p class='ocr_par' dir='ltr' id='par_1_101' title="bbox 1993 4426 3640 4502">
     <span class='ocr_line' id='line_1_101' title="bbox 1993 4426 3640 4502; baseline -0.004 -15"><span class='ocrx_word' id='word_1_733' title='bbox 1993 4429 2323 4502; x_wconf 87' lang='lat' dir='ltr'>depositus.</span> <span class='ocrx_word' id='word_1_734' title='bbox 2357 4429 2767 4501; x_wconf 81' lang='lat' dir='ltr'>Episcopatuin</span> <span class='ocrx_word' id='word_1_735' title='bbox 2800 4431 2993 4483; x_wconf 90' lang='lat' dir='ltr'>autem</span> <span class='ocrx_word' id='word_1_736' title='bbox 3016 4426 3440 4484; x_wconf 82' lang='lat' dir='ltr'>Virdunensem</span> <span class='ocrx_word' id='word_1_737' title='bbox 3462 4426 3640 4482; x_wconf 79' lang='lat' dir='ltr'>Theo-</span> 
     </span>
    </p>
   </div>
   <div class='ocr_carea' id='block_1_102' title="bbox 1998 4511 3640 4588">
    <p class='ocr_par' dir='ltr' id='par_1_102' title="bbox 1998 4511 3640 4588">
     <span class='ocr_line' id='line_1_102' title="bbox 1998 4511 3640 4588; baseline -0.002 -15"><span class='ocrx_word' id='word_1_738' title='bbox 1998 4516 2235 4574; x_wconf 91' lang='lat' dir='ltr'>dericus</span> <span class='ocrx_word' id='word_1_739' title='bbox 2266 4516 2547 4588; x_wconf 90' lang='lat' dir='ltr'>suscepit,</span> <span class='ocrx_word' id='word_1_740' title='bbox 2581 4512 2909 4571; x_wconf 88' lang='lat' dir='ltr'>Wezelonis</span> <span class='ocrx_word' id='word_1_741' title='bbox 2951 4511 3181 4570; x_wconf 92' lang='lat' dir='ltr'>comitis</span> <span class='ocrx_word' id='word_1_742' title='bbox 3227 4511 3422 4579; x_wconf 82' lang='lat' dir='ltr'>filius;</span> <span class='ocrx_word' id='word_1_743' title='bbox 3469 4512 3640 4583; x_wconf 90' lang='lat' dir='ltr'>cujus</span> 
     </span>
    </p>
   </div>
   <div class='ocr_carea' id='block_1_103' title="bbox 1997 4601 3639 4679">
    <p class='ocr_par' dir='ltr' id='par_1_103' title="bbox 1997 4601 3639 4679">
     <span class='ocr_line' id='line_1_103' title="bbox 1997 4601 3639 4679; baseline -0.002 -15"><span class='ocrx_word' id='word_1_744' title='bbox 1997 4606 2183 4679; x_wconf 90' lang='lat' dir='ltr'>primo</span> <span class='ocrx_word' id='word_1_745' title='bbox 2217 4604 2650 4662; x_wconf 88' lang='lat' dir='ltr'>benedictionis</span> <span class='ocrx_word' id='word_1_746' title='bbox 2671 4618 2821 4660; x_wconf 89' lang='lat' dir='ltr'>anno</span> <span class='ocrx_word' id='word_1_747' title='bbox 2845 4601 3123 4676; x_wconf 91' lang='lat' dir='ltr'>templum</span> <span class='ocrx_word' id='word_1_748' title='bbox 3146 4608 3367 4659; x_wconf 67' lang='lat' dir='ltr'>sanctae</span> <span class='ocrx_word' id='word_1_749' title='bbox 3392 4603 3584 4659; x_wconf 60' lang='lat' dir='ltr'>Mariae</span> <span class='ocrx_word' id='word_1_750' title='bbox 3608 4617 3639 4660; x_wconf 88' lang='lat' dir='ltr'>a</span> 
     </span>
    </p>
   </div>
   <div class='ocr_carea' id='block_1_104' title="bbox 1996 4688 3636 4763">
    <p class='ocr_par' dir='ltr' id='par_1_104' title="bbox 1996 4688 3636 4763">
     <span class='ocr_line' id='line_1_104' title="bbox 1996 4688 3636 4763; baseline -0.003 -9"><span class='ocrx_word' id='word_1_751' title='bbox 1996 4697 2141 4754; x_wconf 91' lang='lat' dir='ltr'>duce</span> <span class='ocrx_word' id='word_1_752' title='bbox 2164 4695 2478 4753; x_wconf 86' lang='lat' dir='ltr'>Godefrido</span> <span class='ocrx_word' id='word_1_753' title='bbox 2499 4698 2555 4751; x_wconf 90' lang='lat' dir='ltr'>et</span> <span class='ocrx_word' id='word_1_754' title='bbox 2591 4692 2872 4751; x_wconf 89' lang='lat' dir='ltr'>Balduino</span> <span class='ocrx_word' id='word_1_755' title='bbox 2896 4706 3239 4751; x_wconf 91' lang='lat' dir='ltr'>succensum</span> <span class='ocrx_word' id='word_1_756' title='bbox 3255 4696 3345 4749; x_wconf 90' lang='lat' dir='ltr'>est</span> <span class='ocrx_word' id='word_1_757' title='bbox 3366 4690 3487 4763; x_wconf 91' lang='lat' dir='ltr'>(fol.</span> <span class='ocrx_word' id='word_1_758' title='bbox 3505 4688 3636 4763; x_wconf 86' lang='lat'>93’),</span> 
     </span>
    </p>
   </div>
   <div class='ocr_carea' id='block_1_105' title="bbox 1992 4778 3633 4854">
    <p class='ocr_par' dir='ltr' id='par_1_105' title="bbox 1992 4778 3633 4854">
     <span class='ocr_line' id='line_1_105' title="bbox 1992 4778 3633 4854; baseline -0.004 -11"><span class='ocrx_word' id='word_1_759' title='bbox 1992 4799 2127 4843; x_wconf 87' lang='lat' dir='ltr'>vasa</span> <span class='ocrx_word' id='word_1_760' title='bbox 2159 4799 2324 4842; x_wconf 91' lang='lat' dir='ltr'>sacra</span> <span class='ocrx_word' id='word_1_761' title='bbox 2357 4783 2573 4854; x_wconf 87' lang='lat' dir='ltr'>ablata,</span> <span class='ocrx_word' id='word_1_762' title='bbox 2604 4782 2934 4854; x_wconf 90' lang='lat' dir='ltr'>civitasque</span> <span class='ocrx_word' id='word_1_763' title='bbox 2966 4781 3270 4838; x_wconf 88' lang='lat' dir='ltr'>destructa</span> <span class='ocrx_word' id='word_1_764' title='bbox 3293 4786 3327 4839; x_wconf 91' lang='lat'>8</span> <span class='ocrx_word' id='word_1_765' title='bbox 3350 4778 3470 4837; x_wconf 85' lang='lat' dir='ltr'>Kal.</span> <span class='ocrx_word' id='word_1_766' title='bbox 3494 4780 3633 4836; x_wconf 83' lang='lat' dir='ltr'>Nov.</span> 
     </span>
    </p>
   </div>
   <div class='ocr_carea' id='block_1_106' title="bbox 2064 4867 3640 4947">
    <p class='ocr_par' dir='ltr' id='par_1_106' title="bbox 2064 4867 3640 4947">
     <span class='ocr_line' id='line_1_106' title="bbox 2064 4867 3640 4947; baseline -0.004 -16"><span class='ocrx_word' id='word_1_767' title='bbox 2064 4875 2272 4947; x_wconf 76' lang='grc'>(1047.)</span> <span class='ocrx_word' id='word_1_768' title='bbox 2306 4873 2548 4941; x_wconf 65' lang='lat' dir='ltr'>Quanta:</span> <span class='ocrx_word' id='word_1_769' title='bbox 2578 4887 2717 4930; x_wconf 90' lang='lat' dir='ltr'>vero</span> <span class='ocrx_word' id='word_1_770' title='bbox 2746 4871 2901 4944; x_wconf 90' lang='lat' dir='ltr'>apud</span> <span class='ocrx_word' id='word_1_771' title='bbox 2933 4870 3092 4929; x_wconf 91' lang='lat' dir='ltr'>illius</span> <span class='ocrx_word' id='word_1_772' title='bbox 3123 4869 3229 4927; x_wconf 75' lang='lat' dir='ltr'>aevi</span> <span class='ocrx_word' id='word_1_773' title='bbox 3262 4869 3524 4927; x_wconf 87' lang='lat' dir='ltr'>homines</span> <span class='ocrx_word' id='word_1_774' title='bbox 3546 4867 3640 4925; x_wconf 89' lang='lat' dir='ltr'>hic</span> 
     </span>
    </p>
   </div>
   <div class='ocr_carea' id='block_1_107' title="bbox 1991 4957 3639 5040">
    <p class='ocr_par' dir='ltr' id='par_1_107' title="bbox 1991 4957 3639 5040">
     <span class='ocr_line' id='line_1_107' title="bbox 1991 4957 3639 5040; baseline -0.004 -19"><span class='ocrx_word' id='word_1_775' title='bbox 1991 4969 2161 5040; x_wconf 88' lang='lat' dir='ltr'>pater</span> <span class='ocrx_word' id='word_1_776' title='bbox 2184 4969 2389 5021; x_wconf 89' lang='lat' dir='ltr'>noster</span> <span class='ocrx_word' id='word_1_777' title='bbox 2407 4961 2594 5034; x_wconf 88' lang='lat' dir='ltr'>gratia</span> <span class='ocrx_word' id='word_1_778' title='bbox 2618 4962 2717 5019; x_wconf 89' lang='lat' dir='ltr'>Dei</span> <span class='ocrx_word' id='word_1_779' title='bbox 2751 4958 3211 5018; x_wconf 63' lang='lat' dir='ltr'>honorificentia;</span> <span class='ocrx_word' id='word_1_780' title='bbox 3238 4958 3433 5029; x_wconf 89' lang='lat' dir='ltr'>fuerit,</span> <span class='ocrx_word' id='word_1_781' title='bbox 3459 4957 3639 5015; x_wconf 83' lang='lat' dir='ltr'>Theo-</span> 
     </span>
    </p>
   </div>
   <div class='ocr_carea' id='block_1_108' title="bbox 1996 5048 3639 5124">
    <p class='ocr_par' dir='ltr' id='par_1_108' title="bbox 1996 5048 3639 5124">
     <span class='ocr_line' id='line_1_108' title="bbox 1996 5048 3639 5124; baseline -0.005 -13"><span class='ocrx_word' id='word_1_782' title='bbox 1996 5055 2233 5111; x_wconf 90' lang='lat' dir='ltr'>dericus</span> <span class='ocrx_word' id='word_1_783' title='bbox 2253 5052 2658 5110; x_wconf 86' lang='lat' dir='ltr'>Basiliensium</span> <span class='ocrx_word' id='word_1_784' title='bbox 2683 5052 3019 5124; x_wconf 89' lang='lat' dir='ltr'>episcopus,</span> <span class='ocrx_word' id='word_1_785' title='bbox 3035 5049 3125 5107; x_wconf 85' lang='lat' dir='ltr'>vir</span> <span class='ocrx_word' id='word_1_786' title='bbox 3138 5048 3334 5105; x_wconf 69' lang='lat' dir='ltr'>multae</span> <span class='ocrx_word' id='word_1_787' title='bbox 3348 5048 3639 5105; x_wconf 88' lang='lat' dir='ltr'>auctorita</span> 
     </span>
    </p>
   </div>
   <div class='ocr_carea' id='block_1_109' title="bbox 1994 5136 3644 5217">
    <p class='ocr_par' dir='ltr' id='par_1_109' title="bbox 1994 5136 3644 5217">
     <span class='ocr_line' id='line_1_109' title="bbox 1994 5136 3644 5217; baseline -0.004 -15"><span class='ocrx_word' id='word_1_788' title='bbox 1994 5146 2070 5202; x_wconf 92' lang='lat' dir='ltr'>tis</span> <span class='ocrx_word' id='word_1_789' title='bbox 2107 5149 2165 5202; x_wconf 88' lang='lat' dir='ltr'>et</span> <span class='ocrx_word' id='word_1_790' title='bbox 2195 5143 2423 5217; x_wconf 74' lang='lat' dir='ltr'>gratim,</span> <span class='ocrx_word' id='word_1_791' title='bbox 2456 5157 2563 5200; x_wconf 90' lang='lat' dir='ltr'>suo</span> <span class='ocrx_word' id='word_1_792' title='bbox 2594 5142 2649 5199; x_wconf 90' lang='lat' dir='ltr'>in</span> <span class='ocrx_word' id='word_1_793' title='bbox 2685 5142 2838 5200; x_wconf 86' lang='lat' dir='ltr'>facto</span> <span class='ocrx_word' id='word_1_794' title='bbox 2870 5140 3151 5198; x_wconf 88' lang='lat' dir='ltr'>ostendit.</span> <span class='ocrx_word' id='word_1_795' title='bbox 3178 5138 3439 5207; x_wconf 87' lang='lat' dir='ltr'>Quicum</span> <span class='ocrx_word' id='word_1_796' title='bbox 3466 5136 3523 5194; x_wconf 88' lang='lat' dir='ltr'>in</span> <span class='ocrx_word' id='word_1_797' title='bbox 3547 5136 3644 5195; x_wconf 88' lang='lat' dir='ltr'>de-</span> 
     </span>
    </p>
   </div>
   <div class='ocr_carea' id='block_1_110' title="bbox 1992 5226 3646 5306">
    <p class='ocr_par' dir='ltr' id='par_1_110' title="bbox 1992 5226 3646 5306">
     <span class='ocr_line' id='line_1_110' title="bbox 1992 5226 3646 5306; baseline -0.006 -13"><span class='ocrx_word' id='word_1_798' title='bbox 1992 5236 2261 5294; x_wconf 83' lang='lat' dir='ltr'>ducendo</span> <span class='ocrx_word' id='word_1_799' title='bbox 2293 5249 2445 5293; x_wconf 90' lang='lat' dir='ltr'>novo</span> <span class='ocrx_word' id='word_1_800' title='bbox 2476 5232 2752 5306; x_wconf 91' lang='lat' dir='ltr'>episcopo</span> <span class='ocrx_word' id='word_1_801' title='bbox 2783 5231 2931 5303; x_wconf 86' lang='lat'>(113)</span> <span class='ocrx_word' id='word_1_802' title='bbox 2965 5229 3285 5287; x_wconf 84' lang='lat' dir='ltr'>Virdunum</span> <span class='ocrx_word' id='word_1_803' title='bbox 3326 5227 3539 5285; x_wconf 89' lang='lat' dir='ltr'>missus</span> <span class='ocrx_word' id='word_1_804' title='bbox 3573 5226 3646 5283; x_wconf 91' lang='lat' dir='ltr'>ab</span> 
     </span>
    </p>
   </div>
   <div class='ocr_carea' id='block_1_111' title="bbox 1819 5352 2044 5413">
    <p class='ocr_par' dir='ltr' id='par_1_111' title="bbox 1819 5352 2044 5413">
     <span class='ocr_line' id='line_1_111' title="bbox 1819 5352 2044 5413; baseline 0.022 -5"><span class='ocrx_word' id='word_1_805' title='bbox 1819 5352 2044 5413; x_wconf 73' lang='grc' dir='ltr'>ΝΟΤᾹΞ.</span> 
     </span>
    </p>
   </div>
   <div class='ocr_carea' id='block_1_112' title="bbox 300 5436 1688 5510">
    <p class='ocr_par' dir='ltr' id='par_1_112' title="bbox 300 5436 1688 5510">
     <span class='ocr_line' id='line_1_112' title="bbox 300 5436 1688 5510; baseline 0.001 -17"><span class='ocrx_word' id='word_1_806' title='bbox 300 5436 449 5510; x_wconf 83' lang='grc'>(110)</span> <span class='ocrx_word' id='word_1_807' title='bbox 484 5437 589 5505; x_wconf 85' lang='lat' dir='ltr'>Qui</span> <span class='ocrx_word' id='word_1_808' title='bbox 625 5444 889 5498; x_wconf 90' lang='lat' dir='ltr'>mortuos</span> <span class='ocrx_word' id='word_1_809' title='bbox 921 5440 1210 5496; x_wconf 90' lang='lat' dir='ltr'>curabant</span> <span class='ocrx_word' id='word_1_810' title='bbox 1242 5447 1300 5498; x_wconf 89' lang='lat' dir='ltr'>et</span> <span class='ocrx_word' id='word_1_811' title='bbox 1333 5443 1688 5510; x_wconf 86' lang='lat' dir='ltr'>ungucbant.</span> 
     </span>
    </p>
   </div>
   <div class='ocr_carea' id='block_1_113' title="bbox 312 5509 975 5580">
    <p class='ocr_par' dir='ltr' id='par_1_113' title="bbox 312 5509 975 5580">
     <span class='ocr_line' id='line_1_113' title="bbox 312 5509 975 5580; baseline 0.002 -15"><span class='ocrx_word' id='word_1_812' title='bbox 312 5509 462 5580; x_wconf 88' lang='grc'>(111)</span> <span class='ocrx_word' id='word_1_813' title='bbox 493 5513 667 5570; x_wconf 86' lang='lat' dir='ltr'>Gesta</span> <span class='ocrx_word' id='word_1_814' title='bbox 696 5511 853 5568; x_wconf 88' lang='lat' dir='ltr'>Vird.</span> <span class='ocrx_word' id='word_1_815' title='bbox 891 5517 975 5567; x_wconf 91' lang='grc'>10.</span> 
     </span>
    </p>
   </div>
   <div class='ocr_carea' id='block_1_114' title="bbox 302 5582 1559 5658">
    <p class='ocr_par' dir='ltr' id='par_1_114' title="bbox 302 5582 1559 5658">
     <span class='ocr_line' id='line_1_114' title="bbox 302 5582 1559 5658; baseline -0.001 -18"><span class='ocrx_word' id='word_1_816' title='bbox 302 5586 451 5658; x_wconf 75' lang='grc'>(112)</span> <span class='ocrx_word' id='word_1_817' title='bbox 481 5586 655 5642; x_wconf 86' lang='lat' dir='ltr'>Gesta</span> <span class='ocrx_word' id='word_1_818' title='bbox 670 5582 849 5655; x_wconf 22' lang='lat' dir='ltr'>(Vird.</span> <span class='ocrx_word' id='word_1_819' title='bbox 883 5587 969 5640; x_wconf 88' lang='lat'>10.</span> <span class='ocrx_word' id='word_1_820' title='bbox 1007 5583 1135 5640; x_wconf 85' lang='lat' dir='ltr'>Vita</span> <span class='ocrx_word' id='word_1_821' title='bbox 1169 5582 1441 5640; x_wconf 83' lang='lat' dir='ltr'>Richardi</span> <span class='ocrx_word' id='word_1_822' title='bbox 1475 5590 1559 5641; x_wconf 79' lang='lat'>:20.</span> 
     </span>
    </p>
   </div>
   <div class='ocr_carea' id='block_1_115' title="bbox 472 5680 978 5747">
    <p class='ocr_par' dir='ltr' id='par_1_115' title="bbox 472 5680 978 5747">
     <span class='ocr_line' id='line_1_115' title="bbox 472 5680 978 5747; baseline -0.008 -2"><span class='ocrx_word' id='word_1_823' title='bbox 472 5685 737 5747; x_wconf 52' lang='lat' dir='ltr'>Parnm“</span> <span class='ocrx_word' id='word_1_824' title='bbox 769 5680 978 5745; x_wconf 88' lang='lat' dir='ltr'>CLIV.</span> 
     </span>
    </p>
   </div>
   <div class='ocr_carea' id='block_1_116' title="bbox 2071 5452 3649 5533">
    <p class='ocr_par' dir='ltr' id='par_1_116' title="bbox 2071 5452 3649 5533">
     <span class='ocr_line' id='line_1_116' title="bbox 2071 5452 3649 5533; baseline -0.006 -15"><span class='ocrx_word' id='word_1_825' title='bbox 2071 5462 2221 5533; x_wconf 84' lang='lat'>(113)</span> <span class='ocrx_word' id='word_1_826' title='bbox 2262 5459 2619 5517; x_wconf 86' lang='lat' dir='ltr'>Theoderico</span> <span class='ocrx_word' id='word_1_827' title='bbox 2672 5456 2897 5515; x_wconf 87' lang='lat' dir='ltr'>scilicet</span> <span class='ocrx_word' id='word_1_828' title='bbox 2948 5469 3097 5514; x_wconf 89' lang='lat' dir='ltr'>anno</span> <span class='ocrx_word' id='word_1_829' title='bbox 3148 5453 3327 5520; x_wconf 59' lang='lat'>1057;</span> <span class='ocrx_word' id='word_1_830' title='bbox 3367 5452 3439 5511; x_wconf 89' lang='lat' dir='ltr'>cf.</span> <span class='ocrx_word' id='word_1_831' title='bbox 3487 5454 3649 5509; x_wconf 83' lang='lat' dir='ltr'>Heri-</span> 
     </span>
    </p>
   </div>
   <div class='ocr_carea' id='block_1_117' title="bbox 2002 5550 2611 5619">
    <p class='ocr_par' dir='ltr' id='par_1_117' title="bbox 2002 5550 2611 5619">
     <span class='ocr_line' id='line_1_117' title="bbox 2002 5550 2611 5619; baseline -0.002 -14"><span class='ocrx_word' id='word_1_832' title='bbox 2002 5551 2192 5607; x_wconf 83' lang='lat' dir='ltr'>manni</span> <span class='ocrx_word' id='word_1_833' title='bbox 2224 5554 2261 5606; x_wconf 72' lang='grc' dir='ltr'>Α</span> <span class='ocrx_word' id='word_1_834' title='bbox 2276 5567 2365 5619; x_wconf 81' lang='lat' dir='ltr'>ug.</span> <span class='ocrx_word' id='word_1_835' title='bbox 2404 5550 2611 5605; x_wconf 87' lang='lat' dir='ltr'>Chron.</span> 
     </span>
    </p>
   </div>
   <div class='ocr_carea' id='block_1_118' title="bbox 3189 5679 3232 5739">
    <p class='ocr_par' dir='ltr' id='par_1_118' title="bbox 3189 5679 3232 5739">
     <span class='ocr_line' id='line_1_118' title="bbox 3189 5679 3232 5739; baseline 0 0"><span class='ocrx_word' id='word_1_836' title='bbox 3189 5679 3232 5739; x_wconf 77' lang='lat'><strong>9</strong></span> 
     </span>
    </p>
   </div>
  </div>
