3922 6404
291 267 410 338 26⁵2

1250 258 1620 332 HUGONIS
1660 265 2017 330 ABBATIS
2057 257 2740 332 FLAVINIACENSIS

3577 263 3705 335 268

295 411 650 480 imperatore
677 403 955 473 venisset,
988 408 1046 458 et
1075 408 1233 458 esset
1259 402 1312 458 ei
1345 401 1580 460 devotio
1608 401 1794 460 sancti
1827 402 1938 459 viri
1965 405 2014 470 Α
2049 417 2153 458 nec
2187 401 2254 457 ad
2281 401 2532 459 medium
2557 402 2768 474 nostis,
2791 401 2925 474 quia
2950 402 3042 459 vir
3055 402 3243 472 gratia
3267 401 3367 459 Dei
3391 401 3703 462 inlumina-

299 498 676 569 sepulchrum
712 493 980 560 invisere,
1016 507 1146 548 cum
1176 496 1308 546 ante
1338 493 1574 548 tumban
1628 505 1831 562 magna
1877 506 1940 548 se

300 585 666 643 lacrimarum
692 581 1048 638 contritione
1072 584 1406 650 mactasset,
1435 580 1942 636 rememoransde-

297 675 482 734 functi
506 673 783 744 pietatem
809 669 1190 726 sobrietatem
1206 673 1260 724 et
1281 670 1804 739 mansuetudinem,
1822 669 1943 740 pal-

298 765 375 819 lio
402 761 828 834 pretiosissima
852 759 1045 814 crocei
1071 757 1292 814 coloris
1309 759 1564 814 tumbam
1579 759 1761 830 ipsam
1779 759 1942 813 ador-

189 920 198 930 ‘
297 853 474 921 navit,
511 856 570 906 ut
606 849 814 906 affectu
850 847 978 918 ipso
1009 853 1335 904 testaretur
1366 847 1740 904 dilectionem
1769 861 1941 918 quam

297 942 428 996 vivo
451 941 761 994 exibuerat
786 939 1016 993 mortuo
1040 952 1102 991 se
1128 951 1360 1008 quoque
1384 951 1496 992 non
1511 937 1942 1006 negare;immo

298 1027 667 1102 propensiori
699 1043 828 1083 eum
857 1025 1018 1082 cultu
1051 1025 1478 1096 dignissimum,
1511 1041 1679 1097 quem
1697 1027 1812 1096 jam
1839 1041 1942 1082 suo

297 1117 572 1172 Dominus
595 1114 817 1184 gremio
840 1115 1198 1169 confoveret.
1227 1116 1472 1185 Ceperat
1491 1114 1606 1184 jam
1623 1115 1942 1170 tunclocus

299 1206 395 1260 ille
416 1204 618 1261 multis
631 1204 860 1260 clarere
877 1202 1197 1272 miraculis,
1219 1209 1274 1258 et
1291 1203 1346 1258 in
1363 1203 1941 1260 febricitantestanta

297 1294 666 1352 curationum
701 1292 1122 1348 refundebatur
1151 1292 1362 1362 gratia,
1393 1296 1453 1349 ut
1480 1292 1750 1364 quisquis
1773 1292 1942 1348 adve-

297 1383 478 1439 nissct
507 1383 614 1438 hoc
652 1381 926 1437 laborans
960 1381 1346 1450 incommodo,
1381 1381 1476 1437 ubi
1513 1395 1713 1452 parum
1733 1381 1945 1437 obdor-

299 1471 522 1540 misset,
551 1470 824 1526 sanitatis
848 1469 1142 1540 potiretur
1164 1469 1461 1540 suffragio,
1479 1476 1536 1526 et
1551 1468 1940 1526 rediretomni

297 1559 654 1616 valetudinis
678 1559 869 1630 sopito
893 1557 1179 1614 incendio.
1209 1558 1316 1614 Sed
1343 1559 1479 1628 quid
1505 1573 1819 1627 moramur,
1842 1573 1946 1612 nec

299 1649 614 1704 referimus
644 1647 814 1716 cujus
844 1647 1036 1702 meriti
1069 1645 1332 1715 angelico
1355 1661 1586 1717 quoque
1611 1646 1946 1701 declaratus

299 1739 373 1792 sit
407 1752 540 1793 esse
573 1736 908 1792 testimonio
931 1735 954 1788 ?
979 1735 1203 1790 Etenim
1239 1734 1335 1804 qui
1368 1735 1515 1790 vidit
1548 1735 1947 1790 testimonium

304 1824 622 1896 perhibuit,
647 1829 704 1879 et
731 1825 802 1879 de
833 1823 1000 1892 cujus
1024 1823 1139 1877 vita
1173 1838 1283 1877 non
1316 1822 1641 1892 dubitatur,
1675 1823 1802 1892 ejus
1836 1839 1950 1879 me-

300 1913 416 1968 rito
449 1911 788 1968 testimonio
808 1909 1088 1966 creditur.
1120 1912 1310 1966 Beatzc
1334 1911 1626 1967 memoriae
1647 1916 1816 1982 pater
1838 1913 1949 1968 Ro-

303 2000 520 2070 dulfus,
553 1999 778 2056 tercius
811 2006 942 2070 post
973 2013 1102 2054 eum
1137 1999 1520 2055 succcssorin
1546 2000 1825 2069 regimine
1845 2016 1951 2057 aec-

301 2089 519 2158 clesiae,
537 2095 594 2144 et
610 2093 670 2144 ut
686 2088 979 2144 credimus
991 2087 1360 2143 hereditariae
1377 2088 1709 2144 sanctitatis
1723 2105 1949 2160 posses-

301 2193 422 2247 sor,
457 2194 606 2234 nunc
640 2177 793 2232 felici
830 2178 1038 2232 beatus
1087 2191 1334 2232 excessu
1387 2178 1558 2248 (114),
1610 2178 1707 2233 ubi
1757 2177 1946 2234 locum

301 2268 492 2338 ipsum
521 2265 837 2334 regendum
865 2265 1148 2335 suscepit,
1174 2268 1231 2319 et
1253 2265 1479 2321 audiret
1507 2267 1948 2322 areferentibus

302 2353 482 2411 multa
513 2354 583 2408 de
607 2369 676 2409 eo
703 2353 890 2409 relatu
916 2353 1108 2422 digna,
1134 2353 1358 2408 videret
1376 2354 1946 2424 quoqucunanimem

299 2457 436 2511 erga
470 2442 689 2498 cultum
725 2439 1533 2510 memorialemejusomnium
1551 2443 1942 2514 devotionem,

300 2531 747 2602 amplexabatur
770 2530 1004 2600 quidem
1032 2529 1184 2599 quod
1213 2530 1446 2585 videbat
1470 2534 1526 2585 et
1552 2531 1824 2587 audiebat
1849 2547 1948 2600 ge-

299 2619 580 2675 neraliter
603 2620 674 2674 ab
696 2618 988 2688 omnibus,
1019 2619 1290 2673 estuabat
1318 2633 1456 2673 vero
1476 2618 1625 2674 intra
1649 2635 1711 2674 se
1733 2619 1942 2690 ipsum,

299 2709 346 2762 si
371 2711 550 2764 tanta:
575 2707 914 2763 sanctitatis
937 2707 1024 2763 vir
1047 2707 1144 2761 ille
1171 2707 1860 2778 fuissetutreferebatur,
1887 2713 1944 2763 et

299 2797 466 2867 quasi
495 2797 777 2867 querebat
809 2794 1078 2851 sollicitis
1108 2800 1168 2850 et
1200 2794 1500 2866 dispositis
1521 2796 1940 2864 cogitationum

298 2885 583 2947 excubiis.
614 2885 782 2952 cujus
817 2883 1008 2939 meriti
1043 2883 1195 2954 apud
1225 2886 1401 2939 Deum
1422 2890 1598 2940 esset.
1628 2884 1864 2940 Solebat
1883 2891 1941 2941 et

302 2975 427 3044 ipse
451 2973 522 3028 ad
542 2972 670 3042 ejus
695 2971 990 3044 sepulchri
1017 2971 1226 3041 locum,
1254 2971 1386 3042 quia
1412 2978 1677 3029 senserat
1706 2973 1784 3028 ibi
1811 2973 1945 3029 faci-

2049 498 2148 548 tus
2171 491 2488 546 humilitati
2508 493 2738 548 studuit
2761 496 2818 548 et
2841 491 3076 562 vilitati,
3101 495 3390 548 necactus
3412 507 3701 566 suospro-

2051 579 2190 635 dere
2225 579 2448 648 maluit,
2485 580 2588 635 sed
2621 580 2944 637 occultare.
2979 579 3090 636 Sed
3122 581 3356 636 noveris
3405 583 3538 653 quia
3581 598 3704 640 ma-

2051 683 2225 739 gnum
2259 673 2568 738 patronum
2597 674 2657 725 et
2684 671 2802 726 Deo
2831 669 3201 726 carissimum
3222 670 3606 741 praemisistis,
3635 676 3696 728 et

2053 773 2182 827 quae
2213 757 2284 812 de
2305 771 2376 812 eo
2395 756 2671 814 dicuntur
2694 773 2831 814 vera
2857 763 3014 826 sunt,
3045 771 3392 828 quamquam
3417 759 3696 831 ampliora

2053 845 2166 901 dici
2202 849 2456 916 possent.
2490 846 2724 903 Placeat
2749 847 2856 902 tibi
2880 847 3116 902 devotio
3144 845 3391 904 filiorum
3413 848 3540 918 ejus
3556 863 3696 918 erga

2053 935 2385 990 memoriam
2409 934 2556 1004 ejus,
2585 941 2642 990 et
2668 951 2796 1006 quae
2819 935 2922 991 tibi
2951 936 3167 992 missus
3187 951 3216 992 a
3232 937 3347 992 Deo
3360 937 3569 1007 refero,
3587 938 3698 994 hac

2053 1023 2176 1094 ipsa
2208 1023 2302 1079 die
2332 1025 2600 1079 omnibus
2629 1024 2682 1079 in
2715 1039 3020 1080 commune
3050 1025 3286 1094 edicito,
3316 1030 3379 1080 ut
3401 1025 3692 1095 gaudeant

2053 1111 2123 1168 de
2143 1111 2293 1167 felici
2314 1127 2590 1168 successu
2608 1113 2808 1184 patris,
2827 1127 2996 1184 quem
3017 1113 3231 1168 habent
3249 1113 3694 1183 suffragatorem

2051 1205 2107 1256 et
2143 1201 2418 1256 devotum
2452 1201 2909 1257 interventorem
2941 1202 2998 1257 in
3031 1202 3216 1258 cretis.
3250 1203 3328 1258 Tu
3373 1202 3566 1273 itaque
3605 1203 3700 1258 his

2053 1289 2124 1344 de
2149 1289 2320 1344 beato
2341 1289 2467 1345 viro
2489 1289 2726 1360 agnitis,
2743 1290 2892 1345 viam
2909 1305 3078 1360 quam
3094 1290 3326 1362 cmpisti
3347 1305 3416 1346 ne
3431 1291 3694 1361 deseras,

2053 1377 2488 1434 mortificationi
2513 1380 2724 1448 carnis,
2749 1378 3084 1448 humilitati,
3111 1378 3321 1434 vilitati
3348 1385 3408 1435 et
3427 1379 3696 1436 castimo-

2052 1465 2161 1522 nia)
2185 1465 2444 1536 invigila,
2470 1467 2770 1524 lucrandis
2788 1469 3093 1524 animabus
3113 1483 3352 1538 operam
3367 1468 3461 1540 da,
3478 1473 3541 1524 ut
3561 1484 3695 1525 cum

2055 1553 2167 1610 hoc
2180 1561 2238 1610 et
2253 1554 2384 1611 aliis
2399 1556 2635 1612 doneris
2651 1557 3011 1612 beatitudine
3025 1557 3699 1626 teternaajocunditatis.»

2130 1644 2278 1712 (Fol-
2299 1644 2409 1714 94.)
2436 1645 2832 1716 Obstupuerat
2859 1645 2948 1700 vir
2965 1645 3287 1714 gratiarum
3312 1646 3366 1700 in
3393 1646 3613 1702 visione
3637 1650 3697 1700 et

1981 1715 2030 1780 Β
2063 1732 2238 1788 affatu
2263 1733 2547 1802 angelico,
2572 1715 2786 1789 etcum
2808 1733 3033 1789 videret
3059 1733 3220 1790 illum
3245 1749 3351 1805 pro
3376 1735 3464 1790 his
3483 1739 3542 1790 et
3565 1733 3700 1790 aliis

2059 1820 2298 1892 pietatis
2326 1821 2452 1890 ejus
2484 1822 2784 1878 beneficiis
2817 1822 3080 1878 humanae
3123 1823 3425 1892 fragilitati
3463 1821 3701 1879 collatis

2059 1910 2175 1964 Deo
2206 1907 2410 1965 laudes
2435 1910 2749 1980 dicentem,
2776 1915 2832 1966 et
2857 1910 2929 1966 ad
2951 1910 3182 1966 easdem
3204 1925 3264 1966 se
3287 1915 3537 1982 pararet,
3563 1914 3696 1966 toto

2057 2011 2304 2068 corpore
2322 2002 2384 2054 ut
2397 1997 2720 2054 dormiebat
2736 2001 3084 2068 assurrexit,
3102 2004 3182 2068 et,
3198 1998 3482 2068 evigilans
3492 2003 3698 2068 grates

2059 2099 2204 2155 quas
2231 2091 2478 2142 conatus
2511 2087 2699 2142 fuerat
2732 2092 2944 2157 mente,
2973 2087 3087 2157 jam
3119 2087 3311 2144 animo
3343 2092 3400 2142 et
3443 2101 3698 2158 corpore

2061 2173 2342 2244 persolvit
2367 2175 2606 2231 intente.
2625 2177 2740 2232 Nec
2755 2175 3022 2248 apparuit
3040 2175 3296 2244 segnisin
3323 2175 3698 2247 praedicando

2059 2263 2210 2332 quod
2237 2262 2466 2319 viderat
2487 2269 2546 2319 et
2570 2263 2856 2334 audierat,
2883 2264 3053 2320 immo
3075 2264 3340 2320 omnibus
3359 2263 3456 2319 Dei
3480 2263 3692 2319 retexit

2058 2351 2364 2421 magnalia,
2402 2352 2535 2422 quia
2567 2357 2626 2408 et
2657 2353 2812 2423 quod
2841 2358 3071 2422 gratum
3101 2357 3192 2408 est
3222 2353 3442 2409 vidisse
3469 2352 3560 2408 vel
3598 2367 3698 2408 au-

2058 2439 2234 2510 disse,
2250 2441 2480 2509 gratius
2496 2442 2771 2509 refertur,
2789 2445 2844 2496 et
2865 2441 3260 2510 gratissimum
3276 2441 3700 2497 universiscre-

2059 2528 2259 2594 ditur;
2294 2531 2510 2586 fratres
2544 2545 2776 2600 quoque
2808 2531 3006 2586 audita
3039 2529 3227 2600 patris
3268 2531 3696 2599 magnificentia

2058 2617 2205 2672 tanti
2240 2618 2434 2674 nuncii
2467 2633 2609 2674 voce
2643 2619 2974 2688 testificata,
3006 2618 3210 2674 laudes
3240 2623 3299 2674 et
3329 2618 3552 2688 gratias
3581 2619 3698 2675 Deo

2059 2705 2421 2762 reddidimus
2448 2709 2614 2778 (115),
2641 2708 2902 2777 satisque
2925 2713 3158 2763 cautum
3182 2711 3277 2762 est
3298 2708 3370 2763 ab
3395 2706 3492 2762 illa
3515 2707 3605 2763 die
3635 2712 3697 2763 et

2058 2794 2354 2866 deinceps,
2372 2794 2576 2864 utejns
2602 2796 2871 2852 memoria
2902 2796 3212 2852 devotione
3235 2796 3594 2852 recoleretur
3613 2795 3697 2852 di-

2051 2883 2352 2953 gnissima.
2380 2885 2491 2940 Pro
2515 2884 2604 2939 his
2627 2889 2686 2940 et
2709 2884 2840 2940 aliis
2862 2884 3159 2940 beneficiis
3177 2883 3303 2954 ejus
3319 2884 3697 2940 benedicatur

2057 2986 2261 3027 nomen
2294 2971 2518 3027 Domini
2549 2972 2604 3026 in
2636 2973 2830 3028 secula
2908 3015 2920 3028 .
2956 2973 3110 3028 Vivit
3138 2973 3326 3029 adhuc
3360 2977 3418 3029 et
3450 2973 3604 3029 vivet
3636 2973 3693 3028 in

302 3022 424 3044 Ὗ--
453 3022 522 3028 __
546 3022 668 3042 Ἴ--
695 3022 990 3044 "rw"---
1017 3022 1226 3041 _--_-_-,
1259 3022 1386 3042 ,μη
1412 3022 1675 3029 __-----__
1811 3022 1918 3029 --η
2058 3022 2261 3027 --------
2636 3022 2830 3028 _--___
2908 3022 2920 3028 -
3140 3022 3324 3029 --ηπ
3364 3022 3416 3029 --
3463 3022 3602 3029 η.--
3636 3022 3693 3028 ,-

301 3061 385 3117 les
413 3061 748 3117 orationum
784 3067 1122 3132 proventus,
1150 3061 1509 3116 creberrime
1527 3076 1696 3118 orare
1719 3067 1778 3118 et
1803 3062 1946 3119 mul-
1973 3022 2022 3088 θ’
2059 3060 2257 3116 secula
2279 3061 2434 3116 beati
2459 3060 2568 3117 viri
2593 3061 3696 3133 meritum(116),etquamdiuvolvetur

299 3151 478 3206 toties
510 3155 860 3221 pernoctare
890 3169 901 3204 :
935 3165 1064 3206 cum
1097 3164 1234 3204 ecce
1269 3165 1377 3206 una
1413 3155 1588 3206 nocte
1623 3155 1756 3222 post
1793 3151 1946 3208 cele-

301 3239 625 3294 brationem
663 3238 1028 3294 uocturnalis
1057 3238 1297 3308 synaxis
1325 3254 1456 3294 cum
1490 3239 1706 3296 ibidem
1737 3241 1944 3298 solitas

297 3329 414 3383 Deo
444 3327 714 3383 redderet
749 3327 1046 3397 excubias,
1081 3329 1186 3383 hac
1211 3343 1340 3384 eum
1363 3329 1720 3398 cogitatione
1745 3331 1944 3401 sepius

301 3422 531 3472 terente
547 3421 602 3472 et
621 3417 690 3472 ab
707 3432 837 3472 sese
854 3417 1220 3486 devolvente,
1239 3432 1475 3473 somnus
1489 3418 1787 3490 paulisper
1801 3418 1946 3476 allu-

298 3506 394 3560 sit.
431 3505 684 3562 Necdum
713 3505 1056 3576 corporales
1089 3507 1145 3561 in
1176 3521 1448 3578 soporem
1479 3511 1649 3562 erant
1683 3509 1942 3579 perfecte

299 3594 566 3662 resoluti,
595 3610 724 3650 cum
749 3594 1183 3650 intellectuales
1206 3595 1361 3651 oculi
1385 3595 1572 3666 aperti
1599 3602 1756 3666 sunt,
1781 3601 1840 3652 et
1866 3597 1944 3652 vi-

299 3683 383 3738 dit
419 3683 530 3739 sibi
557 3689 751 3738 astare
775 3683 1042 3752 angelum
1069 3683 1278 3738 blanda
1305 3698 1365 3740 se
1384 3699 1528 3740 vocc
1547 3684 1941 3755 alloquentem

296 3778 352 3824 et
389 3771 678 3826 dicentem
707 3791 718 3824 :
757 3791 783 3820 ‹‹
808 3771 912 3826 Diu
939 3775 996 3826 te
1017 3771 1298 3840 cogitatio
1321 3777 1420 3827 tua
1447 3787 1678 3828 morosa
1697 3775 1943 3830 curiosi-

301 3864 421 3915 tate
452 3860 724 3928 detinuit,
753 3864 816 3915 ut
838 3859 1023 3914 scires
1047 3859 1214 3928 cujus
1235 3860 1427 3915 meriti
1453 3861 1544 3916 hic
1565 3861 1734 3931 cujus
1752 3863 1944 3934 sepul-

298 3949 440 4003 chro
463 3948 703 4002 adsistis
725 3954 904 4017 esset,
925 3953 1076 4003 etne
1104 3953 1160 4003 te
1185 3949 1409 4006 diutius
1436 3951 1790 4020 fatigandum
1817 3969 1942 4024 pro-

296 4043 472 4106 traat,
507 4037 722 4092 missus
753 4053 876 4092 sum
912 4038 1018 4092 hec
1052 4037 1156 4092 tibi
1189 4038 1486 4109 expedire.
1523 4040 1644 4096 Duo
1695 4046 1828 4097 sunt
1887 4042 1940 4098 in

296 4127 403 4182 hac
427 4126 616 4197 cripta
643 4125 1032 4197 quiesrentes,
1060 4131 1118 4182 et
1144 4126 1293 4182 diem
1319 4128 1564 4198 Domini,
1585 4145 1698 4199 quo
1722 4130 1941 4202 duplici

297 4214 446 4271 stola
474 4219 938 4284 remunerentur,
961 4221 1365 4288 expectantes,
1387 4217 1482 4274 hic
1505 4219 1687 4277 abbas
1707 4220 1945 4276 Richar-

299 4304 1944 4380 dus,etconfessorChristiprwcipuusMadelveus,cujus
1974 4334 2025 4398 D

297 4409 400 4451 vos
430 4394 809 4450 festivitatem
843 4410 950 4450 suo
987 4399 1252 4466 tempore
1285 4401 1342 4451 et
1375 4395 1469 4452 die
1499 4397 1747 4468 devotis,
1774 4405 1834 4454 ut
1859 4401 1944 4456 (li-

297 4498 470 4554 gnum
503 4486 614 4554 est,
649 4483 953 4540 honoratis
985 4484 1225 4540 officiis:
1264 4489 1468 4556 utpote
1501 4500 1669 4556 quem
1702 4489 1854 4543 Deus
1885 4489 1938 4545 in

297 4587 539 4628 numero
568 4578 904 4629 sanctorum
939 4587 1180 4629 suorum
1213 4578 1272 4628 et
1305 4573 1777 4645 sortejustorum
1799 4577 1942 4633 asci-

295 4661 396 4717 vit.
426 4661 668 4730 Etjustc
694 4661 925 4732 quidem
952 4661 1122 4732 digne
1149 4662 1202 4717 in
1229 4663 1562 4720 memoriam
1581 4665 1942 4722 vertiturho-

295 4751 529 4821 minum,
561 4751 656 4821 qui
689 4751 759 4806 ad
790 4751 1067 4820 gaudium
1102 4751 1330 4807 transiit
1360 4751 1671 4820 justorum.
1709 4755 1810 4809 l-lic
1845 4771 1943 4813 au-

293 4844 430 4908 tem,
465 4840 634 4910 cujus
661 4838 828 4894 adsto
859 4839 1194 4910 sepulchro,
1233 4840 1357 4911 pari
1391 4841 1557 4898 vobis
1588 4857 1694 4898 nec
1731 4843 1937 4900 minori

293 4928 602 4984 devotione
621 4928 984 4983 venerandus
1003 4927 1058 4983 iu
1085 4929 1280 4999 terris,
1307 4944 1476 5000 quem
1503 4931 1627 5002 pari
1651 4937 1809 4988 sorte
1835 4949 1939 4990 nec

293 5017 553 5072 inferiori
579 5015 768 5085 gloria
793 5016 946 5072 Deus
962 5015 1300 5074 decoratum
1318 5018 1831 5078 sublimavitincm
1845 5022 1932 5078 lis.

293 5104 464 5162 Multa
498 5105 830 5163 sanctitatis
860 5105 990 5177 ejus
1021 5107 1168 5162 fama
1211 5107 1267 5164 in
1307 5109 1508 5179 terris,
1541 5124 1712 5181 quam
1745 5115 1936 5167 tamen

2057 3149 2337 3218 secutum,
2374 3164 2606 3222 semper
2632 3149 2759 3220 ejus
2788 3151 3054 3208 meritum
3087 3151 3338 3223 accipiet
3379 3152 3697 3208 incremen-

2054 3243 2198 3296 tum.
2234 3240 2505 3295 Testatur
2527 3239 2634 3296 hoc
2657 3241 3026 3310 Normannia,
3055 3242 3274 3298 fatetur
3295 3245 3352 3296 et
3378 3239 3695 3310 Britannia,

2057 3327 2360 3400 applaudit
2381 3334 2501 3384 tota
2527 3328 2707 3385 Gallia
2731 3330 2916 3401 patris
2940 3345 3217 3401 promens
3237 3329 3540 3400 magnalia,
3567 3344 3697 3400 quae

2055 3422 2274 3489 quanto
2307 3417 2485 3474 letata
2519 3422 2608 3474 est
2636 3423 2693 3473 et
2713 3419 2985 3489 jubilavit
3005 3420 3077 3475 de
3100 3419 3546 3476 conservatione
3569 3417 3698 3487 ejus

2057 3505 2423 3562 sanctissima
2457 3505 2591 3563 dum
2619 3513 2782 3562 esset
2815 3507 2869 3562 in
2905 3507 3140 3577 mundo,
3174 3513 3334 3564 tanto
3362 3522 3512 3564 nunc
3535 3505 3696 3564 dolet

2057 3594 2112 3650 in
2147 3601 2335 3651 morte
2363 3596 2490 3666 ejus
2518 3596 2748 3652 sublata
2782 3597 2893 3652 sibi
2928 3603 3043 3654 tam
3079 3596 3267 3654 felicia
3291 3595 3694 3666 contubernia,

2053 3683 2222 3754 cujus
2253 3683 2373 3738 vita
2405 3683 2736 3740 sanctitatis
2766 3691 2891 3741 erat
2933 3685 3258 3756 speculum,
3313 3684 3694 3757 penitentiam

2055 3772 2351 3842 solatium,
2384 3772 2730 3828 merentium
2755 3773 3106 3844 consolatio,
3133 3775 3478 3830 miserorum
3497 3773 3694 3829 defen-

2053 3863 2158 3918 sio.
2196 3861 2366 3917 Luxit
2393 3860 2520 3930 ejus
2551 3861 2774 3918 obitum
2809 3863 3128 3934 imperator
3156 3868 3216 3918 et
3237 3863 3572 3934 Optimates,
3594 3862 3694 3918 de-

2055 3952 2341 4006 lleverunt
2371 3965 2540 4019 reges
2571 3956 2629 4006 et
2661 3951 2990 4022 pontifices,
3027 3951 3240 4008 defecit
3266 3952 3411 4008 tibia
3441 3956 3501 4007 et
3531 3965 3695 4021 orga-

2055 4055 2210 4110 num,
2247 4039 2470 4096 cithara
2503 4044 2563 4096 et
2595 4039 2960 4110 psalterium,
2987 4055 3227 4097 raucum
3253 4046 3451 4097 sonuit
3471 4039 3610 4096 tuba
3632 4045 3693 4095 et

2058 4129 2450 4200 tymphanum.
2489 4127 2758 4183 Ascendit
2791 4129 2862 4184 ad
2896 4130 3072 4184 Deum
3105 4127 3328 4185 clamor
3351 4143 3690 4200 pauperum,

2055 4218 2410 4275 desiderium
2443 4217 2741 4288 egentium
2772 4232 2933 4274 suam
2970 4217 3415 4274 destitutionem
3462 4215 3697 4286 ingemi-

2057 4307 2340 4376 nantium,
2373 4313 2430 4363 et
2459 4311 2520 4363 ut
2544 4321 2707 4376 mage
2732 4306 2984 4376 mireris,
3009 4306 3181 4363 unius
3199 4307 3422 4363 obitum
3447 4304 3693 4362 mundus

2055 4395 2314 4468 deflevit,
2351 4396 2407 4451 in
2441 4411 2554 4466 quo
2606 4400 2768 4452 totus
2815 4396 2950 4452 dum
3000 4395 3225 4452 viveret
3268 4394 3574 4466 requievit.
3623 4395 3692 4448 Et

2054 4500 2402 4557 quamquam
2435 4484 2730 4542 sentirent
2760 4484 2944 4555 magis
2965 4499 3098 4540 esse
3120 4483 3510 4555 gaudendum,
3534 4482 3584 4540 si
3608 4497 3696 4540 ra-

2054 4573 2268 4630 tionem
2294 4574 2382 4631 vis
2400 4573 2623 4630 doloris
2644 4573 3004 4644 admitteret,
3032 4573 3246 4629 flebant
3267 4575 3461 4629 tamen
3493 4571 3697 4644 praeci-

2053 4679 2164 4735 pue
2190 4663 2476 4732 monachi,
2502 4663 2758 4733 virgines
2781 4667 2840 4718 et
2859 4662 3070 4734 viduae,
3093 4661 3240 4719 ordo
3255 4675 3482 4733 quoque
3496 4661 3701 4720 aeccle-

2051 4753 2349 4824 siasticus,
2371 4753 2498 4824 ejus
2524 4751 2804 4823 peculiari
2829 4750 3321 4823 fultipatrocinio,
3339 4749 3698 4807 firmaticon-

2051 4843 2206 4912 silio,
2242 4841 2494 4898 recreati
2527 4840 2802 4911 alloquio.
2839 4841 2884 4897 Ο
2914 4840 3098 4912 patris
3151 4839 3425 4896 meritum
3473 4839 3698 4897 seculis

2051 4929 2452 5001 memorabile,
2475 4931 2727 5002 posteris
2741 4928 3694 4999 venerabile,omnibusimitabile.

2051 5021 2276 5078 Laudes
2301 5019 2430 5090 ejus
2463 5018 2621 5074 nulla
2656 5033 2926 5090 umquam
2945 5017 3166 5074 delebit
3187 5017 3426 5088 oblivio,
3451 5032 3562 5076 non
3587 5017 3694 5074 mi-

2049 5115 2187 5166 nuet
2222 5108 2506 5181 temporis
2539 5107 2940 5180 interpolatio,
2971 5121 3088 5165 non
3120 5109 3349 5166 auferet
3378 5108 3451 5164 ab
3473 5121 3577 5166 ore
3601 5123 3701 5166 uo-

1651 5241 1888 5297 VARl/E
1928 5241 2326 5300 LECTIONES.

359 5327 424 5360 ³³⁸
440 5325 652 5398 pergil
680 5325 889 5384 auctor
904 5327 1042 5398 post
1069 5327 1323 5398 aliguod
1352 5328 1596 5399 terimus.

1880 5387 2106 5459 Now.

361 5497 508 5564 (114)
539 5494 698 5549 Sedit
734 5494 968 5551 biennio
1003 5495 1233 5552 vivente
1259 5495 1574 5568 Grimoldo,
1603 5497 1814 5555 deinde
1840 5513 1936 5554 au-

290 5565 379 5620 nis
419 5569 730 5622 1078-1099.

2119 5501 2269 5644 #115;
2299 5501 2464 5569 Hugo
2497 5497 2678 5579 igitur
2710 5498 2932 5554 aderat.

2144 5577 2246 5629 116
2308 5572 2369 5628 In
2399 5569 2787 5642 sequentibus
2818 5569 2932 5640 rhyl

2144 5567 2268 5642 116)
2308 5572 2369 5628 In
2399 5567 2787 5642 sequentibus
2818 5567 3122 5640 rhythmos
3150 5581 3426 5641 agnosco.
