  <div class='ocr_page' id='page_1' title='image "/cluster/home/n/w/nwhite01/storage/ocr_20150623/153-154/uc1.31175019678096/726.png"; bbox 0 0 3922 6422; ppageno 0'>
   <div class='ocr_carea' id='block_1_1' title="bbox 307 458 425 520">
    <p class='ocr_par' dir='ltr' id='par_1_1' title="bbox 307 458 425 520">
     <span class='ocr_line' id='line_1_1' title="bbox 307 458 425 520; baseline 0 0"><span class='ocrx_word' id='word_1_1' title='bbox 307 458 425 520; x_wconf 79' lang='lat'><strong>269</strong></span> 
     </span>
    </p>
   </div>
   <div class='ocr_carea' id='block_1_2' title="bbox 1463 450 2399 520">
    <p class='ocr_par' dir='ltr' id='par_1_2' title="bbox 1463 450 2399 520">
     <span class='ocr_line' id='line_1_2' title="bbox 1463 450 2399 520; baseline -0.002 -1"><span class='ocrx_word' id='word_1_2' title='bbox 1463 453 1957 520; x_wconf 82' lang='lat' dir='ltr'><strong>CHRONICON.</strong></span> <span class='ocrx_word' id='word_1_3' title='bbox 2002 489 2082 502; x_wconf 90' lang='lat'><strong>-—</strong></span> <span class='ocrx_word' id='word_1_4' title='bbox 2122 454 2275 517; x_wconf 84' lang='lat' dir='ltr'><strong>LIB.</strong></span> <span class='ocrx_word' id='word_1_5' title='bbox 2324 450 2399 517; x_wconf 91' lang='lat' dir='ltr'><strong>II.</strong></span> 
     </span>
    </p>
   </div>
   <div class='ocr_carea' id='block_1_3' title="bbox 3593 452 3709 518">
    <p class='ocr_par' dir='ltr' id='par_1_3' title="bbox 3593 452 3709 518">
     <span class='ocr_line' id='line_1_3' title="bbox 3593 452 3709 518; baseline -0.026 0"><span class='ocrx_word' id='word_1_6' title='bbox 3593 452 3709 518; x_wconf 75' lang='lat'><strong>270</strong></span> 
     </span>
    </p>
   </div>
   <div class='ocr_carea' id='block_1_4' title="bbox 309 587 3703 665">
    <p class='ocr_par' dir='ltr' id='par_1_4' title="bbox 309 587 3703 665">
     <span class='ocr_line' id='line_1_4' title="bbox 309 587 3703 665; baseline -0.001 -13"><span class='ocrx_word' id='word_1_7' title='bbox 309 599 454 665; x_wconf 92' lang='lat' dir='ltr'><strong>stro,</strong></span> <span class='ocrx_word' id='word_1_8' title='bbox 476 598 536 649; x_wconf 91' lang='lat' dir='ltr'><strong>et</strong></span> <span class='ocrx_word' id='word_1_9' title='bbox 556 593 605 651; x_wconf 91' lang='lat' dir='ltr'><strong>si</strong></span> <span class='ocrx_word' id='word_1_10' title='bbox 629 592 865 663; x_wconf 81' lang='lat' dir='ltr'><strong>gravior</strong></span> <span class='ocrx_word' id='word_1_11' title='bbox 884 590 1272 648; x_wconf 88' lang='lat' dir='ltr'><strong>excandescat</strong></span> <span class='ocrx_word' id='word_1_12' title='bbox 1292 590 1346 647; x_wconf 91' lang='lat' dir='ltr'><strong>in</strong></span> <span class='ocrx_word' id='word_1_13' title='bbox 1367 605 1475 647; x_wconf 90' lang='lat' dir='ltr'><strong>nos</strong></span> <span class='ocrx_word' id='word_1_14' title='bbox 1496 605 1831 662; x_wconf 84' lang='lat' dir='ltr'><strong>quamnunc</strong></span> <span class='ocrx_word' id='word_1_15' title='bbox 1853 592 1944 645; x_wconf 90' lang='lat' dir='ltr'><strong>est</strong></span> <span class='ocrx_word' id='word_1_16' title='bbox 1972 591 2024 656; x_wconf 86' lang='grc' dir='ltr'><strong>Α</strong></span> <span class='ocrx_word' id='word_1_17' title='bbox 2051 587 2319 660; x_wconf 82' lang='lat' dir='ltr'><strong>intelligi,</strong></span> <span class='ocrx_word' id='word_1_18' title='bbox 2351 588 2401 646; x_wconf 88' lang='lat' dir='ltr'><strong>si</strong></span> <span class='ocrx_word' id='word_1_19' title='bbox 2435 588 2585 645; x_wconf 87' lang='lat' dir='ltr'><strong>fama</strong></span> <span class='ocrx_word' id='word_1_20' title='bbox 2615 587 2769 647; x_wconf 91' lang='lat' dir='ltr'><strong>votis</strong></span> <span class='ocrx_word' id='word_1_21' title='bbox 2800 588 3125 660; x_wconf 70' lang='lat' dir='ltr'><strong>annuisset,</strong></span> <span class='ocrx_word' id='word_1_22' title='bbox 3151 589 3352 646; x_wconf 88' lang='lat' dir='ltr'><strong>multis</strong></span> <span class='ocrx_word' id='word_1_23' title='bbox 3387 590 3703 648; x_wconf 72' lang='lat' dir='ltr'><strong>ecclesram</strong></span> 
     </span>
    </p>
   </div>
   <div class='ocr_carea' id='block_1_5' title="bbox 310 680 1957 754">
    <p class='ocr_par' dir='ltr' id='par_1_5' title="bbox 310 680 1957 754">
     <span class='ocr_line' id='line_1_5' title="bbox 310 680 1957 754; baseline -0.001 -16"><span class='ocrx_word' id='word_1_24' title='bbox 310 682 619 739; x_wconf 74' lang='lat' dir='ltr'><strong>tribulatio</strong></span> <span class='ocrx_word' id='word_1_25' title='bbox 644 682 817 754; x_wconf 91' lang='grc'>(117),</span> <span class='ocrx_word' id='word_1_26' title='bbox 844 695 956 751; x_wconf 91' lang='lat' dir='ltr'><strong>quo</strong></span> <span class='ocrx_word' id='word_1_27' title='bbox 982 680 1171 736; x_wconf 91' lang='lat' dir='ltr'><strong>minus</strong></span> <span class='ocrx_word' id='word_1_28' title='bbox 1196 684 1252 735; x_wconf 92' lang='lat' dir='ltr'><strong>te</strong></span> <span class='ocrx_word' id='word_1_29' title='bbox 1279 680 1692 749; x_wconf 89' lang='lat' dir='ltr'><strong>venerandum,</strong></span> <span class='ocrx_word' id='word_1_30' title='bbox 1729 685 1785 735; x_wconf 90' lang='lat' dir='ltr'><strong>te</strong></span> <span class='ocrx_word' id='word_1_31' title='bbox 1812 694 1957 750; x_wconf 77' lang='lat' dir='ltr'><strong>prae-</strong></span> 
     </span>
    </p>
   </div>
   <div class='ocr_carea' id='block_1_6' title="bbox 309 768 1954 841">
    <p class='ocr_par' dir='ltr' id='par_1_6' title="bbox 309 768 1954 841">
     <span class='ocr_line' id='line_1_6' title="bbox 309 768 1954 841; baseline -0.003 -14"><span class='ocrx_word' id='word_1_32' title='bbox 309 772 641 841; x_wconf 90' lang='lat' dir='ltr'><strong>dicandum,</strong></span> <span class='ocrx_word' id='word_1_33' title='bbox 674 773 753 841; x_wconf 90' lang='lat' dir='ltr'><strong>te,</strong></span> <span class='ocrx_word' id='word_1_34' title='bbox 788 777 976 841; x_wconf 88' lang='lat' dir='ltr'><strong>pater,</strong></span> <span class='ocrx_word' id='word_1_35' title='bbox 1013 771 1296 826; x_wconf 78' lang='lat' dir='ltr'><strong>fateamur</strong></span> <span class='ocrx_word' id='word_1_36' title='bbox 1318 768 1642 825; x_wconf 90' lang='lat' dir='ltr'><strong>omnimoda</strong></span> <span class='ocrx_word' id='word_1_37' title='bbox 1667 768 1839 824; x_wconf 85' lang='lat' dir='ltr'><strong>laude</strong></span> <span class='ocrx_word' id='word_1_38' title='bbox 1860 782 1954 823; x_wconf 85' lang='lat' dir='ltr'><strong>co-</strong></span> 
     </span>
    </p>
   </div>
   <div class='ocr_carea' id='block_1_7' title="bbox 309 858 1954 929">
    <p class='ocr_par' dir='ltr' id='par_1_7' title="bbox 309 858 1954 929">
     <span class='ocr_line' id='line_1_7' title="bbox 309 858 1954 929; baseline -0.001 -15"><span class='ocrx_word' id='word_1_39' title='bbox 309 859 564 917; x_wconf 90' lang='lat' dir='ltr'><strong>lendum.</strong></span> <span class='ocrx_word' id='word_1_40' title='bbox 589 860 723 916; x_wconf 87' lang='lat' dir='ltr'><strong>Tuis</strong></span> <span class='ocrx_word' id='word_1_41' title='bbox 756 859 906 914; x_wconf 90' lang='lat' dir='ltr'><strong>enim</strong></span> <span class='ocrx_word' id='word_1_42' title='bbox 943 858 1216 914; x_wconf 86' lang='lat' dir='ltr'><strong>laudibus</strong></span> <span class='ocrx_word' id='word_1_43' title='bbox 1249 859 1563 929; x_wconf 78' lang='lat' dir='ltr'><strong>immorari,</strong></span> <span class='ocrx_word' id='word_1_44' title='bbox 1586 862 1676 913; x_wconf 88' lang='lat' dir='ltr'><strong>est</strong></span> <span class='ocrx_word' id='word_1_45' title='bbox 1707 872 1736 912; x_wconf 91' lang='lat' dir='ltr'><strong>a</strong></span> <span class='ocrx_word' id='word_1_46' title='bbox 1772 858 1954 913; x_wconf 88' lang='lat' dir='ltr'><strong>tribu-</strong></span> 
     </span>
    </p>
   </div>
   <div class='ocr_carea' id='block_1_8' title="bbox 311 946 1954 1018">
    <p class='ocr_par' dir='ltr' id='par_1_8' title="bbox 311 946 1954 1018">
     <span class='ocr_line' id='line_1_8' title="bbox 311 946 1954 1018; baseline -0.002 -14"><span class='ocrx_word' id='word_1_47' title='bbox 311 950 526 1005; x_wconf 85' lang='lat' dir='ltr'><strong>latione</strong></span> <span class='ocrx_word' id='word_1_48' title='bbox 558 947 825 1018; x_wconf 90' lang='lat' dir='ltr'><strong>relevari,</strong></span> <span class='ocrx_word' id='word_1_49' title='bbox 861 948 994 1018; x_wconf 86' lang='lat' dir='ltr'><strong>quia</strong></span> <span class='ocrx_word' id='word_1_50' title='bbox 1027 947 1155 1003; x_wconf 91' lang='lat' dir='ltr'><strong>laus</strong></span> <span class='ocrx_word' id='word_1_51' title='bbox 1187 951 1282 1002; x_wconf 90' lang='lat' dir='ltr'><strong>tua</strong></span> <span class='ocrx_word' id='word_1_52' title='bbox 1323 947 1519 1016; x_wconf 84' lang='lat' dir='ltr'><strong>gaudii</strong></span> <span class='ocrx_word' id='word_1_53' title='bbox 1561 950 1653 1001; x_wconf 91' lang='lat' dir='ltr'><strong>est</strong></span> <span class='ocrx_word' id='word_1_54' title='bbox 1693 951 1752 1001; x_wconf 93' lang='lat' dir='ltr'><strong>et</strong></span> <span class='ocrx_word' id='word_1_55' title='bbox 1791 946 1954 1017; x_wconf 84' lang='lat' dir='ltr'><strong>pacis</strong></span> 
     </span>
    </p>
   </div>
   <div class='ocr_carea' id='block_1_9' title="bbox 311 1035 1953 1107">
    <p class='ocr_par' dir='ltr' id='par_1_9' title="bbox 311 1035 1953 1107">
     <span class='ocr_line' id='line_1_9' title="bbox 311 1035 1953 1107; baseline -0.002 -13"><span class='ocrx_word' id='word_1_56' title='bbox 311 1036 645 1094; x_wconf 89' lang='lat' dir='ltr'><strong>admiranda</strong></span> <span class='ocrx_word' id='word_1_57' title='bbox 671 1036 1139 1107; x_wconf 84' lang='lat' dir='ltr'><strong>comprehensio,</strong></span> <span class='ocrx_word' id='word_1_58' title='bbox 1168 1035 1953 1105; x_wconf 86' lang='lat' dir='ltr'><strong>merorisetanxietatispro—</strong></span> 
     </span>
    </p>
   </div>
   <div class='ocr_carea' id='block_1_10' title="bbox 309 1124 1954 1198">
    <p class='ocr_par' dir='ltr' id='par_1_10' title="bbox 309 1124 1954 1198">
     <span class='ocr_line' id='line_1_10' title="bbox 309 1124 1954 1198; baseline -0.003 -16"><span class='ocrx_word' id='word_1_59' title='bbox 309 1125 586 1198; x_wconf 89' lang='lat' dir='ltr'><strong>pulsatio.</strong></span> <span class='ocrx_word' id='word_1_60' title='bbox 618 1125 841 1181; x_wconf 84' lang='lat' dir='ltr'><strong>Retulit</strong></span> <span class='ocrx_word' id='word_1_61' title='bbox 875 1124 1187 1180; x_wconf 88' lang='lat' dir='ltr'><strong>humilitati</strong></span> <span class='ocrx_word' id='word_1_62' title='bbox 1221 1130 1435 1180; x_wconf 75' lang='lat' dir='ltr'><strong>nostrze</strong></span> <span class='ocrx_word' id='word_1_63' title='bbox 1467 1129 1602 1179; x_wconf 85' lang='lat' dir='ltr'><strong>ante</strong></span> <span class='ocrx_word' id='word_1_64' title='bbox 1632 1124 1954 1194; x_wconf 90' lang='lat' dir='ltr'><strong>quinquen-</strong></span> 
     </span>
    </p>
   </div>
   <div class='ocr_carea' id='block_1_11' title="bbox 310 1211 1954 1285">
    <p class='ocr_par' dir='ltr' id='par_1_11' title="bbox 310 1211 1954 1285">
     <span class='ocr_line' id='line_1_11' title="bbox 310 1211 1954 1285; baseline -0.002 -14"><span class='ocrx_word' id='word_1_65' title='bbox 310 1216 486 1285; x_wconf 90' lang='lat' dir='ltr'><strong>nium,</strong></span> <span class='ocrx_word' id='word_1_66' title='bbox 521 1229 651 1270; x_wconf 91' lang='lat' dir='ltr'><strong>cum</strong></span> <span class='ocrx_word' id='word_1_67' title='bbox 684 1213 928 1270; x_wconf 87' lang='lat' dir='ltr'><strong>necdum</strong></span> <span class='ocrx_word' id='word_1_68' title='bbox 950 1217 1358 1282; x_wconf 89' lang='lat' dir='ltr'><strong>gustassemus</strong></span> <span class='ocrx_word' id='word_1_69' title='bbox 1394 1214 1594 1283; x_wconf 86' lang='lat' dir='ltr'><strong>quanti</strong></span> <span class='ocrx_word' id='word_1_70' title='bbox 1628 1213 1704 1268; x_wconf 89' lang='lat' dir='ltr'><strong>sit</strong></span> <span class='ocrx_word' id='word_1_71' title='bbox 1734 1211 1954 1267; x_wconf 88' lang='lat' dir='ltr'><strong>laboris</strong></span> 
     </span>
    </p>
   </div>
   <div class='ocr_carea' id='block_1_12' title="bbox 309 1300 1954 1372">
    <p class='ocr_par' dir='ltr' id='par_1_12' title="bbox 309 1300 1954 1372">
     <span class='ocr_line' id='line_1_12' title="bbox 309 1300 1954 1372; baseline -0.002 -13"><span class='ocrx_word' id='word_1_72' title='bbox 309 1308 369 1359; x_wconf 90' lang='lat' dir='ltr'><strong>et</strong></span> <span class='ocrx_word' id='word_1_73' title='bbox 391 1303 533 1359; x_wconf 89' lang='lat' dir='ltr'><strong>tedii</strong></span> <span class='ocrx_word' id='word_1_74' title='bbox 560 1303 747 1358; x_wconf 91' lang='lat' dir='ltr'><strong>aliena</strong></span> <span class='ocrx_word' id='word_1_75' title='bbox 767 1317 995 1372; x_wconf 90' lang='lat' dir='ltr'><strong>curare,</strong></span> <span class='ocrx_word' id='word_1_76' title='bbox 1021 1302 1375 1357; x_wconf 86' lang='lat' dir='ltr'><strong>venerabilis</strong></span> <span class='ocrx_word' id='word_1_77' title='bbox 1397 1302 1578 1357; x_wconf 88' lang='lat' dir='ltr'><strong>abbas</strong></span> <span class='ocrx_word' id='word_1_78' title='bbox 1601 1305 1814 1357; x_wconf 70' lang='lat' dir='ltr'><strong>sanctae</strong></span> <span class='ocrx_word' id='word_1_79' title='bbox 1835 1300 1954 1355; x_wconf 87' lang='lat' dir='ltr'><strong>Tri-</strong></span> 
     </span>
    </p>
   </div>
   <div class='ocr_carea' id='block_1_13' title="bbox 310 1389 1949 1459">
    <p class='ocr_par' dir='ltr' id='par_1_13' title="bbox 310 1389 1949 1459">
     <span class='ocr_line' id='line_1_13' title="bbox 310 1389 1949 1459; baseline -0.004 -9"><span class='ocrx_word' id='word_1_80' title='bbox 310 1392 512 1450; x_wconf 89' lang='lat' dir='ltr'><strong>nitatis</strong></span> <span class='ocrx_word' id='word_1_81' title='bbox 541 1391 612 1448; x_wconf 89' lang='lat' dir='ltr'><strong>de</strong></span> <span class='ocrx_word' id='word_1_82' title='bbox 652 1396 846 1448; x_wconf 90' lang='lat' dir='ltr'><strong>monte</strong></span> <span class='ocrx_word' id='word_1_83' title='bbox 884 1390 1299 1459; x_wconf 83' lang='lat' dir='ltr'><strong>Rotomagensi</strong></span> <span class='ocrx_word' id='word_1_84' title='bbox 1349 1392 1510 1458; x_wconf 82' lang='lat' dir='ltr'><strong>[iugo</strong></span> <span class='ocrx_word' id='word_1_85' title='bbox 1569 1389 1818 1459; x_wconf 89' lang='lat' dir='ltr'><strong>nomine,</strong></span> <span class='ocrx_word' id='word_1_86' title='bbox 1852 1389 1949 1459; x_wconf 86' lang='lat' dir='ltr'><strong>qui</strong></span> 
     </span>
    </p>
   </div>
   <div class='ocr_carea' id='block_1_14' title="bbox 309 1478 1953 1552">
    <p class='ocr_par' dir='ltr' id='par_1_14' title="bbox 309 1478 1953 1552">
     <span class='ocr_line' id='line_1_14' title="bbox 309 1478 1953 1552; baseline -0.002 -14"><span class='ocrx_word' id='word_1_87' title='bbox 309 1496 459 1540; x_wconf 90' lang='lat' dir='ltr'><strong>nunc</strong></span> <span class='ocrx_word' id='word_1_88' title='bbox 492 1494 678 1552; x_wconf 90' lang='lat' dir='ltr'><strong>usque</strong></span> <span class='ocrx_word' id='word_1_89' title='bbox 707 1484 1000 1551; x_wconf 87' lang='lat' dir='ltr'><strong>superest,</strong></span> <span class='ocrx_word' id='word_1_90' title='bbox 1036 1480 1170 1549; x_wconf 87' lang='lat' dir='ltr'><strong>quia</strong></span> <span class='ocrx_word' id='word_1_91' title='bbox 1203 1494 1331 1534; x_wconf 90' lang='lat' dir='ltr'><strong>cum</strong></span> <span class='ocrx_word' id='word_1_92' title='bbox 1372 1482 1528 1533; x_wconf 88' lang='lat' dir='ltr'><strong>esset</strong></span> <span class='ocrx_word' id='word_1_93' title='bbox 1558 1478 1615 1533; x_wconf 93' lang='lat' dir='ltr'><strong>in</strong></span> <span class='ocrx_word' id='word_1_94' title='bbox 1656 1478 1953 1548; x_wconf 86' lang='lat' dir='ltr'><strong>obsequiis</strong></span> 
     </span>
    </p>
   </div>
   <div class='ocr_carea' id='block_1_15' title="bbox 313 1565 1952 1643">
    <p class='ocr_par' dir='ltr' id='par_1_15' title="bbox 313 1565 1952 1643">
     <span class='ocr_line' id='line_1_15' title="bbox 313 1565 1952 1643; baseline -0.002 -17"><span class='ocrx_word' id='word_1_95' title='bbox 313 1570 537 1643; x_wconf 69' lang='lat' dir='ltr'><strong>praefati</strong></span> <span class='ocrx_word' id='word_1_96' title='bbox 570 1568 802 1625; x_wconf 89' lang='lat' dir='ltr'><strong>comitis</strong></span> <span class='ocrx_word' id='word_1_97' title='bbox 834 1568 1195 1623; x_wconf 71' lang='lat' dir='ltr'><strong>Normannize</strong></span> <span class='ocrx_word' id='word_1_98' title='bbox 1232 1566 1524 1633; x_wconf 79' lang='lat' dir='ltr'><strong>Willelmi,</strong></span> <span class='ocrx_word' id='word_1_99' title='bbox 1554 1565 1668 1635; x_wconf 91' lang='lat' dir='ltr'><strong>jam</strong></span> <span class='ocrx_word' id='word_1_100' title='bbox 1702 1572 1841 1622; x_wconf 89' lang='lat' dir='ltr'><strong>tunc</strong></span> <span class='ocrx_word' id='word_1_101' title='bbox 1864 1581 1952 1622; x_wconf 89' lang='lat' dir='ltr'><strong>re-</strong></span> 
     </span>
    </p>
   </div>
   <div class='ocr_carea' id='block_1_16' title="bbox 307 1654 1948 1728">
    <p class='ocr_par' dir='ltr' id='par_1_16' title="bbox 307 1654 1948 1728">
     <span class='ocr_line' id='line_1_16' title="bbox 307 1654 1948 1728; baseline -0.002 -14"><span class='ocrx_word' id='word_1_102' title='bbox 307 1660 399 1728; x_wconf 92' lang='lat' dir='ltr'><strong>gis</strong></span> <span class='ocrx_word' id='word_1_103' title='bbox 430 1656 767 1727; x_wconf 81' lang='lat' dir='ltr'><strong>Anglorum,</strong></span> <span class='ocrx_word' id='word_1_104' title='bbox 799 1670 930 1712; x_wconf 91' lang='lat' dir='ltr'><strong>cum</strong></span> <span class='ocrx_word' id='word_1_105' title='bbox 961 1659 1320 1711; x_wconf 87' lang='lat' dir='ltr'><strong>tractaretur</strong></span> <span class='ocrx_word' id='word_1_106' title='bbox 1352 1654 1407 1709; x_wconf 93' lang='lat' dir='ltr'><strong>in</strong></span> <span class='ocrx_word' id='word_1_107' title='bbox 1441 1654 1570 1709; x_wconf 90' lang='lat' dir='ltr'><strong>aula</strong></span> <span class='ocrx_word' id='word_1_108' title='bbox 1593 1654 1663 1710; x_wconf 89' lang='lat' dir='ltr'><strong>de</strong></span> <span class='ocrx_word' id='word_1_109' title='bbox 1687 1655 1948 1711; x_wconf 89' lang='lat' dir='ltr'><strong>honestis</strong></span> 
     </span>
    </p>
   </div>
   <div class='ocr_carea' id='block_1_17' title="bbox 309 1743 1948 1814">
    <p class='ocr_par' dir='ltr' id='par_1_17' title="bbox 309 1743 1948 1814">
     <span class='ocr_line' id='line_1_17' title="bbox 309 1743 1948 1814; baseline -0.003 -10"><span class='ocrx_word' id='word_1_110' title='bbox 309 1746 452 1804; x_wconf 89' lang='lat' dir='ltr'><strong>viris</strong></span> <span class='ocrx_word' id='word_1_111' title='bbox 475 1751 531 1802; x_wconf 90' lang='lat' dir='ltr'><strong>et</strong></span> <span class='ocrx_word' id='word_1_112' title='bbox 550 1751 870 1802; x_wconf 87' lang='lat' dir='ltr'><strong>memoratu</strong></span> <span class='ocrx_word' id='word_1_113' title='bbox 890 1744 1101 1814; x_wconf 79' lang='lat' dir='ltr'><strong>dignis,</strong></span> <span class='ocrx_word' id='word_1_114' title='bbox 1122 1758 1367 1814; x_wconf 87' lang='lat' dir='ltr'><strong>quorum</strong></span> <span class='ocrx_word' id='word_1_115' title='bbox 1392 1743 1513 1813; x_wconf 89' lang='lat' dir='ltr'><strong>ipse</strong></span> <span class='ocrx_word' id='word_1_116' title='bbox 1529 1757 1633 1798; x_wconf 83' lang='lat' dir='ltr'><strong>rex</strong></span> <span class='ocrx_word' id='word_1_117' title='bbox 1646 1744 1948 1800; x_wconf 88' lang='lat' dir='ltr'><strong>habuisset</strong></span> 
     </span>
    </p>
   </div>
   <div class='ocr_carea' id='block_1_18' title="bbox 311 1831 1947 1903">
    <p class='ocr_par' dir='ltr' id='par_1_18' title="bbox 311 1831 1947 1903">
     <span class='ocr_line' id='line_1_18' title="bbox 311 1831 1947 1903; baseline -0.003 -10"><span class='ocrx_word' id='word_1_118' title='bbox 311 1835 574 1893; x_wconf 89' lang='lat' dir='ltr'><strong>notitiam</strong></span> <span class='ocrx_word' id='word_1_119' title='bbox 601 1839 699 1890; x_wconf 91' lang='lat' dir='ltr'><strong>aut</strong></span> <span class='ocrx_word' id='word_1_120' title='bbox 722 1836 928 1890; x_wconf 88' lang='lat' dir='ltr'><strong>famam</strong></span> <span class='ocrx_word' id='word_1_121' title='bbox 948 1833 1232 1903; x_wconf 88' lang='lat' dir='ltr'><strong>audisset,</strong></span> <span class='ocrx_word' id='word_1_122' title='bbox 1256 1832 1752 1903; x_wconf 71' lang='lat' dir='ltr'><strong>interprzecipuos</strong></span> <span class='ocrx_word' id='word_1_123' title='bbox 1774 1831 1947 1901; x_wconf 87' lang='lat' dir='ltr'><strong>hujus</strong></span> 
     </span>
    </p>
   </div>
   <div class='ocr_carea' id='block_1_19' title="bbox 2064 677 3709 750">
    <p class='ocr_par' dir='ltr' id='par_1_19' title="bbox 2064 677 3709 750">
     <span class='ocr_line' id='line_1_19' title="bbox 2064 677 3709 750; baseline 0.003 -17"><span class='ocrx_word' id='word_1_124' title='bbox 2064 678 2388 734; x_wconf 89' lang='lat' dir='ltr'><strong>donandam</strong></span> <span class='ocrx_word' id='word_1_125' title='bbox 2412 677 3308 748; x_wconf 87' lang='lat' dir='ltr'><strong>muneribus,multa,dilectione</strong></span> <span class='ocrx_word' id='word_1_126' title='bbox 3332 694 3360 734; x_wconf 91' lang='lat' dir='ltr'><strong>a</strong></span> <span class='ocrx_word' id='word_1_127' title='bbox 3383 680 3561 750; x_wconf 79' lang='lat' dir='ltr'><strong>regali</strong></span> <span class='ocrx_word' id='word_1_128' title='bbox 3589 682 3709 738; x_wconf 87' lang='lat' dir='ltr'><strong>fore</strong></span> 
     </span>
    </p>
   </div>
   <div class='ocr_carea' id='block_1_20' title="bbox 2063 765 3711 838">
    <p class='ocr_par' dir='ltr' id='par_1_20' title="bbox 2063 765 3711 838">
     <span class='ocr_line' id='line_1_20' title="bbox 2063 765 3711 838; baseline 0.003 -17"><span class='ocrx_word' id='word_1_129' title='bbox 2063 767 2457 823; x_wconf 84' lang='lat' dir='ltr'><strong>muniﬁcentia</strong></span> <span class='ocrx_word' id='word_1_130' title='bbox 2499 767 2913 824; x_wconf 90' lang='lat' dir='ltr'><strong>honorandam.</strong></span> <span class='ocrx_word' id='word_1_131' title='bbox 2952 765 3093 837; x_wconf 85' lang='lat' dir='ltr'><strong>(Fol.</strong></span> <span class='ocrx_word' id='word_1_132' title='bbox 3130 766 3264 838; x_wconf 63' lang='lat'><strong>94’.)</strong></span> <span class='ocrx_word' id='word_1_133' title='bbox 3309 768 3571 825; x_wconf 88' lang='lat' dir='ltr'><strong>Vidimus</strong></span> <span class='ocrx_word' id='word_1_134' title='bbox 3614 770 3711 826; x_wconf 89' lang='lat' dir='ltr'><strong>de-</strong></span> 
     </span>
    </p>
   </div>
   <div class='ocr_carea' id='block_1_21' title="bbox 2063 856 3705 931">
    <p class='ocr_par' dir='ltr' id='par_1_21' title="bbox 2063 856 3705 931">
     <span class='ocr_line' id='line_1_21' title="bbox 2063 856 3705 931; baseline 0.002 -21"><span class='ocrx_word' id='word_1_135' title='bbox 2063 856 2385 913; x_wconf 89' lang='lat' dir='ltr'><strong>moniacum</strong></span> <span class='ocrx_word' id='word_1_136' title='bbox 2408 857 2481 913; x_wconf 89' lang='lat' dir='ltr'><strong>ad</strong></span> <span class='ocrx_word' id='word_1_137' title='bbox 2504 857 2916 913; x_wconf 86' lang='lat' dir='ltr'><strong>monasterium</strong></span> <span class='ocrx_word' id='word_1_138' title='bbox 2951 856 3105 912; x_wconf 89' lang='lat' dir='ltr'><strong>beati</strong></span> <span class='ocrx_word' id='word_1_139' title='bbox 3138 856 3329 912; x_wconf 90' lang='lat' dir='ltr'><strong>Vitoni</strong></span> <span class='ocrx_word' id='word_1_140' title='bbox 3362 857 3705 931; x_wconf 87' lang='lat' dir='ltr'><strong>adductum,</strong></span> 
     </span>
    </p>
   </div>
   <div class='ocr_carea' id='block_1_22' title="bbox 2064 946 3710 1018">
    <p class='ocr_par' dir='ltr' id='par_1_22' title="bbox 2064 946 3710 1018">
     <span class='ocr_line' id='line_1_22' title="bbox 2064 946 3710 1018; baseline 0.001 -17"><span class='ocrx_word' id='word_1_141' title='bbox 2064 946 2214 1001; x_wconf 91' lang='lat' dir='ltr'><strong>intra</strong></span> <span class='ocrx_word' id='word_1_142' title='bbox 2250 947 2636 1018; x_wconf 90' lang='lat' dir='ltr'><strong>paucissimos</strong></span> <span class='ocrx_word' id='word_1_143' title='bbox 2668 947 2795 1003; x_wconf 92' lang='lat' dir='ltr'><strong>dies</strong></span> <span class='ocrx_word' id='word_1_144' title='bbox 2811 946 3371 1018; x_wconf 66' lang='lat' dir='ltr'><strong>plenariresanitatis</strong></span> <span class='ocrx_word' id='word_1_145' title='bbox 3393 948 3603 1017; x_wconf 85' lang='lat' dir='ltr'><strong>gaudia</strong></span> <span class='ocrx_word' id='word_1_146' title='bbox 3620 964 3710 1003; x_wconf 88' lang='lat' dir='ltr'><strong>re-</strong></span> 
     </span>
    </p>
   </div>
   <div class='ocr_carea' id='block_1_23' title="bbox 2064 1035 3706 1108">
    <p class='ocr_par' dir='ltr' id='par_1_23' title="bbox 2064 1035 3706 1108">
     <span class='ocr_line' id='line_1_23' title="bbox 2064 1035 3706 1108; baseline 0.001 -17"><span class='ocrx_word' id='word_1_147' title='bbox 2064 1038 2352 1107; x_wconf 87' lang='lat' dir='ltr'><strong>portasse,</strong></span> <span class='ocrx_word' id='word_1_148' title='bbox 2377 1051 2545 1107; x_wconf 90' lang='lat' dir='ltr'><strong>quem</strong></span> <span class='ocrx_word' id='word_1_149' title='bbox 2577 1052 2707 1094; x_wconf 90' lang='lat' dir='ltr'><strong>cum</strong></span> <span class='ocrx_word' id='word_1_150' title='bbox 2740 1037 2796 1092; x_wconf 90' lang='lat' dir='ltr'><strong>in</strong></span> <span class='ocrx_word' id='word_1_151' title='bbox 2835 1035 3019 1108; x_wconf 90' lang='lat' dir='ltr'><strong>primo</strong></span> <span class='ocrx_word' id='word_1_152' title='bbox 3043 1037 3295 1091; x_wconf 89' lang='lat' dir='ltr'><strong>adventu</strong></span> <span class='ocrx_word' id='word_1_153' title='bbox 3322 1052 3428 1093; x_wconf 90' lang='lat' dir='ltr'><strong>suo</strong></span> <span class='ocrx_word' id='word_1_154' title='bbox 3452 1038 3706 1093; x_wconf 85' lang='lat' dir='ltr'><strong>vinetum</strong></span> 
     </span>
    </p>
   </div>
   <div class='ocr_carea' id='block_1_24' title="bbox 2064 1124 3707 1195">
    <p class='ocr_par' dir='ltr' id='par_1_24' title="bbox 2064 1124 3707 1195">
     <span class='ocr_line' id='line_1_24' title="bbox 2064 1124 3707 1195; baseline 0.001 -17"><span class='ocrx_word' id='word_1_155' title='bbox 2064 1124 2208 1180; x_wconf 90' lang='lat' dir='ltr'><strong>loris</strong></span> <span class='ocrx_word' id='word_1_156' title='bbox 2233 1129 2288 1180; x_wconf 91' lang='lat' dir='ltr'><strong>et</strong></span> <span class='ocrx_word' id='word_1_157' title='bbox 2316 1125 2551 1182; x_wconf 88' lang='lat' dir='ltr'><strong>funibus</strong></span> <span class='ocrx_word' id='word_1_158' title='bbox 2575 1129 2827 1182; x_wconf 86' lang='lat' dir='ltr'><strong>artatum</strong></span> <span class='ocrx_word' id='word_1_159' title='bbox 2852 1125 3001 1180; x_wconf 88' lang='lat' dir='ltr'><strong>infra</strong></span> <span class='ocrx_word' id='word_1_160' title='bbox 3015 1125 3262 1195; x_wconf 88' lang='lat' dir='ltr'><strong>criptam</strong></span> <span class='ocrx_word' id='word_1_161' title='bbox 3289 1125 3358 1180; x_wconf 91' lang='lat' dir='ltr'><strong>ad</strong></span> <span class='ocrx_word' id='word_1_162' title='bbox 3375 1127 3707 1182; x_wconf 84' lang='lat' dir='ltr'><strong>memoriam</strong></span> 
     </span>
    </p>
   </div>
   <div class='ocr_carea' id='block_1_25' title="bbox 2063 1202 3708 1285">
    <p class='ocr_par' dir='ltr' id='par_1_25' title="bbox 2063 1202 3708 1285">
     <span class='ocr_line' id='line_1_25' title="bbox 2063 1202 3708 1285; baseline 0.001 -16"><span class='ocrx_word' id='word_1_163' title='bbox 2063 1202 2395 1271; x_wconf 85' lang='lat' dir='ltr'><strong>sanctorum</strong></span> <span class='ocrx_word' id='word_1_164' title='bbox 2447 1214 2661 1271; x_wconf 90' lang='lat' dir='ltr'><strong>ibidem</strong></span> <span class='ocrx_word' id='word_1_165' title='bbox 2697 1213 3125 1285; x_wconf 89' lang='lat' dir='ltr'><strong>quiescentium</strong></span> <span class='ocrx_word' id='word_1_166' title='bbox 3180 1219 3453 1285; x_wconf 89' lang='lat' dir='ltr'><strong>parentes</strong></span> <span class='ocrx_word' id='word_1_167' title='bbox 3493 1214 3708 1271; x_wconf 87' lang='lat' dir='ltr'><strong>ducere</strong></span> 
     </span>
    </p>
   </div>
   <div class='ocr_carea' id='block_1_26' title="bbox 2062 1301 3710 1376">
    <p class='ocr_par' dir='ltr' id='par_1_26' title="bbox 2062 1301 3710 1376">
     <span class='ocr_line' id='line_1_26' title="bbox 2062 1301 3710 1376; baseline 0.002 -19"><span class='ocrx_word' id='word_1_168' title='bbox 2062 1301 2299 1373; x_wconf 89' lang='lat' dir='ltr'><strong>vellent,</strong></span> <span class='ocrx_word' id='word_1_169' title='bbox 2316 1303 2653 1361; x_wconf 90' lang='lat' dir='ltr'><strong>nullatenus</strong></span> <span class='ocrx_word' id='word_1_170' title='bbox 2678 1307 3015 1376; x_wconf 89' lang='lat' dir='ltr'><strong>potuerunt,</strong></span> <span class='ocrx_word' id='word_1_171' title='bbox 3035 1304 3212 1359; x_wconf 83' lang='lat' dir='ltr'><strong>credo</strong></span> <span class='ocrx_word' id='word_1_172' title='bbox 3237 1304 3482 1359; x_wconf 83' lang='lat' dir='ltr'><strong>demone</strong></span> <span class='ocrx_word' id='word_1_173' title='bbox 3503 1306 3710 1360; x_wconf 89' lang='lat' dir='ltr'><strong>timen-</strong></span> 
     </span>
    </p>
   </div>
   <div class='ocr_carea' id='block_1_27' title="bbox 2063 1392 3709 1463">
    <p class='ocr_par' dir='ltr' id='par_1_27' title="bbox 2063 1392 3709 1463">
     <span class='ocr_line' id='line_1_27' title="bbox 2063 1392 3709 1463; baseline 0.002 -17"><span class='ocrx_word' id='word_1_174' title='bbox 2063 1396 2119 1446; x_wconf 87' lang='lat' dir='ltr'><strong>te</strong></span> <span class='ocrx_word' id='word_1_175' title='bbox 2153 1392 2523 1463; x_wconf 74' lang='lat' dir='ltr'><strong>praesentiam</strong></span> <span class='ocrx_word' id='word_1_176' title='bbox 2564 1407 2762 1449; x_wconf 90' lang='lat' dir='ltr'><strong>eorum</strong></span> <span class='ocrx_word' id='word_1_177' title='bbox 2806 1397 3164 1462; x_wconf 90' lang='lat' dir='ltr'><strong>sanctorum,</strong></span> <span class='ocrx_word' id='word_1_178' title='bbox 3202 1408 3446 1463; x_wconf 89' lang='lat' dir='ltr'><strong>quorum</strong></span> <span class='ocrx_word' id='word_1_179' title='bbox 3483 1394 3709 1450; x_wconf 88' lang='lat' dir='ltr'><strong>meritis</strong></span> 
     </span>
    </p>
   </div>
   <div class='ocr_carea' id='block_1_28' title="bbox 2059 1480 3710 1554">
    <p class='ocr_par' dir='ltr' id='par_1_28' title="bbox 2059 1480 3710 1554">
     <span class='ocr_line' id='line_1_28' title="bbox 2059 1480 3710 1554; baseline 0.003 -18"><span class='ocrx_word' id='word_1_180' title='bbox 2059 1482 2261 1537; x_wconf 90' lang='lat' dir='ltr'><strong>eadem</strong></span> <span class='ocrx_word' id='word_1_181' title='bbox 2310 1480 2578 1537; x_wconf 78' lang='lat' dir='ltr'><strong>aecclesia</strong></span> <span class='ocrx_word' id='word_1_182' title='bbox 2616 1481 2966 1539; x_wconf 87' lang='lat' dir='ltr'><strong>inlustratur</strong></span> <span class='ocrx_word' id='word_1_183' title='bbox 3005 1485 3061 1538; x_wconf 92' lang='lat' dir='ltr'><strong>et</strong></span> <span class='ocrx_word' id='word_1_184' title='bbox 3116 1483 3427 1554; x_wconf 65' lang='lat' dir='ltr'><strong>praesentia</strong></span> <span class='ocrx_word' id='word_1_185' title='bbox 3471 1482 3710 1541; x_wconf 89' lang='lat' dir='ltr'><strong>decora-</strong></span> 
     </span>
    </p>
   </div>
   <div class='ocr_carea' id='block_1_29' title="bbox 2058 1569 2270 1627">
    <p class='ocr_par' dir='ltr' id='par_1_29' title="bbox 2058 1569 2270 1627">
     <span class='ocr_line' id='line_1_29' title="bbox 2058 1569 2270 1627; baseline 0.009 -3"><span class='ocrx_word' id='word_1_186' title='bbox 2058 1574 2158 1627; x_wconf 88' lang='lat' dir='ltr'><strong>tur</strong></span> <span class='ocrx_word' id='word_1_187' title='bbox 2185 1569 2270 1626; x_wconf 73' lang='lat'><strong>“7.</strong></span> 
     </span>
    </p>
   </div>
   <div class='ocr_carea' id='block_1_30' title="bbox 2132 1659 3709 1731">
    <p class='ocr_par' dir='ltr' id='par_1_30' title="bbox 2132 1659 3709 1731">
     <span class='ocr_line' id='line_1_30' title="bbox 2132 1659 3709 1731; baseline 0.004 -17"><span class='ocrx_word' id='word_1_188' title='bbox 2132 1659 2272 1729; x_wconf 88' lang='lat' dir='ltr'><strong>(Fol.</strong></span> <span class='ocrx_word' id='word_1_189' title='bbox 2308 1663 2424 1729; x_wconf 75' lang='lat'><strong>95.)</strong></span> <span class='ocrx_word' id='word_1_190' title='bbox 2459 1662 2620 1716; x_wconf 82' lang='lat' dir='ltr'><strong>Anno</strong></span> <span class='ocrx_word' id='word_1_191' title='bbox 2650 1661 2722 1717; x_wconf 91' lang='lat' dir='ltr'><strong>ab</strong></span> <span class='ocrx_word' id='word_1_192' title='bbox 2754 1661 2863 1717; x_wconf 91' lang='lat' dir='ltr'><strong>inc.</strong></span> <span class='ocrx_word' id='word_1_193' title='bbox 2897 1663 3056 1716; x_wconf 92' lang='lat' dir='ltr'><strong>Dom.</strong></span> <span class='ocrx_word' id='word_1_194' title='bbox 3090 1665 3249 1731; x_wconf 79' lang='lat'><strong>1051,</strong></span> <span class='ocrx_word' id='word_1_195' title='bbox 3277 1661 3445 1716; x_wconf 89' lang='lat' dir='ltr'><strong>Leoni</strong></span> <span class='ocrx_word' id='word_1_196' title='bbox 3482 1664 3548 1718; x_wconf 85' lang='lat' dir='ltr'><strong>lX</strong></span> <span class='ocrx_word' id='word_1_197' title='bbox 3581 1678 3709 1720; x_wconf 90' lang='lat' dir='ltr'><strong>suc-</strong></span> 
     </span>
    </p>
   </div>
   <div class='ocr_carea' id='block_1_31' title="bbox 2057 1748 3709 1824">
    <p class='ocr_par' dir='ltr' id='par_1_31' title="bbox 2057 1748 3709 1824">
     <span class='ocr_line' id='line_1_31' title="bbox 2057 1748 3709 1824; baseline 0.003 -21"><span class='ocrx_word' id='word_1_198' title='bbox 2057 1748 2236 1804; x_wconf 87' lang='lat' dir='ltr'><strong>cessit</strong></span> <span class='ocrx_word' id='word_1_199' title='bbox 2261 1749 2481 1817; x_wconf 89' lang='lat' dir='ltr'><strong>Victor,</strong></span> <span class='ocrx_word' id='word_1_200' title='bbox 2499 1754 2556 1803; x_wconf 91' lang='lat' dir='ltr'><strong>et</strong></span> <span class='ocrx_word' id='word_1_201' title='bbox 2579 1752 2612 1804; x_wconf 84' lang='grc'><strong>4</strong></span> <span class='ocrx_word' id='word_1_202' title='bbox 2634 1763 2782 1804; x_wconf 90' lang='lat' dir='ltr'><strong>anno</strong></span> <span class='ocrx_word' id='word_1_203' title='bbox 2804 1749 2949 1805; x_wconf 87' lang='lat' dir='ltr'><strong>obiit</strong></span> <span class='ocrx_word' id='word_1_204' title='bbox 2968 1769 2981 1812; x_wconf 86' lang='lat'><strong>;</strong></span> <span class='ocrx_word' id='word_1_205' title='bbox 2997 1753 3057 1805; x_wconf 89' lang='lat' dir='ltr'><strong>et</strong></span> <span class='ocrx_word' id='word_1_206' title='bbox 3081 1750 3370 1805; x_wconf 89' lang='lat' dir='ltr'><strong>successit</strong></span> <span class='ocrx_word' id='word_1_207' title='bbox 3394 1751 3445 1805; x_wconf 92' lang='lat' dir='ltr'><strong>ei</strong></span> <span class='ocrx_word' id='word_1_208' title='bbox 3472 1751 3709 1824; x_wconf 88' lang='lat' dir='ltr'><strong>Stepha-</strong></span> 
     </span>
    </p>
   </div>
   <div class='ocr_carea' id='block_1_32' title="bbox 2060 1837 3703 1910">
    <p class='ocr_par' dir='ltr' id='par_1_32' title="bbox 2060 1837 3703 1910">
     <span class='ocr_line' id='line_1_32' title="bbox 2060 1837 3703 1910; baseline 0.002 -17"><span class='ocrx_word' id='word_1_209' title='bbox 2060 1853 2184 1907; x_wconf 85' lang='lat' dir='ltr'><strong>nus,</strong></span> <span class='ocrx_word' id='word_1_210' title='bbox 2211 1837 2307 1908; x_wconf 90' lang='lat' dir='ltr'><strong>qui</strong></span> <span class='ocrx_word' id='word_1_211' title='bbox 2340 1841 2396 1893; x_wconf 89' lang='lat' dir='ltr'><strong>et</strong></span> <span class='ocrx_word' id='word_1_212' title='bbox 2432 1838 2776 1894; x_wconf 88' lang='lat' dir='ltr'><strong>Fredericus</strong></span> <span class='ocrx_word' id='word_1_213' title='bbox 2799 1839 2981 1893; x_wconf 79' lang='lat' dir='ltr'><strong>frater</strong></span> <span class='ocrx_word' id='word_1_214' title='bbox 3006 1837 3300 1893; x_wconf 86' lang='lat' dir='ltr'><strong>Godefridi</strong></span> <span class='ocrx_word' id='word_1_215' title='bbox 3329 1837 3703 1910; x_wconf 90' lang='lat' dir='ltr'><strong>ducis,cujus</strong></span> 
     </span>
    </p>
   </div>
   <div class='ocr_carea' id='block_1_33' title="bbox 312 1908 3707 1996">
    <p class='ocr_par' dir='ltr' id='par_1_33' title="bbox 312 1908 3707 1996">
     <span class='ocr_line' id='line_1_33' title="bbox 312 1908 3707 1996; baseline 0.001 -15"><span class='ocrx_word' id='word_1_216' title='bbox 312 1923 674 1981; x_wconf 87' lang='lat' dir='ltr'><strong>admirabilis</strong></span> <span class='ocrx_word' id='word_1_217' title='bbox 705 1923 1158 1991; x_wconf 83' lang='lat' dir='ltr'><strong>memorabatur,</strong></span> <span class='ocrx_word' id='word_1_218' title='bbox 1194 1935 1416 1977; x_wconf 91' lang='lat' dir='ltr'><strong>summa</strong></span> <span class='ocrx_word' id='word_1_219' title='bbox 1447 1920 1614 1976; x_wconf 89' lang='lat' dir='ltr'><strong>laude</strong></span> <span class='ocrx_word' id='word_1_220' title='bbox 1645 1920 1770 1990; x_wconf 89' lang='lat' dir='ltr'><strong>ejus</strong></span> <span class='ocrx_word' id='word_1_221' title='bbox 1815 1920 1949 1976; x_wconf 82' lang='lat' dir='ltr'><strong>effe-</strong></span> <span class='ocrx_word' id='word_1_222' title='bbox 1980 1908 2026 1971; x_wconf 88' lang='grc' dir='ltr'>Β</span> <span class='ocrx_word' id='word_1_223' title='bbox 2060 1925 2247 1996; x_wconf 91' lang='lat' dir='ltr'><strong>primo</strong></span> <span class='ocrx_word' id='word_1_224' title='bbox 2281 1929 2530 1996; x_wconf 90' lang='lat' dir='ltr'><strong>papatus</strong></span> <span class='ocrx_word' id='word_1_225' title='bbox 2559 1939 2708 1981; x_wconf 90' lang='lat' dir='ltr'><strong>anno</strong></span> <span class='ocrx_word' id='word_1_226' title='bbox 2757 1926 2904 1981; x_wconf 91' lang='lat' dir='ltr'><strong>obiit</strong></span> <span class='ocrx_word' id='word_1_227' title='bbox 2950 1925 3104 1996; x_wconf 91' lang='lat' dir='ltr'><strong>apud</strong></span> <span class='ocrx_word' id='word_1_228' title='bbox 3147 1924 3388 1981; x_wconf 90' lang='lat' dir='ltr'><strong>Goslare</strong></span> <span class='ocrx_word' id='word_1_229' title='bbox 3424 1908 3707 1984; x_wconf 77' lang='lat' dir='ltr'><strong>Henricus</strong></span> 
     </span>
    </p>
   </div>
   <div class='ocr_carea' id='block_1_34' title="bbox 310 2009 1956 2084">
    <p class='ocr_par' dir='ltr' id='par_1_34' title="bbox 310 2009 1956 2084">
     <span class='ocr_line' id='line_1_34' title="bbox 310 2009 1956 2084; baseline -0.002 -15"><span class='ocrx_word' id='word_1_230' title='bbox 310 2013 492 2070; x_wconf 89' lang='lat' dir='ltr'><strong>rendo</strong></span> <span class='ocrx_word' id='word_1_231' title='bbox 527 2012 837 2084; x_wconf 63' lang='lat' dir='ltr'><strong>praeconia,</strong></span> <span class='ocrx_word' id='word_1_232' title='bbox 886 2010 1297 2080; x_wconf 87' lang='lat' dir='ltr'><strong>humilitatem,</strong></span> <span class='ocrx_word' id='word_1_233' title='bbox 1352 2010 1695 2081; x_wconf 87' lang='lat' dir='ltr'><strong>sapientiam</strong></span> <span class='ocrx_word' id='word_1_234' title='bbox 1737 2009 1956 2066; x_wconf 89' lang='lat' dir='ltr'><strong>discre-</strong></span> 
     </span>
    </p>
   </div>
   <div class='ocr_carea' id='block_1_35' title="bbox 312 2098 1951 2171">
    <p class='ocr_par' dir='ltr' id='par_1_35' title="bbox 312 2098 1951 2171">
     <span class='ocr_line' id='line_1_35' title="bbox 312 2098 1951 2171; baseline -0.002 -14"><span class='ocrx_word' id='word_1_235' title='bbox 312 2101 546 2171; x_wconf 89' lang='lat' dir='ltr'><strong>tionem,</strong></span> <span class='ocrx_word' id='word_1_236' title='bbox 583 2100 753 2169; x_wconf 87' lang='lat' dir='ltr'><strong>animi</strong></span> <span class='ocrx_word' id='word_1_237' title='bbox 786 2105 846 2155; x_wconf 94' lang='lat' dir='ltr'><strong>et</strong></span> <span class='ocrx_word' id='word_1_238' title='bbox 876 2100 1075 2157; x_wconf 88' lang='lat' dir='ltr'><strong>vultus</strong></span> <span class='ocrx_word' id='word_1_239' title='bbox 1100 2098 1369 2154; x_wconf 87' lang='lat' dir='ltr'><strong>devotam</strong></span> <span class='ocrx_word' id='word_1_240' title='bbox 1411 2100 1527 2154; x_wconf 91' lang='lat' dir='ltr'><strong>Deo</strong></span> <span class='ocrx_word' id='word_1_241' title='bbox 1574 2098 1951 2168; x_wconf 90' lang='lat' dir='ltr'><strong>hilaritatem,</strong></span> 
     </span>
    </p>
   </div>
   <div class='ocr_carea' id='block_1_36' title="bbox 310 2186 1955 2257">
    <p class='ocr_par' dir='ltr' id='par_1_36' title="bbox 310 2186 1955 2257">
     <span class='ocr_line' id='line_1_36' title="bbox 310 2186 1955 2257; baseline -0.003 -10"><span class='ocrx_word' id='word_1_242' title='bbox 310 2190 597 2247; x_wconf 85' lang='lat' dir='ltr'><strong>sermonis</strong></span> <span class='ocrx_word' id='word_1_243' title='bbox 629 2187 975 2257; x_wconf 84' lang='lat' dir='ltr'><strong>facundiam,</strong></span> <span class='ocrx_word' id='word_1_244' title='bbox 1012 2202 1233 2244; x_wconf 91' lang='lat' dir='ltr'><strong>morum</strong></span> <span class='ocrx_word' id='word_1_245' title='bbox 1285 2186 1653 2257; x_wconf 85' lang='lat' dir='ltr'><strong>elegantiam,</strong></span> <span class='ocrx_word' id='word_1_246' title='bbox 1692 2188 1955 2243; x_wconf 88' lang='lat' dir='ltr'><strong>subdito-</strong></span> 
     </span>
    </p>
   </div>
   <div class='ocr_carea' id='block_1_37' title="bbox 312 2275 1955 2346">
    <p class='ocr_par' dir='ltr' id='par_1_37' title="bbox 312 2275 1955 2346">
     <span class='ocr_line' id='line_1_37' title="bbox 312 2275 1955 2346; baseline -0.003 -11"><span class='ocrx_word' id='word_1_247' title='bbox 312 2294 437 2337; x_wconf 86' lang='lat' dir='ltr'><strong>rum</strong></span> <span class='ocrx_word' id='word_1_248' title='bbox 473 2278 878 2335; x_wconf 89' lang='lat' dir='ltr'><strong>reverentiam.</strong></span> <span class='ocrx_word' id='word_1_249' title='bbox 915 2278 1233 2333; x_wconf 86' lang='lat' dir='ltr'><strong>Mirabatur</strong></span> <span class='ocrx_word' id='word_1_250' title='bbox 1278 2276 1452 2331; x_wconf 92' lang='lat' dir='ltr'><strong>etiam</strong></span> <span class='ocrx_word' id='word_1_251' title='bbox 1505 2275 1657 2346; x_wconf 92' lang='lat' dir='ltr'><strong>quod</strong></span> <span class='ocrx_word' id='word_1_252' title='bbox 1701 2276 1794 2331; x_wconf 91' lang='lat' dir='ltr'><strong>his</strong></span> <span class='ocrx_word' id='word_1_253' title='bbox 1842 2291 1955 2330; x_wconf 90' lang='lat' dir='ltr'><strong>mo-</strong></span> 
     </span>
    </p>
   </div>
   <div class='ocr_carea' id='block_1_38' title="bbox 311 2365 1955 2439">
    <p class='ocr_par' dir='ltr' id='par_1_38' title="bbox 311 2365 1955 2439">
     <span class='ocr_line' id='line_1_38' title="bbox 311 2365 1955 2439; baseline -0.002 -14"><span class='ocrx_word' id='word_1_254' title='bbox 311 2368 509 2425; x_wconf 91' lang='lat' dir='ltr'><strong>dernis</strong></span> <span class='ocrx_word' id='word_1_255' title='bbox 538 2368 907 2439; x_wconf 83' lang='lat' dir='ltr'><strong>temporibus</strong></span> <span class='ocrx_word' id='word_1_256' title='bbox 940 2367 1012 2422; x_wconf 92' lang='lat' dir='ltr'><strong>de</strong></span> <span class='ocrx_word' id='word_1_257' title='bbox 1044 2366 1174 2422; x_wconf 93' lang='lat' dir='ltr'><strong>loco</strong></span> <span class='ocrx_word' id='word_1_258' title='bbox 1206 2370 1324 2422; x_wconf 85' lang='lat' dir='ltr'><strong>tam</strong></span> <span class='ocrx_word' id='word_1_259' title='bbox 1356 2365 1574 2421; x_wconf 87' lang='lat' dir='ltr'><strong>celebri</strong></span> <span class='ocrx_word' id='word_1_260' title='bbox 1606 2365 1765 2421; x_wconf 89' lang='lat' dir='ltr'><strong>nulla</strong></span> <span class='ocrx_word' id='word_1_261' title='bbox 1795 2366 1865 2421; x_wconf 92' lang='lat' dir='ltr'><strong>ad</strong></span> <span class='ocrx_word' id='word_1_262' title='bbox 1891 2380 1955 2421; x_wconf 92' lang='lat' dir='ltr'><strong>se</strong></span> 
     </span>
    </p>
   </div>
   <div class='ocr_carea' id='block_1_39' title="bbox 308 2454 1953 2527">
    <p class='ocr_par' dir='ltr' id='par_1_39' title="bbox 308 2454 1953 2527">
     <span class='ocr_line' id='line_1_39' title="bbox 308 2454 1953 2527; baseline -0.002 -13"><span class='ocrx_word' id='word_1_263' title='bbox 308 2457 719 2526; x_wconf 88' lang='lat' dir='ltr'><strong>commigraret</strong></span> <span class='ocrx_word' id='word_1_264' title='bbox 758 2469 1028 2527; x_wconf 87' lang='lat' dir='ltr'><strong>persona,</strong></span> <span class='ocrx_word' id='word_1_265' title='bbox 1062 2454 1245 2523; x_wconf 77' lang='lat' dir='ltr'><strong>nulla,</strong></span> <span class='ocrx_word' id='word_1_266' title='bbox 1293 2459 1353 2509; x_wconf 89' lang='lat' dir='ltr'><strong>ut</strong></span> <span class='ocrx_word' id='word_1_267' title='bbox 1403 2454 1649 2519; x_wconf 88' lang='lat' dir='ltr'><strong>solebat,</strong></span> <span class='ocrx_word' id='word_1_268' title='bbox 1701 2455 1953 2524; x_wconf 86' lang='lat' dir='ltr'><strong>regalem</strong></span> 
     </span>
    </p>
   </div>
   <div class='ocr_carea' id='block_1_40' title="bbox 310 2544 1955 2617">
    <p class='ocr_par' dir='ltr' id='par_1_40' title="bbox 310 2544 1955 2617">
     <span class='ocr_line' id='line_1_40' title="bbox 310 2544 1955 2617; baseline -0.002 -15"><span class='ocrx_word' id='word_1_269' title='bbox 310 2546 438 2617; x_wconf 89' lang='lat' dir='ltr'><strong>ejus</strong></span> <span class='ocrx_word' id='word_1_270' title='bbox 482 2544 967 2615; x_wconf 86' lang='lat' dir='ltr'><strong>magnificentiam</strong></span> <span class='ocrx_word' id='word_1_271' title='bbox 1007 2548 1314 2615; x_wconf 81' lang='lat' dir='ltr'><strong>expeteret</strong></span> <span class='ocrx_word' id='word_1_272' title='bbox 1359 2559 1765 2600; x_wconf 89' lang='lat' dir='ltr'><strong>successorum</strong></span> <span class='ocrx_word' id='word_1_273' title='bbox 1811 2544 1955 2599; x_wconf 91' lang='lat' dir='ltr'><strong>tanti</strong></span> 
     </span>
    </p>
   </div>
   <div class='ocr_carea' id='block_1_41' title="bbox 312 2631 1955 2706">
    <p class='ocr_par' dir='ltr' id='par_1_41' title="bbox 312 2631 1955 2706">
     <span class='ocr_line' id='line_1_41' title="bbox 312 2631 1955 2706; baseline -0.001 -16"><span class='ocrx_word' id='word_1_274' title='bbox 312 2634 499 2706; x_wconf 90' lang='lat' dir='ltr'><strong>patris</strong></span> <span class='ocrx_word' id='word_1_275' title='bbox 526 2637 622 2690; x_wconf 90' lang='lat' dir='ltr'><strong>aut</strong></span> <span class='ocrx_word' id='word_1_276' title='bbox 648 2633 1060 2689; x_wconf 88' lang='lat' dir='ltr'><strong>monachorum</strong></span> <span class='ocrx_word' id='word_1_277' title='bbox 1085 2633 1192 2688; x_wconf 91' lang='lat' dir='ltr'><strong>loci</strong></span> <span class='ocrx_word' id='word_1_278' title='bbox 1216 2631 1685 2698; x_wconf 88' lang='lat' dir='ltr'><strong>sedulitas;adeo</strong></span> <span class='ocrx_word' id='word_1_279' title='bbox 1724 2636 1788 2688; x_wconf 93' lang='lat' dir='ltr'><strong>ut</strong></span> <span class='ocrx_word' id='word_1_280' title='bbox 1826 2647 1955 2688; x_wconf 91' lang='lat' dir='ltr'><strong>cum</strong></span> 
     </span>
    </p>
   </div>
   <div class='ocr_carea' id='block_1_42' title="bbox 310 2720 1956 2793">
    <p class='ocr_par' dir='ltr' id='par_1_42' title="bbox 310 2720 1956 2793">
     <span class='ocr_line' id='line_1_42' title="bbox 310 2720 1956 2793; baseline -0.001 -16"><span class='ocrx_word' id='word_1_281' title='bbox 310 2721 719 2793; x_wconf 89' lang='lat' dir='ltr'><strong>prolegatione</strong></span> <span class='ocrx_word' id='word_1_282' title='bbox 753 2720 1000 2791; x_wconf 90' lang='lat' dir='ltr'><strong>quadam</strong></span> <span class='ocrx_word' id='word_1_283' title='bbox 1048 2721 1199 2775; x_wconf 91' lang='lat' dir='ltr'><strong>idem</strong></span> <span class='ocrx_word' id='word_1_284' title='bbox 1229 2722 1393 2789; x_wconf 87' lang='lat' dir='ltr'><strong>vir,a</strong></span> <span class='ocrx_word' id='word_1_285' title='bbox 1428 2735 1542 2790; x_wconf 89' lang='lat' dir='ltr'><strong>quo</strong></span> <span class='ocrx_word' id='word_1_286' title='bbox 1579 2720 1700 2777; x_wconf 74' lang='lat' dir='ltr'><strong>haec</strong></span> <span class='ocrx_word' id='word_1_287' title='bbox 1737 2722 1956 2777; x_wconf 88' lang='lat' dir='ltr'><strong>audivi-</strong></span> 
     </span>
    </p>
   </div>
   <div class='ocr_carea' id='block_1_43' title="bbox 310 2809 1953 2881">
    <p class='ocr_par' dir='ltr' id='par_1_43' title="bbox 310 2809 1953 2881">
     <span class='ocr_line' id='line_1_43' title="bbox 310 2809 1953 2881; baseline -0.001 -15"><span class='ocrx_word' id='word_1_288' title='bbox 310 2825 457 2881; x_wconf 89' lang='lat' dir='ltr'><strong>mus,</strong></span> <span class='ocrx_word' id='word_1_289' title='bbox 487 2810 733 2880; x_wconf 89' lang='lat' dir='ltr'><strong>quadam</strong></span> <span class='ocrx_word' id='word_1_290' title='bbox 765 2810 890 2866; x_wconf 91' lang='lat' dir='ltr'><strong>vice</strong></span> <span class='ocrx_word' id='word_1_291' title='bbox 919 2810 1257 2864; x_wconf 90' lang='lat' dir='ltr'><strong>mitteretur</strong></span> <span class='ocrx_word' id='word_1_292' title='bbox 1285 2809 1625 2879; x_wconf 87' lang='lat' dir='ltr'><strong>Virdunum,</strong></span> <span class='ocrx_word' id='word_1_293' title='bbox 1660 2809 1814 2865; x_wconf 91' lang='lat' dir='ltr'><strong>inter</strong></span> <span class='ocrx_word' id='word_1_294' title='bbox 1844 2809 1953 2865; x_wconf 89' lang='lat' dir='ltr'><strong>alia</strong></span> 
     </span>
    </p>
   </div>
   <div class='ocr_carea' id='block_1_44' title="bbox 311 2897 1958 2968">
    <p class='ocr_par' dir='ltr' id='par_1_44' title="bbox 311 2897 1958 2968">
     <span class='ocr_line' id='line_1_44' title="bbox 311 2897 1958 2968; baseline 0 -15"><span class='ocrx_word' id='word_1_295' title='bbox 311 2899 368 2954; x_wconf 92' lang='lat' dir='ltr'><strong>id</strong></span> <span class='ocrx_word' id='word_1_296' title='bbox 403 2900 475 2955; x_wconf 89' lang='lat' dir='ltr'><strong>ab</strong></span> <span class='ocrx_word' id='word_1_297' title='bbox 505 2899 707 2956; x_wconf 88' lang='lat' dir='ltr'><strong>eodem</strong></span> <span class='ocrx_word' id='word_1_298' title='bbox 743 2913 879 2968; x_wconf 90' lang='lat' dir='ltr'><strong>rege</strong></span> <span class='ocrx_word' id='word_1_299' title='bbox 910 2903 966 2954; x_wconf 90' lang='lat' dir='ltr'><strong>et</strong></span> <span class='ocrx_word' id='word_1_300' title='bbox 991 2898 1327 2954; x_wconf 80' lang='lat' dir='ltr'><strong>honorabili</strong></span> <span class='ocrx_word' id='word_1_301' title='bbox 1359 2897 1486 2968; x_wconf 88' lang='lat' dir='ltr'><strong>ejus</strong></span> <span class='ocrx_word' id='word_1_302' title='bbox 1507 2898 1752 2968; x_wconf 86' lang='lat' dir='ltr'><strong>conjuge</strong></span> <span class='ocrx_word' id='word_1_303' title='bbox 1784 2899 1837 2953; x_wconf 91' lang='lat' dir='ltr'><strong>ei</strong></span> <span class='ocrx_word' id='word_1_304' title='bbox 1861 2898 1958 2953; x_wconf 93' lang='lat' dir='ltr'><strong>da-</strong></span> 
     </span>
    </p>
   </div>
   <div class='ocr_carea' id='block_1_45' title="bbox 311 2987 1955 3045">
    <p class='ocr_par' dir='ltr' id='par_1_45' title="bbox 311 2987 1955 3045">
     <span class='ocr_line' id='line_1_45' title="bbox 311 2987 1955 3045; baseline 0 -1"><span class='ocrx_word' id='word_1_305' title='bbox 311 2993 475 3045; x_wconf 91' lang='lat' dir='ltr'><strong>retur</strong></span> <span class='ocrx_word' id='word_1_306' title='bbox 508 2988 563 3044; x_wconf 91' lang='lat' dir='ltr'><strong>in</strong></span> <span class='ocrx_word' id='word_1_307' title='bbox 611 2988 899 3044; x_wconf 88' lang='lat' dir='ltr'><strong>mandatis</strong></span> <span class='ocrx_word' id='word_1_308' title='bbox 948 2992 1012 3044; x_wconf 90' lang='lat' dir='ltr'><strong>ut</strong></span> <span class='ocrx_word' id='word_1_309' title='bbox 1056 2987 1386 3044; x_wconf 84' lang='lat' dir='ltr'><strong>coenobium</strong></span> <span class='ocrx_word' id='word_1_310' title='bbox 1433 2988 1955 3044; x_wconf 89' lang='lat' dir='ltr'><strong>nominatissimum</strong></span> 
     </span>
    </p>
   </div>
   <div class='ocr_carea' id='block_1_46' title="bbox 311 3076 1956 3148">
    <p class='ocr_par' dir='ltr' id='par_1_46' title="bbox 311 3076 1956 3148">
     <span class='ocr_line' id='line_1_46' title="bbox 311 3076 1956 3148; baseline -0.001 -15"><span class='ocrx_word' id='word_1_311' title='bbox 311 3077 500 3134; x_wconf 90' lang='lat' dir='ltr'><strong>sancti</strong></span> <span class='ocrx_word' id='word_1_312' title='bbox 533 3076 728 3132; x_wconf 84' lang='lat' dir='ltr'><strong>Vitoni</strong></span> <span class='ocrx_word' id='word_1_313' title='bbox 761 3082 1065 3148; x_wconf 88' lang='lat' dir='ltr'><strong>expeteret</strong></span> <span class='ocrx_word' id='word_1_314' title='bbox 1106 3076 1323 3132; x_wconf 90' lang='lat' dir='ltr'><strong>ibidem</strong></span> <span class='ocrx_word' id='word_1_315' title='bbox 1372 3077 1804 3148; x_wconf 87' lang='lat' dir='ltr'><strong>hospitaturus,</strong></span> <span class='ocrx_word' id='word_1_316' title='bbox 1856 3091 1956 3147; x_wconf 89' lang='lat' dir='ltr'><strong>pa-</strong></span> 
     </span>
    </p>
   </div>
   <div class='ocr_carea' id='block_1_47' title="bbox 310 3166 1956 3238">
    <p class='ocr_par' dir='ltr' id='par_1_47' title="bbox 310 3166 1956 3238">
     <span class='ocr_line' id='line_1_47' title="bbox 310 3166 1956 3238; baseline 0.001 -15"><span class='ocrx_word' id='word_1_317' title='bbox 310 3170 575 3237; x_wconf 87' lang='lat' dir='ltr'><strong>tremque</strong></span> <span class='ocrx_word' id='word_1_318' title='bbox 606 3170 664 3222; x_wconf 93' lang='lat' dir='ltr'><strong>et</strong></span> <span class='ocrx_word' id='word_1_319' title='bbox 700 3167 914 3222; x_wconf 88' lang='lat' dir='ltr'><strong>fratres</strong></span> <span class='ocrx_word' id='word_1_320' title='bbox 948 3166 1056 3222; x_wconf 92' lang='lat' dir='ltr'><strong>loci</strong></span> <span class='ocrx_word' id='word_1_321' title='bbox 1092 3181 1194 3223; x_wconf 90' lang='lat' dir='ltr'><strong>sua</strong></span> <span class='ocrx_word' id='word_1_322' title='bbox 1226 3180 1298 3222; x_wconf 89' lang='lat' dir='ltr'><strong>ex</strong></span> <span class='ocrx_word' id='word_1_323' title='bbox 1331 3172 1497 3238; x_wconf 87' lang='lat' dir='ltr'><strong>parte</strong></span> <span class='ocrx_word' id='word_1_324' title='bbox 1544 3166 1755 3223; x_wconf 90' lang='lat' dir='ltr'><strong>devote</strong></span> <span class='ocrx_word' id='word_1_325' title='bbox 1803 3166 1956 3224; x_wconf 86' lang='lat' dir='ltr'><strong>salu-</strong></span> 
     </span>
    </p>
   </div>
   <div class='ocr_carea' id='block_1_48' title="bbox 306 3255 1955 3327">
    <p class='ocr_par' dir='ltr' id='par_1_48' title="bbox 306 3255 1955 3327">
     <span class='ocr_line' id='line_1_48' title="bbox 306 3255 1955 3327; baseline 0.002 -20"><span class='ocrx_word' id='word_1_326' title='bbox 306 3257 562 3324; x_wconf 92' lang='lat' dir='ltr'><strong>taturus,</strong></span> <span class='ocrx_word' id='word_1_327' title='bbox 598 3260 659 3310; x_wconf 88' lang='lat' dir='ltr'><strong>et</strong></span> <span class='ocrx_word' id='word_1_328' title='bbox 690 3255 945 3311; x_wconf 89' lang='lat' dir='ltr'><strong>sollicite</strong></span> <span class='ocrx_word' id='word_1_329' title='bbox 973 3260 1288 3312; x_wconf 89' lang='lat' dir='ltr'><strong>notaturus</strong></span> <span class='ocrx_word' id='word_1_330' title='bbox 1319 3276 1331 3310; x_wconf 92' lang='lat'><strong>:</strong></span> <span class='ocrx_word' id='word_1_331' title='bbox 1367 3255 1415 3311; x_wconf 91' lang='lat' dir='ltr'><strong>si</strong></span> <span class='ocrx_word' id='word_1_332' title='bbox 1450 3256 1599 3312; x_wconf 90' lang='lat' dir='ltr'><strong>idem</strong></span> <span class='ocrx_word' id='word_1_333' title='bbox 1635 3257 1731 3326; x_wconf 92' lang='lat' dir='ltr'><strong>qui</strong></span> <span class='ocrx_word' id='word_1_334' title='bbox 1775 3272 1955 3327; x_wconf 90' lang='lat' dir='ltr'><strong>quon-</strong></span> 
     </span>
    </p>
   </div>
   <div class='ocr_carea' id='block_1_49' title="bbox 309 3340 1954 3414">
    <p class='ocr_par' dir='ltr' id='par_1_49' title="bbox 309 3340 1954 3414">
     <span class='ocr_line' id='line_1_49' title="bbox 309 3340 1954 3414; baseline 0.002 -17"><span class='ocrx_word' id='word_1_335' title='bbox 309 3340 438 3397; x_wconf 89' lang='lat' dir='ltr'><strong>dam</strong></span> <span class='ocrx_word' id='word_1_336' title='bbox 490 3342 821 3398; x_wconf 89' lang='lat' dir='ltr'><strong>honestatis</strong></span> <span class='ocrx_word' id='word_1_337' title='bbox 869 3345 927 3398; x_wconf 91' lang='lat' dir='ltr'><strong>et</strong></span> <span class='ocrx_word' id='word_1_338' title='bbox 978 3343 1280 3413; x_wconf 89' lang='lat' dir='ltr'><strong>religionis</strong></span> <span class='ocrx_word' id='word_1_339' title='bbox 1331 3343 1528 3400; x_wconf 89' lang='lat' dir='ltr'><strong>cultus</strong></span> <span class='ocrx_word' id='word_1_340' title='bbox 1584 3344 1820 3413; x_wconf 89' lang='lat' dir='ltr'><strong>niteret,</strong></span> <span class='ocrx_word' id='word_1_341' title='bbox 1855 3345 1954 3414; x_wconf 92' lang='lat' dir='ltr'><strong>qui</strong></span> 
     </span>
    </p>
   </div>
   <div class='ocr_carea' id='block_1_50' title="bbox 307 3431 1954 3503">
    <p class='ocr_par' dir='ltr' id='par_1_50' title="bbox 307 3431 1954 3503">
     <span class='ocr_line' id='line_1_50' title="bbox 307 3431 1954 3503; baseline 0.002 -18"><span class='ocrx_word' id='word_1_342' title='bbox 307 3432 464 3486; x_wconf 88' lang='lat' dir='ltr'><strong>esset</strong></span> <span class='ocrx_word' id='word_1_343' title='bbox 497 3431 839 3487; x_wconf 88' lang='lat' dir='ltr'><strong>monasterii</strong></span> <span class='ocrx_word' id='word_1_344' title='bbox 872 3435 1060 3502; x_wconf 89' lang='lat' dir='ltr'><strong>pater,</strong></span> <span class='ocrx_word' id='word_1_345' title='bbox 1095 3432 1142 3487; x_wconf 92' lang='lat' dir='ltr'><strong>si</strong></span> <span class='ocrx_word' id='word_1_346' title='bbox 1177 3431 1229 3486; x_wconf 93' lang='lat' dir='ltr'><strong>in</strong></span> <span class='ocrx_word' id='word_1_347' title='bbox 1263 3446 1332 3487; x_wconf 93' lang='lat' dir='ltr'><strong>eo</strong></span> <span class='ocrx_word' id='word_1_348' title='bbox 1365 3432 1535 3489; x_wconf 73' lang='lat' dir='ltr'><strong>avitae</strong></span> <span class='ocrx_word' id='word_1_349' title='bbox 1576 3432 1954 3503; x_wconf 87' lang='lat' dir='ltr'><strong>paternitatis</strong></span> 
     </span>
    </p>
   </div>
   <div class='ocr_carea' id='block_1_51' title="bbox 306 3517 1956 3592">
    <p class='ocr_par' dir='ltr' id='par_1_51' title="bbox 306 3517 1956 3592">
     <span class='ocr_line' id='line_1_51' title="bbox 306 3517 1956 3592; baseline 0.001 -19"><span class='ocrx_word' id='word_1_350' title='bbox 306 3523 366 3575; x_wconf 88' lang='lat' dir='ltr'><strong>et</strong></span> <span class='ocrx_word' id='word_1_351' title='bbox 398 3517 726 3577; x_wconf 88' lang='lat' dir='ltr'><strong>dulcedinis</strong></span> <span class='ocrx_word' id='word_1_352' title='bbox 756 3521 1050 3592; x_wconf 90' lang='lat' dir='ltr'><strong>specimen</strong></span> <span class='ocrx_word' id='word_1_353' title='bbox 1079 3520 1358 3591; x_wconf 90' lang='lat' dir='ltr'><strong>eluceret,</strong></span> <span class='ocrx_word' id='word_1_354' title='bbox 1395 3521 1439 3577; x_wconf 90' lang='lat' dir='ltr'><strong>si</strong></span> <span class='ocrx_word' id='word_1_355' title='bbox 1474 3521 1531 3576; x_wconf 91' lang='lat' dir='ltr'><strong>in</strong></span> <span class='ocrx_word' id='word_1_356' title='bbox 1584 3521 1719 3577; x_wconf 84' lang='lat' dir='ltr'><strong>filiis</strong></span> <span class='ocrx_word' id='word_1_357' title='bbox 1767 3521 1956 3591; x_wconf 88' lang='lat' dir='ltr'><strong>gravi-</strong></span> 
     </span>
    </p>
   </div>
   <div class='ocr_carea' id='block_1_52' title="bbox 305 3609 1953 3681">
    <p class='ocr_par' dir='ltr' id='par_1_52' title="bbox 305 3609 1953 3681">
     <span class='ocr_line' id='line_1_52' title="bbox 305 3609 1953 3681; baseline 0.002 -19"><span class='ocrx_word' id='word_1_358' title='bbox 305 3609 450 3666; x_wconf 89' lang='lat' dir='ltr'><strong>tatis</strong></span> <span class='ocrx_word' id='word_1_359' title='bbox 475 3614 533 3666; x_wconf 91' lang='lat' dir='ltr'><strong>et</strong></span> <span class='ocrx_word' id='word_1_360' title='bbox 574 3612 920 3667; x_wconf 56' lang='lat' dir='ltr'><strong>reverentia</strong></span> <span class='ocrx_word' id='word_1_361' title='bbox 962 3610 1264 3681; x_wconf 88' lang='lat' dir='ltr'><strong>antiquum</strong></span> <span class='ocrx_word' id='word_1_362' title='bbox 1316 3611 1500 3668; x_wconf 91' lang='lat' dir='ltr'><strong>decus</strong></span> <span class='ocrx_word' id='word_1_363' title='bbox 1548 3611 1850 3680; x_wconf 88' lang='lat' dir='ltr'><strong>emineret,</strong></span> <span class='ocrx_word' id='word_1_364' title='bbox 1906 3610 1953 3666; x_wconf 89' lang='lat' dir='ltr'><strong>si</strong></span> 
     </span>
    </p>
   </div>
   <div class='ocr_carea' id='block_1_53' title="bbox 308 3698 1957 3772">
    <p class='ocr_par' dir='ltr' id='par_1_53' title="bbox 308 3698 1957 3772">
     <span class='ocr_line' id='line_1_53' title="bbox 308 3698 1957 3772; baseline 0.002 -19"><span class='ocrx_word' id='word_1_365' title='bbox 308 3710 500 3754; x_wconf 88' lang='lat' dir='ltr'><strong>rerum</strong></span> <span class='ocrx_word' id='word_1_366' title='bbox 535 3698 946 3770; x_wconf 90' lang='lat' dir='ltr'><strong>temporalium</strong></span> <span class='ocrx_word' id='word_1_367' title='bbox 980 3700 1148 3771; x_wconf 91' lang='lat' dir='ltr'><strong>copia</strong></span> <span class='ocrx_word' id='word_1_368' title='bbox 1178 3701 1530 3771; x_wconf 87' lang='lat' dir='ltr'><strong>exuberans,</strong></span> <span class='ocrx_word' id='word_1_369' title='bbox 1584 3701 1631 3757; x_wconf 91' lang='lat' dir='ltr'><strong>si</strong></span> <span class='ocrx_word' id='word_1_370' title='bbox 1682 3700 1957 3772; x_wconf 77' lang='lat' dir='ltr'><strong>Spiritua-</strong></span> 
     </span>
    </p>
   </div>
   <div class='ocr_carea' id='block_1_54' title="bbox 306 3784 1955 3859">
    <p class='ocr_par' dir='ltr' id='par_1_54' title="bbox 306 3784 1955 3859">
     <span class='ocr_line' id='line_1_54' title="bbox 306 3784 1955 3859; baseline 0.002 -19"><span class='ocrx_word' id='word_1_371' title='bbox 306 3784 447 3843; x_wconf 91' lang='lat' dir='ltr'><strong>lium</strong></span> <span class='ocrx_word' id='word_1_372' title='bbox 480 3785 936 3844; x_wconf 90' lang='lat' dir='ltr'><strong>delectationum</strong></span> <span class='ocrx_word' id='word_1_373' title='bbox 970 3789 1159 3859; x_wconf 91' lang='lat' dir='ltr'><strong>gratia</strong></span> <span class='ocrx_word' id='word_1_374' title='bbox 1194 3790 1265 3844; x_wconf 91' lang='lat' dir='ltr'><strong>ab</strong></span> <span class='ocrx_word' id='word_1_375' title='bbox 1298 3789 1570 3845; x_wconf 84' lang='lat' dir='ltr'><strong>ubertate</strong></span> <span class='ocrx_word' id='word_1_376' title='bbox 1611 3789 1817 3844; x_wconf 92' lang='lat' dir='ltr'><strong>domus</strong></span> <span class='ocrx_word' id='word_1_377' title='bbox 1857 3788 1955 3844; x_wconf 91' lang='lat' dir='ltr'><strong>Dei</strong></span> 
     </span>
    </p>
   </div>
   <div class='ocr_carea' id='block_1_55' title="bbox 308 3867 1954 3951">
    <p class='ocr_par' dir='ltr' id='par_1_55' title="bbox 308 3867 1954 3951">
     <span class='ocr_line' id='line_1_55' title="bbox 308 3867 1954 3951; baseline 0.002 -20"><span class='ocrx_word' id='word_1_378' title='bbox 308 3880 467 3932; x_wconf 90' lang='lat' dir='ltr'><strong>esset</strong></span> <span class='ocrx_word' id='word_1_379' title='bbox 530 3867 867 3933; x_wconf 81' lang='lat' dir='ltr'><strong>habitantes</strong></span> <span class='ocrx_word' id='word_1_380' title='bbox 900 3877 1220 3934; x_wconf 88' lang='lat' dir='ltr'><strong>debrians:</strong></span> <span class='ocrx_word' id='word_1_381' title='bbox 1292 3880 1484 3936; x_wconf 90' lang='lat' dir='ltr'><strong>omnia</strong></span> <span class='ocrx_word' id='word_1_382' title='bbox 1564 3881 1954 3951; x_wconf 89' lang='lat' dir='ltr'><strong>prospiceret,</strong></span> 
     </span>
    </p>
   </div>
   <div class='ocr_carea' id='block_1_56' title="bbox 309 3963 1951 4038">
    <p class='ocr_par' dir='ltr' id='par_1_56' title="bbox 309 3963 1951 4038">
     <span class='ocr_line' id='line_1_56' title="bbox 309 3963 1951 4038; baseline 0.002 -18"><span class='ocrx_word' id='word_1_383' title='bbox 309 3963 540 4034; x_wconf 89' lang='lat' dir='ltr'><strong>singula</strong></span> <span class='ocrx_word' id='word_1_384' title='bbox 572 3965 769 4021; x_wconf 91' lang='lat' dir='ltr'><strong>vivido</strong></span> <span class='ocrx_word' id='word_1_385' title='bbox 803 3966 1120 4022; x_wconf 89' lang='lat' dir='ltr'><strong>rimaretur</strong></span> <span class='ocrx_word' id='word_1_386' title='bbox 1152 3966 1407 4037; x_wconf 89' lang='lat' dir='ltr'><strong>ingenio,</strong></span> <span class='ocrx_word' id='word_1_387' title='bbox 1435 3968 1662 4038; x_wconf 90' lang='lat' dir='ltr'><strong>sibique</strong></span> <span class='ocrx_word' id='word_1_388' title='bbox 1687 3968 1951 4024; x_wconf 81' lang='lat' dir='ltr'><strong>referret.</strong></span> 
     </span>
    </p>
   </div>
   <div class='ocr_carea' id='block_1_57' title="bbox 307 4052 1957 4126">
    <p class='ocr_par' dir='ltr' id='par_1_57' title="bbox 307 4052 1957 4126">
     <span class='ocr_line' id='line_1_57' title="bbox 307 4052 1957 4126; baseline 0.002 -18"><span class='ocrx_word' id='word_1_389' title='bbox 307 4052 521 4108; x_wconf 90' lang='lat' dir='ltr'><strong>Verum</strong></span> <span class='ocrx_word' id='word_1_390' title='bbox 556 4052 693 4122; x_wconf 89' lang='lat' dir='ltr'><strong>quid</strong></span> <span class='ocrx_word' id='word_1_391' title='bbox 747 4068 941 4109; x_wconf 88' lang='lat' dir='ltr'><strong>rerum</strong></span> <span class='ocrx_word' id='word_1_392' title='bbox 993 4055 1423 4123; x_wconf 91' lang='lat' dir='ltr'><strong>intercesserit,</strong></span> <span class='ocrx_word' id='word_1_393' title='bbox 1479 4057 1634 4125; x_wconf 91' lang='lat' dir='ltr'><strong>quod</strong></span> <span class='ocrx_word' id='word_1_394' title='bbox 1676 4056 1957 4126; x_wconf 66' lang='lat' dir='ltr'><strong>prmfatus</strong></span> 
     </span>
    </p>
   </div>
   <div class='ocr_carea' id='block_1_58' title="bbox 306 4140 1959 4214">
    <p class='ocr_par' dir='ltr' id='par_1_58' title="bbox 306 4140 1959 4214">
     <span class='ocr_line' id='line_1_58' title="bbox 306 4140 1959 4214; baseline 0 -17"><span class='ocrx_word' id='word_1_395' title='bbox 306 4140 396 4197; x_wconf 91' lang='lat' dir='ltr'><strong>vir</strong></span> <span class='ocrx_word' id='word_1_396' title='bbox 428 4141 706 4197; x_wconf 90' lang='lat' dir='ltr'><strong>aliorsum</strong></span> <span class='ocrx_word' id='word_1_397' title='bbox 741 4142 1149 4212; x_wconf 87' lang='lat' dir='ltr'><strong>hospitaturus</strong></span> <span class='ocrx_word' id='word_1_398' title='bbox 1182 4142 1514 4212; x_wconf 88' lang='lat' dir='ltr'><strong>diverterit,</strong></span> <span class='ocrx_word' id='word_1_399' title='bbox 1563 4149 1620 4198; x_wconf 88' lang='lat' dir='ltr'><strong>et</strong></span> <span class='ocrx_word' id='word_1_400' title='bbox 1670 4144 1959 4214; x_wconf 90' lang='lat' dir='ltr'><strong>speranti-</strong></span> 
     </span>
    </p>
   </div>
   <div class='ocr_carea' id='block_1_59' title="bbox 309 4227 1959 4302">
    <p class='ocr_par' dir='ltr' id='par_1_59' title="bbox 309 4227 1959 4302">
     <span class='ocr_line' id='line_1_59' title="bbox 309 4227 1959 4302; baseline 0.001 -18"><span class='ocrx_word' id='word_1_401' title='bbox 309 4229 418 4284; x_wconf 92' lang='lat' dir='ltr'><strong>bus</strong></span> <span class='ocrx_word' id='word_1_402' title='bbox 442 4227 657 4298; x_wconf 91' lang='lat' dir='ltr'><strong>optima</strong></span> <span class='ocrx_word' id='word_1_403' title='bbox 683 4228 805 4295; x_wconf 88' lang='lat' dir='ltr'><strong>regi</strong></span> <span class='ocrx_word' id='word_1_404' title='bbox 830 4233 889 4283; x_wconf 91' lang='lat' dir='ltr'><strong>et</strong></span> <span class='ocrx_word' id='word_1_405' title='bbox 914 4229 1129 4298; x_wconf 60' lang='lat' dir='ltr'><strong>regina;</strong></span> <span class='ocrx_word' id='word_1_406' title='bbox 1164 4228 1460 4302; x_wconf 79' lang='lat' dir='ltr'><strong>inaperata</strong></span> <span class='ocrx_word' id='word_1_407' title='bbox 1493 4229 1783 4299; x_wconf 89' lang='lat' dir='ltr'><strong>retulerit,</strong></span> <span class='ocrx_word' id='word_1_408' title='bbox 1829 4245 1959 4286; x_wconf 88' lang='lat' dir='ltr'><strong>nos-</strong></span> 
     </span>
    </p>
   </div>
   <div class='ocr_carea' id='block_1_60' title="bbox 302 4316 1959 4391">
    <p class='ocr_par' dir='ltr' id='par_1_60' title="bbox 302 4316 1959 4391">
     <span class='ocr_line' id='line_1_60' title="bbox 302 4316 1959 4391; baseline 0.002 -19"><span class='ocrx_word' id='word_1_409' title='bbox 302 4321 471 4374; x_wconf 84' lang='lat' dir='ltr'><strong>trum‘</strong></span> <span class='ocrx_word' id='word_1_410' title='bbox 494 4330 605 4372; x_wconf 89' lang='lat' dir='ltr'><strong>non</strong></span> <span class='ocrx_word' id='word_1_411' title='bbox 641 4320 733 4372; x_wconf 88' lang='lat' dir='ltr'><strong>est</strong></span> <span class='ocrx_word' id='word_1_412' title='bbox 763 4316 1016 4387; x_wconf 91' lang='lat' dir='ltr'><strong>edicere,</strong></span> <span class='ocrx_word' id='word_1_413' title='bbox 1052 4319 1300 4373; x_wconf 82' lang='lat' dir='ltr'><strong>maxime</strong></span> <span class='ocrx_word' id='word_1_414' title='bbox 1332 4334 1463 4375; x_wconf 91' lang='lat' dir='ltr'><strong>cum</strong></span> <span class='ocrx_word' id='word_1_415' title='bbox 1497 4318 1599 4376; x_wconf 93' lang='lat' dir='ltr'><strong>illo</strong></span> <span class='ocrx_word' id='word_1_416' title='bbox 1641 4319 1696 4374; x_wconf 93' lang='lat' dir='ltr'><strong>in</strong></span> <span class='ocrx_word' id='word_1_417' title='bbox 1737 4324 1959 4391; x_wconf 90' lang='lat' dir='ltr'><strong>tempo-</strong></span> 
     </span>
    </p>
   </div>
   <div class='ocr_carea' id='block_1_61' title="bbox 305 4405 1956 4478">
    <p class='ocr_par' dir='ltr' id='par_1_61' title="bbox 305 4405 1956 4478">
     <span class='ocr_line' id='line_1_61' title="bbox 305 4405 1956 4478; baseline 0.002 -16"><span class='ocrx_word' id='word_1_418' title='bbox 305 4420 390 4477; x_wconf 88' lang='lat' dir='ltr'><strong>re,</strong></span> <span class='ocrx_word' id='word_1_419' title='bbox 426 4405 580 4476; x_wconf 87' lang='lat' dir='ltr'><strong>quod</strong></span> <span class='ocrx_word' id='word_1_420' title='bbox 614 4405 669 4462; x_wconf 88' lang='lat' dir='ltr'><strong>id</strong></span> <span class='ocrx_word' id='word_1_421' title='bbox 702 4409 932 4476; x_wconf 87' lang='lat' dir='ltr'><strong>gestum</strong></span> <span class='ocrx_word' id='word_1_422' title='bbox 965 4412 1073 4477; x_wconf 89' lang='lat' dir='ltr'><strong>est,</strong></span> <span class='ocrx_word' id='word_1_423' title='bbox 1110 4406 1354 4478; x_wconf 89' lang='lat' dir='ltr'><strong>puerilis</strong></span> <span class='ocrx_word' id='word_1_424' title='bbox 1387 4407 1576 4464; x_wconf 89' lang='lat' dir='ltr'><strong>adhuc</strong></span> <span class='ocrx_word' id='word_1_425' title='bbox 1619 4423 1727 4465; x_wconf 91' lang='lat' dir='ltr'><strong>nos</strong></span> <span class='ocrx_word' id='word_1_426' title='bbox 1771 4407 1956 4465; x_wconf 86' lang='lat' dir='ltr'><strong>ferula</strong></span> 
     </span>
    </p>
   </div>
   <div class='ocr_carea' id='block_1_62' title="bbox 2065 2014 3702 2089">
    <p class='ocr_par' dir='ltr' id='par_1_62' title="bbox 2065 2014 3702 2089">
     <span class='ocr_line' id='line_1_62' title="bbox 2065 2014 3702 2089; baseline 0.004 -21"><span class='ocrx_word' id='word_1_427' title='bbox 2065 2014 2403 2085; x_wconf 88' lang='lat' dir='ltr'><strong>imperator,</strong></span> <span class='ocrx_word' id='word_1_428' title='bbox 2421 2017 2477 2068; x_wconf 91' lang='lat' dir='ltr'><strong>et</strong></span> <span class='ocrx_word' id='word_1_429' title='bbox 2510 2014 2808 2084; x_wconf 87' lang='lat' dir='ltr'><strong>exsequiis</strong></span> <span class='ocrx_word' id='word_1_430' title='bbox 2838 2014 2984 2084; x_wconf 87' lang='lat' dir='ltr'><strong>ejus,</strong></span> <span class='ocrx_word' id='word_1_431' title='bbox 3010 2014 3297 2083; x_wconf 85' lang='lat' dir='ltr'><strong>interfuit,</strong></span> <span class='ocrx_word' id='word_1_432' title='bbox 3318 2015 3414 2085; x_wconf 86' lang='lat' dir='ltr'><strong>qui</strong></span> <span class='ocrx_word' id='word_1_433' title='bbox 3439 2018 3494 2071; x_wconf 93' lang='lat' dir='ltr'><strong>et</strong></span> <span class='ocrx_word' id='word_1_434' title='bbox 3519 2017 3702 2089; x_wconf 56' lang='lat' dir='ltr'><strong>Spirae</strong></span> 
     </span>
    </p>
   </div>
   <div class='ocr_carea' id='block_1_63' title="bbox 2063 2102 3703 2173">
    <p class='ocr_par' dir='ltr' id='par_1_63' title="bbox 2063 2102 3703 2173">
     <span class='ocr_line' id='line_1_63' title="bbox 2063 2102 3703 2173; baseline 0.001 -15"><span class='ocrx_word' id='word_1_435' title='bbox 2063 2102 2330 2173; x_wconf 90' lang='lat' dir='ltr'><strong>sepultus</strong></span> <span class='ocrx_word' id='word_1_436' title='bbox 2378 2108 2470 2159; x_wconf 90' lang='lat' dir='ltr'><strong>est</strong></span> <span class='ocrx_word' id='word_1_437' title='bbox 2515 2117 2565 2157; x_wconf 91' lang='lat' dir='ltr'><strong>a.</strong></span> <span class='ocrx_word' id='word_1_438' title='bbox 2619 2103 2691 2159; x_wconf 90' lang='lat' dir='ltr'><strong>ab</strong></span> <span class='ocrx_word' id='word_1_439' title='bbox 2741 2103 2852 2159; x_wconf 90' lang='lat' dir='ltr'><strong>inc.</strong></span> <span class='ocrx_word' id='word_1_440' title='bbox 2892 2105 3048 2158; x_wconf 90' lang='lat' dir='ltr'><strong>Dom.</strong></span> <span class='ocrx_word' id='word_1_441' title='bbox 3104 2107 3260 2159; x_wconf 74' lang='lat'><strong>1056.</strong></span> <span class='ocrx_word' id='word_1_442' title='bbox 3307 2105 3373 2159; x_wconf 85' lang='lat' dir='ltr'><strong>Et</strong></span> <span class='ocrx_word' id='word_1_443' title='bbox 3425 2105 3703 2162; x_wconf 90' lang='lat' dir='ltr'><strong>remansit</strong></span> 
     </span>
    </p>
   </div>
   <div class='ocr_carea' id='block_1_64' title="bbox 2066 2191 3705 2264">
    <p class='ocr_par' dir='ltr' id='par_1_64' title="bbox 2066 2191 3705 2264">
     <span class='ocr_line' id='line_1_64' title="bbox 2066 2191 3705 2264; baseline 0.001 -16"><span class='ocrx_word' id='word_1_444' title='bbox 2066 2196 2257 2262; x_wconf 86' lang='lat' dir='ltr'><strong>Agnes</strong></span> <span class='ocrx_word' id='word_1_445' title='bbox 2280 2192 2621 2262; x_wconf 85' lang='lat' dir='ltr'><strong>imperatrix</strong></span> <span class='ocrx_word' id='word_1_446' title='bbox 2652 2207 2781 2249; x_wconf 90' lang='lat' dir='ltr'><strong>cum</strong></span> <span class='ocrx_word' id='word_1_447' title='bbox 2816 2191 2933 2248; x_wconf 88' lang='lat' dir='ltr'><strong>filio</strong></span> <span class='ocrx_word' id='word_1_448' title='bbox 2963 2192 3341 2263; x_wconf 90' lang='lat' dir='ltr'><strong>parvulo,qui</strong></span> <span class='ocrx_word' id='word_1_449' title='bbox 3374 2199 3434 2249; x_wconf 91' lang='lat' dir='ltr'><strong>et</strong></span> <span class='ocrx_word' id='word_1_450' title='bbox 3466 2209 3705 2264; x_wconf 87' lang='lat' dir='ltr'><strong>regnum</strong></span> 
     </span>
    </p>
   </div>
   <div class='ocr_carea' id='block_1_65' title="bbox 2065 2280 3710 2351">
    <p class='ocr_par' dir='ltr' id='par_1_65' title="bbox 2065 2280 3710 2351">
     <span class='ocr_line' id='line_1_65' title="bbox 2065 2280 3710 2351; baseline 0.001 -16"><span class='ocrx_word' id='word_1_451' title='bbox 2065 2280 2318 2351; x_wconf 90' lang='lat' dir='ltr'><strong>cptinuit</strong></span> <span class='ocrx_word' id='word_1_452' title='bbox 2350 2281 2458 2336; x_wconf 88' lang='lat' dir='ltr'><strong>sub</strong></span> <span class='ocrx_word' id='word_1_453' title='bbox 2490 2283 2684 2335; x_wconf 89' lang='lat' dir='ltr'><strong>tutore</strong></span> <span class='ocrx_word' id='word_1_454' title='bbox 2708 2280 2871 2350; x_wconf 89' lang='lat' dir='ltr'><strong>regni</strong></span> <span class='ocrx_word' id='word_1_455' title='bbox 2908 2283 3143 2335; x_wconf 83' lang='lat' dir='ltr'><strong>Annone</strong></span> <span class='ocrx_word' id='word_1_456' title='bbox 3166 2280 3494 2338; x_wconf 89' lang='lat' dir='ltr'><strong>Coloniensi</strong></span> <span class='ocrx_word' id='word_1_457' title='bbox 3521 2283 3710 2337; x_wconf 86' lang='lat' dir='ltr'><strong>archi-</strong></span> 
     </span>
    </p>
   </div>
   <div class='ocr_carea' id='block_1_66' title="bbox 2065 2368 3702 2440">
    <p class='ocr_par' dir='ltr' id='par_1_66' title="bbox 2065 2368 3702 2440">
     <span class='ocr_line' id='line_1_66' title="bbox 2065 2368 3702 2440; baseline 0.001 -17"><span class='ocrx_word' id='word_1_458' title='bbox 2065 2368 2347 2439; x_wconf 89' lang='lat' dir='ltr'><strong>episcopo</strong></span> <span class='ocrx_word' id='word_1_459' title='bbox 2376 2368 2580 2439; x_wconf 76' lang='lat'><strong>(1056).</strong></span> <span class='ocrx_word' id='word_1_460' title='bbox 2619 2368 2777 2423; x_wconf 90' lang='lat' dir='ltr'><strong>Obiit</strong></span> <span class='ocrx_word' id='word_1_461' title='bbox 2802 2383 3034 2439; x_wconf 90' lang='lat' dir='ltr'><strong>quoque</strong></span> <span class='ocrx_word' id='word_1_462' title='bbox 3057 2368 3386 2440; x_wconf 91' lang='lat' dir='ltr'><strong>Stephanus</strong></span> <span class='ocrx_word' id='word_1_463' title='bbox 3408 2384 3458 2425; x_wconf 91' lang='lat' dir='ltr'><strong>a.</strong></span> <span class='ocrx_word' id='word_1_464' title='bbox 3488 2375 3626 2428; x_wconf 82' lang='grc'>1058</span> <span class='ocrx_word' id='word_1_465' title='bbox 3647 2377 3702 2426; x_wconf 89' lang='lat' dir='ltr'><strong>et</strong></span> 
     </span>
    </p>
   </div>
   <div class='ocr_carea' id='block_1_67' title="bbox 2066 2457 3705 2529">
    <p class='ocr_par' dir='ltr' id='par_1_67' title="bbox 2066 2457 3705 2529">
     <span class='ocr_line' id='line_1_67' title="bbox 2066 2457 3705 2529; baseline 0.002 -17"><span class='ocrx_word' id='word_1_466' title='bbox 2066 2457 2335 2528; x_wconf 88' lang='lat' dir='ltr'><strong>sepultus</strong></span> <span class='ocrx_word' id='word_1_467' title='bbox 2357 2461 2446 2513; x_wconf 91' lang='lat' dir='ltr'><strong>est</strong></span> <span class='ocrx_word' id='word_1_468' title='bbox 2472 2457 2622 2529; x_wconf 90' lang='lat' dir='ltr'><strong>apud</strong></span> <span class='ocrx_word' id='word_1_469' title='bbox 2658 2458 2972 2514; x_wconf 89' lang='lat' dir='ltr'><strong>Lucensem</strong></span> <span class='ocrx_word' id='word_1_470' title='bbox 2998 2459 3220 2528; x_wconf 91' lang='lat' dir='ltr'><strong>urbem,</strong></span> <span class='ocrx_word' id='word_1_471' title='bbox 3247 2458 3343 2513; x_wconf 90' lang='lat' dir='ltr'><strong>ubi</strong></span> <span class='ocrx_word' id='word_1_472' title='bbox 3370 2459 3565 2516; x_wconf 84' lang='lat' dir='ltr'><strong>multa:</strong></span> <span class='ocrx_word' id='word_1_473' title='bbox 3590 2462 3705 2516; x_wconf 92' lang='lat' dir='ltr'><strong>Deo</strong></span> 
     </span>
    </p>
   </div>
   <div class='ocr_carea' id='block_1_68' title="bbox 2069 2545 3702 2621">
    <p class='ocr_par' dir='ltr' id='par_1_68' title="bbox 2069 2545 3702 2621">
     <span class='ocr_line' id='line_1_68' title="bbox 2069 2545 3702 2621; baseline 0.002 -20"><span class='ocrx_word' id='word_1_474' title='bbox 2069 2550 2421 2616; x_wconf 87' lang='lat' dir='ltr'><strong>coeperante</strong></span> <span class='ocrx_word' id='word_1_475' title='bbox 2458 2546 2602 2602; x_wconf 84' lang='lat' dir='ltr'><strong>fiunt</strong></span> <span class='ocrx_word' id='word_1_476' title='bbox 2632 2546 2701 2601; x_wconf 87' lang='lat' dir='ltr'><strong>ad</strong></span> <span class='ocrx_word' id='word_1_477' title='bbox 2732 2545 2856 2614; x_wconf 88' lang='lat' dir='ltr'><strong>ejus</strong></span> <span class='ocrx_word' id='word_1_478' title='bbox 2894 2546 3182 2601; x_wconf 91' lang='lat' dir='ltr'><strong>tumulum</strong></span> <span class='ocrx_word' id='word_1_479' title='bbox 3215 2546 3466 2604; x_wconf 86' lang='lat' dir='ltr'><strong>virtutes</strong></span> <span class='ocrx_word' id='word_1_480' title='bbox 3497 2548 3702 2621; x_wconf 77' lang='lat'><strong>(1059).</strong></span> 
     </span>
    </p>
   </div>
   <div class='ocr_carea' id='block_1_69' title="bbox 2070 2634 3706 2704">
    <p class='ocr_par' dir='ltr' id='par_1_69' title="bbox 2070 2634 3706 2704">
     <span class='ocr_line' id='line_1_69' title="bbox 2070 2634 3706 2704; baseline 0.002 -15"><span class='ocrx_word' id='word_1_481' title='bbox 2070 2635 2367 2690; x_wconf 88' lang='lat' dir='ltr'><strong>Successit</strong></span> <span class='ocrx_word' id='word_1_482' title='bbox 2396 2634 2447 2689; x_wconf 91' lang='lat' dir='ltr'><strong>ei</strong></span> <span class='ocrx_word' id='word_1_483' title='bbox 2472 2634 2805 2703; x_wconf 84' lang='lat' dir='ltr'><strong>Nicbolaus,</strong></span> <span class='ocrx_word' id='word_1_484' title='bbox 2832 2634 2928 2704; x_wconf 91' lang='lat' dir='ltr'><strong>qui</strong></span> <span class='ocrx_word' id='word_1_485' title='bbox 2952 2637 2984 2687; x_wconf 74' lang='lat'><strong><em>2</em></strong></span> <span class='ocrx_word' id='word_1_486' title='bbox 3007 2649 3155 2690; x_wconf 92' lang='lat' dir='ltr'><strong>anno</strong></span> <span class='ocrx_word' id='word_1_487' title='bbox 3178 2635 3562 2692; x_wconf 90' lang='lat' dir='ltr'><strong>ordinationis</strong></span> <span class='ocrx_word' id='word_1_488' title='bbox 3584 2652 3706 2693; x_wconf 75' lang='lat' dir='ltr'><strong>suae</strong></span> 
     </span>
    </p>
   </div>
   <div class='ocr_carea' id='block_1_70' title="bbox 2068 2722 3706 2795">
    <p class='ocr_par' dir='ltr' id='par_1_70' title="bbox 2068 2722 3706 2795">
     <span class='ocr_line' id='line_1_70' title="bbox 2068 2722 3706 2795; baseline 0.002 -17"><span class='ocrx_word' id='word_1_489' title='bbox 2068 2722 2377 2779; x_wconf 90' lang='lat' dir='ltr'><strong>concilium</strong></span> <span class='ocrx_word' id='word_1_490' title='bbox 2428 2723 2633 2779; x_wconf 85' lang='lat' dir='ltr'><strong>habuit</strong></span> <span class='ocrx_word' id='word_1_491' title='bbox 2678 2723 2732 2778; x_wconf 93' lang='lat' dir='ltr'><strong>in</strong></span> <span class='ocrx_word' id='word_1_492' title='bbox 2785 2723 3023 2778; x_wconf 84' lang='lat' dir='ltr'><strong>basilica</strong></span> <span class='ocrx_word' id='word_1_493' title='bbox 3072 2724 3466 2795; x_wconf 88' lang='lat' dir='ltr'><strong>Lateranensi,</strong></span> <span class='ocrx_word' id='word_1_494' title='bbox 3511 2740 3706 2782; x_wconf 91' lang='lat' dir='ltr'><strong>mense</strong></span> 
     </span>
    </p>
   </div>
   <div class='ocr_carea' id='block_1_71' title="bbox 2070 2811 3707 2882">
    <p class='ocr_par' dir='ltr' id='par_1_71' title="bbox 2070 2811 3707 2882">
     <span class='ocr_line' id='line_1_71' title="bbox 2070 2811 3707 2882; baseline 0.004 -16"><span class='ocrx_word' id='word_1_495' title='bbox 2070 2811 2274 2882; x_wconf 84' lang='lat' dir='ltr'><strong>Aprili,</strong></span> <span class='ocrx_word' id='word_1_496' title='bbox 2312 2811 2511 2868; x_wconf 89' lang='lat' dir='ltr'><strong>indict.</strong></span> <span class='ocrx_word' id='word_1_497' title='bbox 2547 2815 2613 2866; x_wconf 77' lang='grc'>12</span> <span class='ocrx_word' id='word_1_498' title='bbox 2637 2830 2651 2878; x_wconf 90' lang='grc'>;</span> <span class='ocrx_word' id='word_1_499' title='bbox 2676 2812 2773 2867; x_wconf 91' lang='lat' dir='ltr'><strong>ubi</strong></span> <span class='ocrx_word' id='word_1_500' title='bbox 2798 2811 3242 2868; x_wconf 90' lang='lat' dir='ltr'><strong>considentibus</strong></span> <span class='ocrx_word' id='word_1_501' title='bbox 3271 2814 3707 2872; x_wconf 87' lang='lat' dir='ltr'><strong>venerabilibus</strong></span> 
     </span>
    </p>
   </div>
   <div class='ocr_carea' id='block_1_72' title="bbox 2069 2888 3740 2972">
    <p class='ocr_par' dir='ltr' id='par_1_72' title="bbox 2069 2888 3740 2972">
     <span class='ocr_line' id='line_1_72' title="bbox 2069 2888 3740 2972; baseline 0.001 -15"><span class='ocrx_word' id='word_1_502' title='bbox 2069 2900 2876 2972; x_wconf 84' lang='lat' dir='ltr'><strong>archiepiscOpis,episc0pis,</strong></span> <span class='ocrx_word' id='word_1_503' title='bbox 2903 2901 3217 2956; x_wconf 89' lang='lat' dir='ltr'><strong>abbatibus</strong></span> <span class='ocrx_word' id='word_1_504' title='bbox 3241 2916 3338 2957; x_wconf 92' lang='lat' dir='ltr'><strong>seu</strong></span> <span class='ocrx_word' id='word_1_505' title='bbox 3365 2888 3740 2959; x_wconf 42' lang='lat' dir='ltr'><strong>venerabiliC</strong></span> 
     </span>
    </p>
   </div>
   <div class='ocr_carea' id='block_1_73' title="bbox 2071 2987 3707 3062">
    <p class='ocr_par' dir='ltr' id='par_1_73' title="bbox 2071 2987 3707 3062">
     <span class='ocr_line' id='line_1_73' title="bbox 2071 2987 3707 3062; baseline 0.003 -19"><span class='ocrx_word' id='word_1_506' title='bbox 2071 2990 2178 3044; x_wconf 89' lang='lat' dir='ltr'><strong>bus</strong></span> <span class='ocrx_word' id='word_1_507' title='bbox 2198 2988 2546 3059; x_wconf 87' lang='lat' dir='ltr'><strong>presbiteris</strong></span> <span class='ocrx_word' id='word_1_508' title='bbox 2566 2992 2621 3042; x_wconf 90' lang='lat' dir='ltr'><strong>et</strong></span> <span class='ocrx_word' id='word_1_509' title='bbox 2644 2988 2924 3058; x_wconf 88' lang='lat' dir='ltr'><strong>diaconis,</strong></span> <span class='ocrx_word' id='word_1_510' title='bbox 2942 2987 3012 3043; x_wconf 88' lang='lat' dir='ltr'><strong>de</strong></span> <span class='ocrx_word' id='word_1_511' title='bbox 3037 2988 3322 3044; x_wconf 90' lang='lat' dir='ltr'><strong>electione</strong></span> <span class='ocrx_word' id='word_1_512' title='bbox 3346 2992 3552 3046; x_wconf 90' lang='lat' dir='ltr'><strong>summi</strong></span> <span class='ocrx_word' id='word_1_513' title='bbox 3572 3006 3707 3062; x_wconf 90' lang='lat' dir='ltr'><strong>pon-</strong></span> 
     </span>
    </p>
   </div>
   <div class='ocr_carea' id='block_1_74' title="bbox 2065 3076 3703 3150">
    <p class='ocr_par' dir='ltr' id='par_1_74' title="bbox 2065 3076 3703 3150">
     <span class='ocr_line' id='line_1_74' title="bbox 2065 3076 3703 3150; baseline 0.002 -19"><span class='ocrx_word' id='word_1_514' title='bbox 2065 3077 2244 3132; x_wconf 87' lang='lat' dir='ltr'><strong>tiﬁcis</strong></span> <span class='ocrx_word' id='word_1_515' title='bbox 2268 3077 2591 3133; x_wconf 79' lang='lat' dir='ltr'><strong>decernens</strong></span> <span class='ocrx_word' id='word_1_516' title='bbox 2612 3077 2690 3132; x_wconf 90' lang='lat' dir='ltr'><strong>ait</strong></span> <span class='ocrx_word' id='word_1_517' title='bbox 2715 3077 2865 3147; x_wconf 86' lang='grc'>(118)</span> <span class='ocrx_word' id='word_1_518' title='bbox 2892 3097 2903 3130; x_wconf 89' lang='lat'><strong>:</strong></span> <span class='ocrx_word' id='word_1_519' title='bbox 2928 3098 2953 3127; x_wconf 85' lang='grc'><strong>‹‹</strong></span> <span class='ocrx_word' id='word_1_520' title='bbox 2974 3076 3144 3133; x_wconf 86' lang='lat' dir='ltr'><strong>Novit</strong></span> <span class='ocrx_word' id='word_1_521' title='bbox 3163 3078 3467 3135; x_wconf 87' lang='lat' dir='ltr'><strong>beatitudo</strong></span> <span class='ocrx_word' id='word_1_522' title='bbox 3485 3083 3703 3150; x_wconf 90' lang='lat' dir='ltr'><strong>vestra,</strong></span> 
     </span>
    </p>
   </div>
   <div class='ocr_carea' id='block_1_75' title="bbox 2066 3165 3706 3239">
    <p class='ocr_par' dir='ltr' id='par_1_75' title="bbox 2066 3165 3706 3239">
     <span class='ocr_line' id='line_1_75' title="bbox 2066 3165 3706 3239; baseline 0.003 -19"><span class='ocrx_word' id='word_1_523' title='bbox 2066 3165 2438 3221; x_wconf 87' lang='lat' dir='ltr'><strong>dilectissimi</strong></span> <span class='ocrx_word' id='word_1_524' title='bbox 2473 3165 2686 3221; x_wconf 88' lang='lat' dir='ltr'><strong>fratres</strong></span> <span class='ocrx_word' id='word_1_525' title='bbox 2708 3169 2763 3220; x_wconf 89' lang='lat' dir='ltr'><strong>et</strong></span> <span class='ocrx_word' id='word_1_526' title='bbox 2789 3165 3142 3237; x_wconf 84' lang='lat' dir='ltr'><strong>coepiscopi,</strong></span> <span class='ocrx_word' id='word_1_527' title='bbox 3171 3166 3446 3222; x_wconf 89' lang='lat' dir='ltr'><strong>inferiora</strong></span> <span class='ocrx_word' id='word_1_528' title='bbox 3476 3182 3706 3239; x_wconf 84' lang='lat' dir='ltr'><strong>quoque</strong></span> 
     </span>
    </p>
   </div>
   <div class='ocr_carea' id='block_1_76' title="bbox 2066 3253 3709 3325">
    <p class='ocr_par' dir='ltr' id='par_1_76' title="bbox 2066 3253 3709 3325">
     <span class='ocr_line' id='line_1_76' title="bbox 2066 3253 3709 3325; baseline 0.002 -16"><span class='ocrx_word' id='word_1_529' title='bbox 2066 3255 2321 3309; x_wconf 91' lang='lat' dir='ltr'><strong>membra</strong></span> <span class='ocrx_word' id='word_1_530' title='bbox 2347 3268 2462 3309; x_wconf 90' lang='lat' dir='ltr'><strong>non</strong></span> <span class='ocrx_word' id='word_1_531' title='bbox 2495 3253 2686 3324; x_wconf 87' lang='lat' dir='ltr'><strong>latuit,</strong></span> <span class='ocrx_word' id='word_1_532' title='bbox 2726 3254 3000 3310; x_wconf 90' lang='lat' dir='ltr'><strong>defuncto</strong></span> <span class='ocrx_word' id='word_1_533' title='bbox 3033 3254 3141 3325; x_wconf 68' lang='lat' dir='ltr'><strong>piae</strong></span> <span class='ocrx_word' id='word_1_534' title='bbox 3176 3255 3465 3312; x_wconf 74' lang='lat' dir='ltr'><strong>memoriae</strong></span> <span class='ocrx_word' id='word_1_535' title='bbox 3498 3255 3709 3312; x_wconf 89' lang='lat' dir='ltr'><strong>domno</strong></span> 
     </span>
    </p>
   </div>
   <div class='ocr_carea' id='block_1_77' title="bbox 2066 3343 3703 3415">
    <p class='ocr_par' dir='ltr' id='par_1_77' title="bbox 2066 3343 3703 3415">
     <span class='ocr_line' id='line_1_77' title="bbox 2066 3343 3703 3415; baseline 0.002 -16"><span class='ocrx_word' id='word_1_536' title='bbox 2066 3343 2358 3414; x_wconf 90' lang='lat' dir='ltr'><strong>Stephano</strong></span> <span class='ocrx_word' id='word_1_537' title='bbox 2388 3343 2696 3399; x_wconf 90' lang='lat' dir='ltr'><strong>decessore</strong></span> <span class='ocrx_word' id='word_1_538' title='bbox 2729 3351 2954 3412; x_wconf 90' lang='lat' dir='ltr'><strong>nostro,</strong></span> <span class='ocrx_word' id='word_1_539' title='bbox 2989 3343 3111 3399; x_wconf 72' lang='lat' dir='ltr'><strong>haec</strong></span> <span class='ocrx_word' id='word_1_540' title='bbox 3153 3343 3473 3414; x_wconf 85' lang='lat' dir='ltr'><strong>apostolica</strong></span> <span class='ocrx_word' id='word_1_541' title='bbox 3510 3344 3703 3415; x_wconf 88' lang='lat' dir='ltr'><strong>sedes,</strong></span> 
     </span>
    </p>
   </div>
   <div class='ocr_carea' id='block_1_78' title="bbox 2063 3431 3705 3505">
    <p class='ocr_par' dir='ltr' id='par_1_78' title="bbox 2063 3431 3705 3505">
     <span class='ocr_line' id='line_1_78' title="bbox 2063 3431 3705 3505; baseline 0.001 -18"><span class='ocrx_word' id='word_1_542' title='bbox 2063 3432 2156 3487; x_wconf 92' lang='lat' dir='ltr'><strong>cui</strong></span> <span class='ocrx_word' id='word_1_543' title='bbox 2189 3434 2305 3487; x_wconf 89' lang='lat' dir='ltr'><strong>Deo</strong></span> <span class='ocrx_word' id='word_1_544' title='bbox 2338 3436 2577 3488; x_wconf 89' lang='lat' dir='ltr'><strong>auctore</strong></span> <span class='ocrx_word' id='word_1_545' title='bbox 2612 3431 2899 3500; x_wconf 91' lang='lat' dir='ltr'><strong>deservio,</strong></span> <span class='ocrx_word' id='word_1_546' title='bbox 2920 3435 3056 3500; x_wconf 92' lang='lat' dir='ltr'><strong>quot</strong></span> <span class='ocrx_word' id='word_1_547' title='bbox 3091 3431 3333 3489; x_wconf 88' lang='lat' dir='ltr'><strong>adversa</strong></span> <span class='ocrx_word' id='word_1_548' title='bbox 3368 3432 3705 3505; x_wconf 88' lang='lat' dir='ltr'><strong>pertulerit,</strong></span> 
     </span>
    </p>
   </div>
   <div class='ocr_carea' id='block_1_79' title="bbox 2067 3519 3711 3593">
    <p class='ocr_par' dir='ltr' id='par_1_79' title="bbox 2067 3519 3711 3593">
     <span class='ocr_line' id='line_1_79' title="bbox 2067 3519 3711 3593; baseline 0.002 -17"><span class='ocrx_word' id='word_1_549' title='bbox 2067 3526 2211 3590; x_wconf 89' lang='lat' dir='ltr'><strong>quot</strong></span> <span class='ocrx_word' id='word_1_550' title='bbox 2243 3520 2492 3591; x_wconf 90' lang='lat' dir='ltr'><strong>denique</strong></span> <span class='ocrx_word' id='word_1_551' title='bbox 2543 3535 2646 3592; x_wconf 89' lang='lat' dir='ltr'><strong>per</strong></span> <span class='ocrx_word' id='word_1_552' title='bbox 2680 3519 3037 3592; x_wconf 73' lang='lat' dir='ltr'><strong>Symoniacze</strong></span> <span class='ocrx_word' id='word_1_553' title='bbox 3075 3520 3299 3576; x_wconf 89' lang='lat' dir='ltr'><strong>heresis</strong></span> <span class='ocrx_word' id='word_1_554' title='bbox 3342 3526 3711 3593; x_wconf 87' lang='lat' dir='ltr'><strong>trapaezetas</strong></span> 
     </span>
    </p>
   </div>
   <div class='ocr_carea' id='block_1_80' title="bbox 2066 3609 3711 3681">
    <p class='ocr_par' dir='ltr' id='par_1_80' title="bbox 2066 3609 3711 3681">
     <span class='ocr_line' id='line_1_80' title="bbox 2066 3609 3711 3681; baseline 0.001 -17"><span class='ocrx_word' id='word_1_555' title='bbox 2066 3609 2292 3665; x_wconf 91' lang='lat' dir='ltr'><strong>malleis</strong></span> <span class='ocrx_word' id='word_1_556' title='bbox 2322 3614 2381 3665; x_wconf 90' lang='lat' dir='ltr'><strong>et</strong></span> <span class='ocrx_word' id='word_1_557' title='bbox 2412 3609 2637 3665; x_wconf 88' lang='lat' dir='ltr'><strong>crebris</strong></span> <span class='ocrx_word' id='word_1_558' title='bbox 2663 3609 3039 3665; x_wconf 90' lang='lat' dir='ltr'><strong>tunsionibus</strong></span> <span class='ocrx_word' id='word_1_559' title='bbox 3071 3609 3615 3681; x_wconf 85' lang='lat' dir='ltr'><strong>subjacuerit,adeo</strong></span> <span class='ocrx_word' id='word_1_560' title='bbox 3646 3618 3711 3669; x_wconf 89' lang='lat' dir='ltr'><strong>ut</strong></span> 
     </span>
    </p>
   </div>
   <div class='ocr_carea' id='block_1_81' title="bbox 2065 3697 3714 3768">
    <p class='ocr_par' dir='ltr' id='par_1_81' title="bbox 2065 3697 3714 3768">
     <span class='ocr_line' id='line_1_81' title="bbox 2065 3697 3714 3768; baseline 0.001 -13"><span class='ocrx_word' id='word_1_561' title='bbox 2065 3697 2372 3768; x_wconf 88' lang='lat' dir='ltr'><strong>columpna</strong></span> <span class='ocrx_word' id='word_1_562' title='bbox 2405 3697 2502 3753; x_wconf 88' lang='lat' dir='ltr'><strong>Dei</strong></span> <span class='ocrx_word' id='word_1_563' title='bbox 2535 3698 2790 3753; x_wconf 85' lang='lat' dir='ltr'><strong>viventis</strong></span> <span class='ocrx_word' id='word_1_564' title='bbox 2824 3697 3055 3767; x_wconf 88' lang='lat' dir='ltr'><strong>jamjam</strong></span> <span class='ocrx_word' id='word_1_565' title='bbox 3101 3712 3247 3768; x_wconf 90' lang='lat' dir='ltr'><strong>pene</strong></span> <span class='ocrx_word' id='word_1_566' title='bbox 3277 3699 3580 3755; x_wconf 88' lang='lat' dir='ltr'><strong>videretur</strong></span> <span class='ocrx_word' id='word_1_567' title='bbox 3610 3714 3714 3757; x_wconf 91' lang='lat' dir='ltr'><strong>nu-</strong></span> 
     </span>
    </p>
   </div>
   <div class='ocr_carea' id='block_1_82' title="bbox 2067 3786 3713 3858">
    <p class='ocr_par' dir='ltr' id='par_1_82' title="bbox 2067 3786 3713 3858">
     <span class='ocr_line' id='line_1_82' title="bbox 2067 3786 3713 3858; baseline 0.002 -17"><span class='ocrx_word' id='word_1_568' title='bbox 2067 3789 2215 3858; x_wconf 90' lang='lat' dir='ltr'><strong>tare,</strong></span> <span class='ocrx_word' id='word_1_569' title='bbox 2250 3792 2308 3843; x_wconf 88' lang='lat' dir='ltr'><strong>et</strong></span> <span class='ocrx_word' id='word_1_570' title='bbox 2339 3801 2552 3856; x_wconf 89' lang='lat' dir='ltr'><strong>sageua</strong></span> <span class='ocrx_word' id='word_1_571' title='bbox 2584 3786 2792 3843; x_wconf 91' lang='lat' dir='ltr'><strong>summi</strong></span> <span class='ocrx_word' id='word_1_572' title='bbox 2824 3786 3137 3858; x_wconf 86' lang='lat' dir='ltr'><strong>piscatoris</strong></span> <span class='ocrx_word' id='word_1_573' title='bbox 3160 3786 3436 3858; x_wconf 90' lang='lat' dir='ltr'><strong>procellis</strong></span> <span class='ocrx_word' id='word_1_574' title='bbox 3468 3787 3713 3845; x_wconf 88' lang='lat' dir='ltr'><strong>intume-</strong></span> 
     </span>
    </p>
   </div>
   <div class='ocr_carea' id='block_1_83' title="bbox 2070 3875 3711 3947">
    <p class='ocr_par' dir='ltr' id='par_1_83' title="bbox 2070 3875 3711 3947">
     <span class='ocr_line' id='line_1_83' title="bbox 2070 3875 3711 3947; baseline 0.002 -15"><span class='ocrx_word' id='word_1_575' title='bbox 2070 3876 2373 3933; x_wconf 87' lang='lat' dir='ltr'><strong>scentibus</strong></span> <span class='ocrx_word' id='word_1_576' title='bbox 2395 3875 2453 3931; x_wconf 90' lang='lat' dir='ltr'><strong>in</strong></span> <span class='ocrx_word' id='word_1_577' title='bbox 2477 3875 2762 3946; x_wconf 88' lang='lat' dir='ltr'><strong>naufragii</strong></span> <span class='ocrx_word' id='word_1_578' title='bbox 2799 3876 3081 3947; x_wconf 88' lang='lat' dir='ltr'><strong>profunda</strong></span> <span class='ocrx_word' id='word_1_579' title='bbox 3117 3876 3427 3946; x_wconf 90' lang='lat' dir='ltr'><strong>submergi.</strong></span> <span class='ocrx_word' id='word_1_580' title='bbox 3455 3877 3637 3947; x_wconf 89' lang='lat' dir='ltr'><strong>Unde,</strong></span> <span class='ocrx_word' id='word_1_581' title='bbox 3660 3879 3711 3935; x_wconf 91' lang='lat' dir='ltr'><strong>si</strong></span> 
     </span>
    </p>
   </div>
   <div class='ocr_carea' id='block_1_84' title="bbox 2070 3965 3711 4037">
    <p class='ocr_par' dir='ltr' id='par_1_84' title="bbox 2070 3965 3711 4037">
     <span class='ocr_line' id='line_1_84' title="bbox 2070 3965 3711 4037; baseline 0.002 -17"><span class='ocrx_word' id='word_1_582' title='bbox 2070 3965 2259 4037; x_wconf 90' lang='lat' dir='ltr'><strong>placet</strong></span> <span class='ocrx_word' id='word_1_583' title='bbox 2294 3965 2649 4021; x_wconf 81' lang='lat' dir='ltr'><strong>fraternitati</strong></span> <span class='ocrx_word' id='word_1_584' title='bbox 2674 3970 2908 4035; x_wconf 76' lang='lat' dir='ltr'><strong>vestrae,</strong></span> <span class='ocrx_word' id='word_1_585' title='bbox 2941 3966 3221 4023; x_wconf 88' lang='lat' dir='ltr'><strong>debemus</strong></span> <span class='ocrx_word' id='word_1_586' title='bbox 3253 3965 3570 4023; x_wconf 82' lang='lat' dir='ltr'><strong>auxiliante</strong></span> <span class='ocrx_word' id='word_1_587' title='bbox 3594 3967 3711 4024; x_wconf 89' lang='lat' dir='ltr'><strong>Deo</strong></span> 
     </span>
    </p>
   </div>
   <div class='ocr_carea' id='block_1_85' title="bbox 2069 4054 3712 4124">
    <p class='ocr_par' dir='ltr' id='par_1_85' title="bbox 2069 4054 3712 4124">
     <span class='ocr_line' id='line_1_85' title="bbox 2069 4054 3712 4124; baseline 0.002 -16"><span class='ocrx_word' id='word_1_588' title='bbox 2069 4054 2283 4110; x_wconf 90' lang='lat' dir='ltr'><strong>futuris</strong></span> <span class='ocrx_word' id='word_1_589' title='bbox 2298 4054 2533 4110; x_wconf 91' lang='lat' dir='ltr'><strong>casibus</strong></span> <span class='ocrx_word' id='word_1_590' title='bbox 2547 4054 2868 4124; x_wconf 84' lang='lat' dir='ltr'><strong>prudenter</strong></span> <span class='ocrx_word' id='word_1_591' title='bbox 2882 4070 3023 4110; x_wconf 90' lang='lat' dir='ltr'><strong>occu</strong></span> <span class='ocrx_word' id='word_1_592' title='bbox 3035 4059 3279 4122; x_wconf 89' lang='lat' dir='ltr'><strong>rrere,et</strong></span> <span class='ocrx_word' id='word_1_593' title='bbox 3294 4055 3712 4112; x_wconf 73' lang='lat' dir='ltr'><strong>mcclesiastico</strong></span> 
     </span>
    </p>
   </div>
   <div class='ocr_carea' id='block_1_86' title="bbox 2069 4142 3714 4214">
    <p class='ocr_par' dir='ltr' id='par_1_86' title="bbox 2069 4142 3714 4214">
     <span class='ocr_line' id='line_1_86' title="bbox 2069 4142 3714 4214; baseline 0.002 -17"><span class='ocrx_word' id='word_1_594' title='bbox 2069 4143 2271 4211; x_wconf 90' lang='lat' dir='ltr'><strong>statui,</strong></span> <span class='ocrx_word' id='word_1_595' title='bbox 2306 4156 2378 4197; x_wconf 93' lang='lat' dir='ltr'><strong>ne</strong></span> <span class='ocrx_word' id='word_1_596' title='bbox 2408 4142 2689 4211; x_wconf 89' lang='lat' dir='ltr'><strong>rediviva,</strong></span> <span class='ocrx_word' id='word_1_597' title='bbox 2713 4143 2864 4211; x_wconf 88' lang='lat' dir='ltr'><strong>quod</strong></span> <span class='ocrx_word' id='word_1_598' title='bbox 2902 4142 3228 4212; x_wconf 87' lang='lat' dir='ltr'><strong>absit,mala</strong></span> <span class='ocrx_word' id='word_1_599' title='bbox 3255 4143 3630 4214; x_wconf 65' lang='lat' dir='ltr'><strong>praevaleant,</strong></span> <span class='ocrx_word' id='word_1_600' title='bbox 3658 4144 3714 4200; x_wconf 89' lang='lat' dir='ltr'><strong>in</strong></span> 
     </span>
    </p>
   </div>
   <div class='ocr_carea' id='block_1_87' title="bbox 2066 4229 3717 4304">
    <p class='ocr_par' dir='ltr' id='par_1_87' title="bbox 2066 4229 3717 4304">
     <span class='ocr_line' id='line_1_87' title="bbox 2066 4229 3717 4304; baseline 0.002 -19"><span class='ocrx_word' id='word_1_601' title='bbox 2066 4234 2364 4301; x_wconf 90' lang='lat' dir='ltr'><strong>posterum</strong></span> <span class='ocrx_word' id='word_1_602' title='bbox 2401 4229 2746 4300; x_wconf 68' lang='lat' dir='ltr'><strong>praevidere.</strong></span> <span class='ocrx_word' id='word_1_603' title='bbox 2783 4230 3155 4301; x_wconf 84' lang='lat' dir='ltr'><strong>Quapropter</strong></span> <span class='ocrx_word' id='word_1_604' title='bbox 3186 4231 3461 4288; x_wconf 82' lang='lat' dir='ltr'><strong>instructi</strong></span> <span class='ocrx_word' id='word_1_605' title='bbox 3496 4232 3717 4304; x_wconf 65' lang='lat' dir='ltr'><strong>praede-</strong></span> 
     </span>
    </p>
   </div>
   <div class='ocr_carea' id='block_1_88' title="bbox 2068 4316 3715 4388">
    <p class='ocr_par' dir='ltr' id='par_1_88' title="bbox 2068 4316 3715 4388">
     <span class='ocr_line' id='line_1_88' title="bbox 2068 4316 3715 4388; baseline 0.001 -13"><span class='ocrx_word' id='word_1_606' title='bbox 2068 4333 2367 4376; x_wconf 89' lang='lat' dir='ltr'><strong>cessorum</strong></span> <span class='ocrx_word' id='word_1_607' title='bbox 2383 4320 2718 4374; x_wconf 90' lang='lat' dir='ltr'><strong>nostrorum</strong></span> <span class='ocrx_word' id='word_1_608' title='bbox 2738 4316 3102 4388; x_wconf 89' lang='lat' dir='ltr'><strong>aliorumque</strong></span> <span class='ocrx_word' id='word_1_609' title='bbox 3126 4324 3463 4377; x_wconf 91' lang='lat' dir='ltr'><strong>sanctorum</strong></span> <span class='ocrx_word' id='word_1_610' title='bbox 3479 4323 3715 4377; x_wconf 88' lang='lat' dir='ltr'><strong>Patrum</strong></span> 
     </span>
    </p>
   </div>
   <div class='ocr_carea' id='block_1_89' title="bbox 2069 4405 3716 4479">
    <p class='ocr_par' dir='ltr' id='par_1_89' title="bbox 2069 4405 3716 4479">
     <span class='ocr_line' id='line_1_89' title="bbox 2069 4405 3716 4479; baseline 0.001 -15"><span class='ocrx_word' id='word_1_611' title='bbox 2069 4406 2440 4476; x_wconf 86' lang='lat' dir='ltr'><strong>auctoritate,</strong></span> <span class='ocrx_word' id='word_1_612' title='bbox 2460 4405 2827 4462; x_wconf 88' lang='lat' dir='ltr'><strong>decernimus</strong></span> <span class='ocrx_word' id='word_1_613' title='bbox 2858 4410 3035 4476; x_wconf 89' lang='lat' dir='ltr'><strong>atque</strong></span> <span class='ocrx_word' id='word_1_614' title='bbox 3067 4408 3506 4479; x_wconf 91' lang='lat' dir='ltr'><strong>constituimus,</strong></span> <span class='ocrx_word' id='word_1_615' title='bbox 3528 4413 3588 4466; x_wconf 90' lang='lat' dir='ltr'><strong>ut</strong></span> <span class='ocrx_word' id='word_1_616' title='bbox 3615 4411 3716 4466; x_wconf 83' lang='lat' dir='ltr'><strong>ob-</strong></span> 
     </span>
    </p>
   </div>
   <div class='ocr_carea' id='block_1_90' title="bbox 307 4493 3711 4596">
    <p class='ocr_par' dir='ltr' id='par_1_90' title="bbox 307 4493 3711 4596">
     <span class='ocr_line' id='line_1_90' title="bbox 307 4493 3711 4596; baseline 0.001 -47"><span class='ocrx_word' id='word_1_617' title='bbox 307 4493 396 4551; x_wconf 90' lang='lat' dir='ltr'><strong>bis</strong></span> <span class='ocrx_word' id='word_1_618' title='bbox 428 4493 516 4551; x_wconf 91' lang='lat' dir='ltr'><strong>vel</strong></span> <span class='ocrx_word' id='word_1_619' title='bbox 551 4494 843 4551; x_wconf 89' lang='lat' dir='ltr'><strong>similibus</strong></span> <span class='ocrx_word' id='word_1_620' title='bbox 876 4501 1103 4552; x_wconf 88' lang='lat' dir='ltr'><strong>vetaret</strong></span> <span class='ocrx_word' id='word_1_621' title='bbox 1155 4495 1479 4553; x_wconf 89' lang='lat' dir='ltr'><strong>intendere.</strong></span> <span class='ocrx_word' id='word_1_622' title='bbox 1531 4496 1682 4554; x_wconf 88' lang='lat' dir='ltr'><strong>Illud</strong></span> <span class='ocrx_word' id='word_1_623' title='bbox 1729 4501 1957 4554; x_wconf 88' lang='lat' dir='ltr'><strong>tantum</strong></span> <span class='ocrx_word' id='word_1_624' title='bbox 1990 4530 2041 4596; x_wconf 83' lang='lat' dir='ltr'><strong>D</strong></span> <span class='ocrx_word' id='word_1_625' title='bbox 2070 4501 2245 4554; x_wconf 90' lang='lat' dir='ltr'><strong>eunte</strong></span> <span class='ocrx_word' id='word_1_626' title='bbox 2267 4495 2440 4567; x_wconf 89' lang='lat' dir='ltr'><strong>hujus</strong></span> <span class='ocrx_word' id='word_1_627' title='bbox 2462 4494 3098 4551; x_wconf 64' lang='lat' dir='ltr'><strong>Romanaauniversalis</strong></span> <span class='ocrx_word' id='word_1_628' title='bbox 3120 4495 3401 4552; x_wconf 64' lang='lat' dir='ltr'><strong>{ecclesiae</strong></span> <span class='ocrx_word' id='word_1_629' title='bbox 3416 4495 3711 4569; x_wconf 82' lang='lat' dir='ltr'><strong>pontiﬁce,</strong></span> 
     </span>
    </p>
   </div>
   <div class='ocr_carea' id='block_1_91' title="bbox 311 4583 1963 4658">
    <p class='ocr_par' dir='ltr' id='par_1_91' title="bbox 311 4583 1963 4658">
     <span class='ocr_line' id='line_1_91' title="bbox 311 4583 1963 4658; baseline 0.001 -19"><span class='ocrx_word' id='word_1_630' title='bbox 311 4588 550 4639; x_wconf 90' lang='lat' dir='ltr'><strong>notasse</strong></span> <span class='ocrx_word' id='word_1_631' title='bbox 584 4583 853 4654; x_wconf 83' lang='lat' dir='ltr'><strong>sufficiat,</strong></span> <span class='ocrx_word' id='word_1_632' title='bbox 888 4585 1040 4655; x_wconf 92' lang='lat' dir='ltr'><strong>quod</strong></span> <span class='ocrx_word' id='word_1_633' title='bbox 1076 4599 1179 4640; x_wconf 84' lang='lat' dir='ltr'><strong>rex</strong></span> <span class='ocrx_word' id='word_1_634' title='bbox 1212 4584 1430 4642; x_wconf 89' lang='lat' dir='ltr'><strong>auditis</strong></span> <span class='ocrx_word' id='word_1_635' title='bbox 1461 4601 1589 4656; x_wconf 68' lang='lat' dir='ltr'><strong>quae</strong></span> <span class='ocrx_word' id='word_1_636' title='bbox 1622 4601 1733 4643; x_wconf 94' lang='lat' dir='ltr'><strong>non</strong></span> <span class='ocrx_word' id='word_1_637' title='bbox 1767 4600 1963 4658; x_wconf 84' lang='lat' dir='ltr'><strong>spera-</strong></span> 
     </span>
    </p>
   </div>
   <div class='ocr_carea' id='block_1_92' title="bbox 309 4672 1959 4746">
    <p class='ocr_par' dir='ltr' id='par_1_92' title="bbox 309 4672 1959 4746">
     <span class='ocr_line' id='line_1_92' title="bbox 309 4672 1959 4746; baseline 0.001 -17"><span class='ocrx_word' id='word_1_638' title='bbox 309 4676 494 4743; x_wconf 89' lang='lat' dir='ltr'><strong>verat,</strong></span> <span class='ocrx_word' id='word_1_639' title='bbox 530 4672 637 4728; x_wconf 90' lang='lat' dir='ltr'><strong>viri</strong></span> <span class='ocrx_word' id='word_1_640' title='bbox 671 4673 1017 4745; x_wconf 88' lang='lat' dir='ltr'><strong>spectabilis</strong></span> <span class='ocrx_word' id='word_1_641' title='bbox 1048 4679 1108 4730; x_wconf 93' lang='lat' dir='ltr'><strong>et</strong></span> <span class='ocrx_word' id='word_1_642' title='bbox 1140 4675 1419 4731; x_wconf 89' lang='lat' dir='ltr'><strong>memoria</strong></span> <span class='ocrx_word' id='word_1_643' title='bbox 1460 4676 1620 4746; x_wconf 89' lang='lat' dir='ltr'><strong>digni</strong></span> <span class='ocrx_word' id='word_1_644' title='bbox 1665 4676 1959 4746; x_wconf 87' lang='lat' dir='ltr'><strong>egregiam</strong></span> 
     </span>
    </p>
   </div>
   <div class='ocr_carea' id='block_1_93' title="bbox 309 4762 1962 4835">
    <p class='ocr_par' dir='ltr' id='par_1_93' title="bbox 309 4762 1962 4835">
     <span class='ocr_line' id='line_1_93' title="bbox 309 4762 1962 4835; baseline 0.001 -16"><span class='ocrx_word' id='word_1_645' title='bbox 309 4762 815 4820; x_wconf 89' lang='lat' dir='ltr'><strong>conversationem</strong></span> <span class='ocrx_word' id='word_1_646' title='bbox 848 4762 1138 4820; x_wconf 89' lang='lat' dir='ltr'><strong>reducens</strong></span> <span class='ocrx_word' id='word_1_647' title='bbox 1168 4763 1237 4819; x_wconf 91' lang='lat' dir='ltr'><strong>ad</strong></span> <span class='ocrx_word' id='word_1_648' title='bbox 1272 4765 1543 4835; x_wconf 90' lang='lat' dir='ltr'><strong>animum,</strong></span> <span class='ocrx_word' id='word_1_649' title='bbox 1587 4769 1672 4821; x_wconf 88' lang='lat' dir='ltr'><strong>tot</strong></span> <span class='ocrx_word' id='word_1_650' title='bbox 1723 4765 1962 4835; x_wconf 88' lang='lat' dir='ltr'><strong>ingemi-</strong></span> 
     </span>
    </p>
   </div>
   <div class='ocr_carea' id='block_1_94' title="bbox 312 4850 1962 4924">
    <p class='ocr_par' dir='ltr' id='par_1_94' title="bbox 312 4850 1962 4924">
     <span class='ocr_line' id='line_1_94' title="bbox 312 4850 1962 4924; baseline -0.001 -15"><span class='ocrx_word' id='word_1_651' title='bbox 312 4850 647 4909; x_wconf 86' lang='lat' dir='ltr'><strong>nationibus</strong></span> <span class='ocrx_word' id='word_1_652' title='bbox 680 4851 807 4921; x_wconf 90' lang='lat' dir='ltr'><strong>ejus</strong></span> <span class='ocrx_word' id='word_1_653' title='bbox 840 4850 1076 4908; x_wconf 83' lang='lat' dir='ltr'><strong>deflevit</strong></span> <span class='ocrx_word' id='word_1_654' title='bbox 1120 4852 1367 4923; x_wconf 88' lang='lat' dir='ltr'><strong>obitum,</strong></span> <span class='ocrx_word' id='word_1_655' title='bbox 1412 4858 1500 4908; x_wconf 89' lang='lat' dir='ltr'><strong>tot</strong></span> <span class='ocrx_word' id='word_1_656' title='bbox 1538 4853 1839 4924; x_wconf 88' lang='lat' dir='ltr'><strong>reciproca</strong></span> <span class='ocrx_word' id='word_1_657' title='bbox 1878 4852 1962 4908; x_wconf 90' lang='lat' dir='ltr'><strong>vi-</strong></span> 
     </span>
    </p>
   </div>
   <div class='ocr_carea' id='block_1_95' title="bbox 315 4939 1961 5013">
    <p class='ocr_par' dir='ltr' id='par_1_95' title="bbox 315 4939 1961 5013">
     <span class='ocr_line' id='line_1_95' title="bbox 315 4939 1961 5013; baseline 0 -17"><span class='ocrx_word' id='word_1_658' title='bbox 315 4939 667 4996; x_wconf 89' lang='lat' dir='ltr'><strong>cissitudine</strong></span> <span class='ocrx_word' id='word_1_659' title='bbox 682 4939 808 5010; x_wconf 91' lang='lat' dir='ltr'><strong>ejus</strong></span> <span class='ocrx_word' id='word_1_660' title='bbox 821 4940 1411 5012; x_wconf 81' lang='lat' dir='ltr'><strong>eﬂ‘crebatmeritum,</strong></span> <span class='ocrx_word' id='word_1_661' title='bbox 1437 4941 1774 5013; x_wconf 88' lang='lat' dir='ltr'><strong>replicando</strong></span> <span class='ocrx_word' id='word_1_662' title='bbox 1797 4941 1961 4997; x_wconf 89' lang='lat' dir='ltr'><strong>miris</strong></span> 
     </span>
    </p>
   </div>
   <div class='ocr_carea' id='block_1_96' title="bbox 312 5028 1963 5102">
    <p class='ocr_par' dir='ltr' id='par_1_96' title="bbox 312 5028 1963 5102">
     <span class='ocr_line' id='line_1_96' title="bbox 312 5028 1963 5102; baseline 0 -16"><span class='ocrx_word' id='word_1_663' title='bbox 312 5028 590 5086; x_wconf 89' lang='lat' dir='ltr'><strong>laudibus</strong></span> <span class='ocrx_word' id='word_1_664' title='bbox 612 5028 768 5085; x_wconf 90' lang='lat' dir='ltr'><strong>illius</strong></span> <span class='ocrx_word' id='word_1_665' title='bbox 792 5030 1173 5100; x_wconf 71' lang='lat' dir='ltr'><strong>przeconia,et</strong></span> <span class='ocrx_word' id='word_1_666' title='bbox 1196 5030 1443 5087; x_wconf 87' lang='lat' dir='ltr'><strong>subinde</strong></span> <span class='ocrx_word' id='word_1_667' title='bbox 1468 5030 1788 5102; x_wconf 89' lang='lat' dir='ltr'><strong>repetendo</strong></span> <span class='ocrx_word' id='word_1_668' title='bbox 1806 5030 1963 5086; x_wconf 86' lang='lat' dir='ltr'><strong>inde-</strong></span> 
     </span>
    </p>
   </div>
   <div class='ocr_carea' id='block_1_97' title="bbox 318 5118 1963 5191">
    <p class='ocr_par' dir='ltr' id='par_1_97' title="bbox 318 5118 1963 5191">
     <span class='ocr_line' id='line_1_97' title="bbox 318 5118 1963 5191; baseline 0.001 -17"><span class='ocrx_word' id='word_1_669' title='bbox 318 5118 436 5176; x_wconf 88' lang='lat' dir='ltr'><strong>bita</strong></span> <span class='ocrx_word' id='word_1_670' title='bbox 460 5123 518 5175; x_wconf 93' lang='lat' dir='ltr'><strong>et</strong></span> <span class='ocrx_word' id='word_1_671' title='bbox 543 5119 774 5189; x_wconf 90' lang='lat' dir='ltr'><strong>ingrata</strong></span> <span class='ocrx_word' id='word_1_672' title='bbox 796 5123 950 5191; x_wconf 88' lang='lat' dir='ltr'><strong>pate:</strong></span> <span class='ocrx_word' id='word_1_673' title='bbox 971 5135 1059 5176; x_wconf 65' lang='lat' dir='ltr'><strong>nae</strong></span> <span class='ocrx_word' id='word_1_674' title='bbox 1088 5120 1388 5176; x_wconf 88' lang='lat' dir='ltr'><strong>sedulitati</strong></span> <span class='ocrx_word' id='word_1_675' title='bbox 1414 5121 1789 5177; x_wconf 89' lang='lat' dir='ltr'><strong>remissorum</strong></span> <span class='ocrx_word' id='word_1_676' title='bbox 1816 5120 1963 5176; x_wconf 84' lang='lat' dir='ltr'><strong>lilio-</strong></span> 
     </span>
    </p>
   </div>
   <div class='ocr_carea' id='block_1_98' title="bbox 314 5208 1960 5282">
    <p class='ocr_par' dir='ltr' id='par_1_98' title="bbox 314 5208 1960 5282">
     <span class='ocr_line' id='line_1_98' title="bbox 314 5208 1960 5282; baseline 0 -16"><span class='ocrx_word' id='word_1_677' title='bbox 314 5223 438 5266; x_wconf 90' lang='lat' dir='ltr'><strong>rum</strong></span> <span class='ocrx_word' id='word_1_678' title='bbox 461 5208 721 5265; x_wconf 59' lang='lat' dir='ltr'><strong>remissa</strong></span> <span class='ocrx_word' id='word_1_679' title='bbox 754 5208 904 5265; x_wconf 89' lang='lat' dir='ltr'><strong>vicis</strong></span> <span class='ocrx_word' id='word_1_680' title='bbox 938 5210 1243 5281; x_wconf 90' lang='lat' dir='ltr'><strong>obsequia,</strong></span> <span class='ocrx_word' id='word_1_681' title='bbox 1270 5209 1326 5265; x_wconf 91' lang='lat' dir='ltr'><strong>in</strong></span> <span class='ocrx_word' id='word_1_682' title='bbox 1360 5210 1467 5266; x_wconf 89' lang='lat' dir='ltr'><strong>hoc</strong></span> <span class='ocrx_word' id='word_1_683' title='bbox 1500 5210 1683 5282; x_wconf 90' lang='lat' dir='ltr'><strong>ipsum</strong></span> <span class='ocrx_word' id='word_1_684' title='bbox 1731 5224 1960 5280; x_wconf 87' lang='lat' dir='ltr'><strong>quoque</strong></span> 
     </span>
    </p>
   </div>
   <div class='ocr_carea' id='block_1_99' title="bbox 313 5298 1962 5372">
    <p class='ocr_par' dir='ltr' id='par_1_99' title="bbox 313 5298 1962 5372">
     <span class='ocr_line' id='line_1_99' title="bbox 313 5298 1962 5372; baseline -0.001 -16"><span class='ocrx_word' id='word_1_685' title='bbox 313 5298 465 5356; x_wconf 91' lang='lat' dir='ltr'><strong>omni</strong></span> <span class='ocrx_word' id='word_1_686' title='bbox 510 5298 957 5369; x_wconf 88' lang='lat' dir='ltr'><strong>eongeminante</strong></span> <span class='ocrx_word' id='word_1_687' title='bbox 1005 5298 1157 5369; x_wconf 90' lang='lat' dir='ltr'><strong>aula,</strong></span> <span class='ocrx_word' id='word_1_688' title='bbox 1204 5303 1268 5355; x_wconf 92' lang='lat' dir='ltr'><strong>ut</strong></span> <span class='ocrx_word' id='word_1_689' title='bbox 1297 5299 1540 5356; x_wconf 91' lang='lat' dir='ltr'><strong>daretur</strong></span> <span class='ocrx_word' id='word_1_690' title='bbox 1587 5304 1816 5357; x_wconf 81' lang='lat' dir='ltr'><strong>cunctis</strong></span> <span class='ocrx_word' id='word_1_691' title='bbox 1865 5313 1962 5372; x_wconf 90' lang='lat' dir='ltr'><strong>pa-</strong></span> 
     </span>
    </p>
   </div>
   <div class='ocr_carea' id='block_1_100' title="bbox 314 5380 1963 5460">
    <p class='ocr_par' dir='ltr' id='par_1_100' title="bbox 314 5380 1963 5460">
     <span class='ocr_line' id='line_1_100' title="bbox 314 5380 1963 5460; baseline 0.001 -16"><span class='ocrx_word' id='word_1_692' title='bbox 314 5388 424 5445; x_wconf 88' lang='lat' dir='ltr'><strong>lam</strong></span> <span class='ocrx_word' id='word_1_693' title='bbox 448 5386 718 5459; x_wconf 85' lang='lat' dir='ltr'><strong>intelligi,</strong></span> <span class='ocrx_word' id='word_1_694' title='bbox 752 5387 802 5445; x_wconf 90' lang='lat' dir='ltr'><strong>si</strong></span> <span class='ocrx_word' id='word_1_695' title='bbox 851 5388 998 5445; x_wconf 89' lang='lat' dir='ltr'><strong>fama</strong></span> <span class='ocrx_word' id='word_1_696' title='bbox 1046 5389 1202 5447; x_wconf 90' lang='lat' dir='ltr'><strong>votis</strong></span> <span class='ocrx_word' id='word_1_697' title='bbox 1254 5389 1572 5460; x_wconf 89' lang='lat' dir='ltr'><strong>annuisset,</strong></span> <span class='ocrx_word' id='word_1_698' title='bbox 1624 5388 1824 5447; x_wconf 88' lang='lat' dir='ltr'><strong>multis</strong></span> <span class='ocrx_word' id='word_1_699' title='bbox 1872 5380 1963 5445; x_wconf 82' lang='lat' dir='ltr'><strong>ee-</strong></span> 
     </span>
    </p>
   </div>
   <div class='ocr_carea' id='block_1_101' title="bbox 2073 4582 3717 4657">
    <p class='ocr_par' dir='ltr' id='par_1_101' title="bbox 2073 4582 3717 4657">
     <span class='ocr_line' id='line_1_101' title="bbox 2073 4582 3717 4657; baseline -0.001 -15"><span class='ocrx_word' id='word_1_700' title='bbox 2073 4585 2358 4657; x_wconf 88' lang='lat' dir='ltr'><strong>imprimis</strong></span> <span class='ocrx_word' id='word_1_701' title='bbox 2396 4582 2726 4641; x_wconf 88' lang='lat' dir='ltr'><strong>cardinales</strong></span> <span class='ocrx_word' id='word_1_702' title='bbox 2767 4583 3029 4655; x_wconf 86' lang='lat' dir='ltr'><strong>episcOpi</strong></span> <span class='ocrx_word' id='word_1_703' title='bbox 3064 4583 3510 4652; x_wconf 83' lang='lat' dir='ltr'><strong>diligentissima</strong></span> <span class='ocrx_word' id='word_1_704' title='bbox 3543 4585 3717 4643; x_wconf 90' lang='lat' dir='ltr'><strong>simul</strong></span> 
     </span>
    </p>
   </div>
   <div class='ocr_carea' id='block_1_102' title="bbox 2072 4672 3716 4739">
    <p class='ocr_par' dir='ltr' id='par_1_102' title="bbox 2072 4672 3716 4739">
     <span class='ocr_line' id='line_1_102' title="bbox 2072 4672 3716 4739; baseline -0.001 -7"><span class='ocrx_word' id='word_1_705' title='bbox 2072 4674 2542 4733; x_wconf 90' lang='lat' dir='ltr'><strong>consideratione</strong></span> <span class='ocrx_word' id='word_1_706' title='bbox 2574 4677 2919 4739; x_wconf 85' lang='lat' dir='ltr'><strong>tractantes,</strong></span> <span class='ocrx_word' id='word_1_707' title='bbox 2939 4688 3071 4728; x_wconf 86' lang='lat' dir='ltr'><strong>mox</strong></span> <span class='ocrx_word' id='word_1_708' title='bbox 3101 4672 3210 4729; x_wconf 91' lang='lat' dir='ltr'><strong>sibi</strong></span> <span class='ocrx_word' id='word_1_709' title='bbox 3243 4672 3495 4730; x_wconf 89' lang='lat' dir='ltr'><strong>clericos</strong></span> <span class='ocrx_word' id='word_1_710' title='bbox 3524 4674 3716 4732; x_wconf 88' lang='lat' dir='ltr'><strong>cardi-</strong></span> 
     </span>
    </p>
   </div>
   <div class='ocr_carea' id='block_1_103' title="bbox 2074 4760 3716 4835">
    <p class='ocr_par' dir='ltr' id='par_1_103' title="bbox 2074 4760 3716 4835">
     <span class='ocr_line' id='line_1_103' title="bbox 2074 4760 3716 4835; baseline 0 -15"><span class='ocrx_word' id='word_1_711' title='bbox 2074 4762 2237 4821; x_wconf 88' lang='lat' dir='ltr'><strong>nales</strong></span> <span class='ocrx_word' id='word_1_712' title='bbox 2270 4763 2604 4832; x_wconf 91' lang='lat' dir='ltr'><strong>adhibeant,</strong></span> <span class='ocrx_word' id='word_1_713' title='bbox 2631 4761 2831 4832; x_wconf 92' lang='lat' dir='ltr'><strong>sicque</strong></span> <span class='ocrx_word' id='word_1_714' title='bbox 2854 4761 3117 4832; x_wconf 91' lang='lat' dir='ltr'><strong>reliquus</strong></span> <span class='ocrx_word' id='word_1_715' title='bbox 3147 4760 3342 4819; x_wconf 90' lang='lat' dir='ltr'><strong>clerus</strong></span> <span class='ocrx_word' id='word_1_716' title='bbox 3372 4765 3428 4818; x_wconf 91' lang='lat' dir='ltr'><strong>et</strong></span> <span class='ocrx_word' id='word_1_717' title='bbox 3465 4761 3716 4835; x_wconf 90' lang='lat' dir='ltr'><strong>populus</strong></span> 
     </span>
    </p>
   </div>
   <div class='ocr_carea' id='block_1_104' title="bbox 2077 4850 3715 4921">
    <p class='ocr_par' dir='ltr' id='par_1_104' title="bbox 2077 4850 3715 4921">
     <span class='ocr_line' id='line_1_104' title="bbox 2077 4850 3715 4921; baseline -0.002 -10"><span class='ocrx_word' id='word_1_718' title='bbox 2077 4855 2146 4911; x_wconf 87' lang='lat' dir='ltr'><strong>ad</strong></span> <span class='ocrx_word' id='word_1_719' title='bbox 2166 4866 2514 4909; x_wconf 88' lang='lat' dir='ltr'><strong>consensum</strong></span> <span class='ocrx_word' id='word_1_720' title='bbox 2535 4865 2697 4908; x_wconf 74' lang='lat' dir='ltr'><strong>novae</strong></span> <span class='ocrx_word' id='word_1_721' title='bbox 2721 4850 3031 4907; x_wconf 89' lang='lat' dir='ltr'><strong>electionis</strong></span> <span class='ocrx_word' id='word_1_722' title='bbox 3052 4851 3424 4921; x_wconf 90' lang='lat' dir='ltr'><strong>accedant,ut</strong></span> <span class='ocrx_word' id='word_1_723' title='bbox 3446 4851 3715 4908; x_wconf 90' lang='lat' dir='ltr'><strong>nimirum</strong></span> 
     </span>
    </p>
   </div>
   <div class='ocr_carea' id='block_1_105' title="bbox 2073 4939 3713 5011">
    <p class='ocr_par' dir='ltr' id='par_1_105' title="bbox 2073 4939 3713 5011">
     <span class='ocr_line' id='line_1_105' title="bbox 2073 4939 3713 5011; baseline -0.002 -12"><span class='ocrx_word' id='word_1_724' title='bbox 2073 4956 2145 4999; x_wconf 89' lang='lat' dir='ltr'><strong>ne</strong></span> <span class='ocrx_word' id='word_1_725' title='bbox 2177 4941 2514 4998; x_wconf 89' lang='lat' dir='ltr'><strong>venalitatis</strong></span> <span class='ocrx_word' id='word_1_726' title='bbox 2536 4940 2773 4996; x_wconf 84' lang='lat' dir='ltr'><strong>morbus</strong></span> <span class='ocrx_word' id='word_1_727' title='bbox 2796 4940 3058 5010; x_wconf 90' lang='lat' dir='ltr'><strong>qualibet</strong></span> <span class='ocrx_word' id='word_1_728' title='bbox 3077 4939 3379 4997; x_wconf 89' lang='lat' dir='ltr'><strong>occasione</strong></span> <span class='ocrx_word' id='word_1_729' title='bbox 3404 4939 3713 5011; x_wconf 90' lang='lat' dir='ltr'><strong>subripiat,</strong></span> 
     </span>
    </p>
   </div>
   <div class='ocr_carea' id='block_1_106' title="bbox 2075 5027 3720 5102">
    <p class='ocr_par' dir='ltr' id='par_1_106' title="bbox 2075 5027 3720 5102">
     <span class='ocr_line' id='line_1_106' title="bbox 2075 5027 3720 5102; baseline -0.001 -14"><span class='ocrx_word' id='word_1_730' title='bbox 2075 5030 2329 5100; x_wconf 66' lang='lat' dir='ltr'><strong>religiosi</strong></span> <span class='ocrx_word' id='word_1_731' title='bbox 2354 5030 2460 5086; x_wconf 90' lang='lat' dir='ltr'><strong>viri</strong></span> <span class='ocrx_word' id='word_1_732' title='bbox 2486 5029 2791 5102; x_wconf 69' lang='lat' dir='ltr'><strong>praeduces</strong></span> <span class='ocrx_word' id='word_1_733' title='bbox 2816 5029 2931 5086; x_wconf 89' lang='lat' dir='ltr'><strong>sint</strong></span> <span class='ocrx_word' id='word_1_734' title='bbox 2950 5029 3005 5085; x_wconf 91' lang='lat' dir='ltr'><strong>in</strong></span> <span class='ocrx_word' id='word_1_735' title='bbox 3031 5028 3405 5101; x_wconf 90' lang='lat' dir='ltr'><strong>promovendi</strong></span> <span class='ocrx_word' id='word_1_736' title='bbox 3424 5027 3720 5101; x_wconf 84' lang='lat' dir='ltr'><strong>pontificis</strong></span> 
     </span>
    </p>
   </div>
   <div class='ocr_carea' id='block_1_107' title="bbox 2073 5118 3719 5189">
    <p class='ocr_par' dir='ltr' id='par_1_107' title="bbox 2073 5118 3719 5189">
     <span class='ocr_line' id='line_1_107' title="bbox 2073 5118 3719 5189; baseline -0.002 -10"><span class='ocrx_word' id='word_1_737' title='bbox 2073 5118 2840 5189; x_wconf 70' lang='lat' dir='ltr'><strong>aelectione,reliquiautem</strong></span> <span class='ocrx_word' id='word_1_738' title='bbox 2866 5132 3165 5189; x_wconf 89' lang='lat' dir='ltr'><strong>sequaces.</strong></span> <span class='ocrx_word' id='word_1_739' title='bbox 3211 5119 3280 5174; x_wconf 89' lang='lat' dir='ltr'><strong>Et</strong></span> <span class='ocrx_word' id='word_1_740' title='bbox 3318 5122 3479 5175; x_wconf 90' lang='lat' dir='ltr'><strong>certe</strong></span> <span class='ocrx_word' id='word_1_741' title='bbox 3517 5120 3719 5176; x_wconf 88' lang='lat' dir='ltr'><strong>rectus</strong></span> 
     </span>
    </p>
   </div>
   <div class='ocr_carea' id='block_1_108' title="bbox 2073 5206 3717 5282">
    <p class='ocr_par' dir='ltr' id='par_1_108' title="bbox 2073 5206 3717 5282">
     <span class='ocr_line' id='line_1_108' title="bbox 2073 5206 3717 5282; baseline -0.004 -14"><span class='ocrx_word' id='word_1_742' title='bbox 2073 5214 2247 5282; x_wconf 89' lang='lat' dir='ltr'><strong>atque</strong></span> <span class='ocrx_word' id='word_1_743' title='bbox 2270 5208 2567 5280; x_wconf 84' lang='lat' dir='ltr'><strong>legitimus</strong></span> <span class='ocrx_word' id='word_1_744' title='bbox 2591 5207 2684 5264; x_wconf 90' lang='lat' dir='ltr'><strong>hic</strong></span> <span class='ocrx_word' id='word_1_745' title='bbox 2707 5207 3027 5265; x_wconf 71' lang='lat' dir='ltr'><strong>aalectionis</strong></span> <span class='ocrx_word' id='word_1_746' title='bbox 3049 5207 3193 5264; x_wconf 91' lang='lat' dir='ltr'><strong>ordo</strong></span> <span class='ocrx_word' id='word_1_747' title='bbox 3218 5206 3624 5280; x_wconf 89' lang='lat' dir='ltr'><strong>perpenditur,</strong></span> <span class='ocrx_word' id='word_1_748' title='bbox 3647 5208 3717 5279; x_wconf 87' lang='lat' dir='ltr'><strong>si,</strong></span> 
     </span>
    </p>
   </div>
   <div class='ocr_carea' id='block_1_109' title="bbox 2073 5295 3716 5373">
    <p class='ocr_par' dir='ltr' id='par_1_109' title="bbox 2073 5295 3716 5373">
     <span class='ocr_line' id='line_1_109' title="bbox 2073 5295 3716 5373; baseline -0.002 -16"><span class='ocrx_word' id='word_1_749' title='bbox 2073 5299 2407 5373; x_wconf 78' lang='lat' dir='ltr'><strong>perSpectis</strong></span> <span class='ocrx_word' id='word_1_750' title='bbox 2444 5298 2806 5356; x_wconf 89' lang='lat' dir='ltr'><strong>diversorum</strong></span> <span class='ocrx_word' id='word_1_751' title='bbox 2840 5301 3068 5369; x_wconf 90' lang='lat' dir='ltr'><strong>patrum</strong></span> <span class='ocrx_word' id='word_1_752' title='bbox 3110 5295 3330 5369; x_wconf 88' lang='lat' dir='ltr'><strong>regulis</strong></span> <span class='ocrx_word' id='word_1_753' title='bbox 3364 5311 3468 5354; x_wconf 90' lang='lat' dir='ltr'><strong>seu</strong></span> <span class='ocrx_word' id='word_1_754' title='bbox 3506 5296 3716 5368; x_wconf 87' lang='lat' dir='ltr'><strong>gestis,</strong></span> 
     </span>
    </p>
   </div>
   <div class='ocr_carea' id='block_1_110' title="bbox 2073 5384 3722 5446">
    <p class='ocr_par' dir='ltr' id='par_1_110' title="bbox 2073 5384 3722 5446">
     <span class='ocr_line' id='line_1_110' title="bbox 2073 5384 3722 5446; baseline -0.001 0"><span class='ocrx_word' id='word_1_755' title='bbox 2073 5390 2250 5446; x_wconf 88' lang='lat' dir='ltr'><strong>etiam</strong></span> <span class='ocrx_word' id='word_1_756' title='bbox 2283 5387 2380 5445; x_wconf 88' lang='lat' dir='ltr'><strong>illa</strong></span> <span class='ocrx_word' id='word_1_757' title='bbox 2409 5387 2565 5446; x_wconf 89' lang='lat' dir='ltr'><strong>beati</strong></span> <span class='ocrx_word' id='word_1_758' title='bbox 2604 5386 2813 5444; x_wconf 88' lang='lat' dir='ltr'><strong>Leonis</strong></span> <span class='ocrx_word' id='word_1_759' title='bbox 2844 5384 3136 5444; x_wconf 90' lang='lat' dir='ltr'><strong>sententia</strong></span> <span class='ocrx_word' id='word_1_760' title='bbox 3180 5384 3494 5443; x_wconf 86' lang='lat' dir='ltr'><strong>recolatur.</strong></span> <span class='ocrx_word' id='word_1_761' title='bbox 3527 5384 3722 5446; x_wconf 79' lang='lat' dir='ltr'><strong>Nulla</strong></span> 
     </span>
    </p>
   </div>
   <div class='ocr_carea' id='block_1_111' title="bbox 1677 5476 2352 5545">
    <p class='ocr_par' dir='ltr' id='par_1_111' title="bbox 1677 5476 2352 5545">
     <span class='ocr_line' id='line_1_111' title="bbox 1677 5476 2352 5545; baseline -0.001 -2"><span class='ocrx_word' id='word_1_762' title='bbox 1677 5487 1910 5545; x_wconf 76' lang='lat' dir='ltr'><strong>VARLE</strong></span> <span class='ocrx_word' id='word_1_763' title='bbox 1953 5476 2352 5545; x_wconf 82' lang='lat' dir='ltr'><strong>LECTIONES.</strong></span> 
     </span>
    </p>
   </div>
   <div class='ocr_carea' id='block_1_112' title="bbox 1905 5633 2126 5689">
    <p class='ocr_par' dir='ltr' id='par_1_112' title="bbox 1905 5633 2126 5689">
     <span class='ocr_line' id='line_1_112' title="bbox 1905 5633 2126 5689; baseline 0 -2"><span class='ocrx_word' id='word_1_764' title='bbox 1905 5633 2126 5689; x_wconf 64' lang='lat' dir='ltr'><strong>NOTAE.</strong></span> 
     </span>
    </p>
   </div>
   <div class='ocr_carea' id='block_1_113' title="bbox 384 5556 1373 5633">
    <p class='ocr_par' dir='ltr' id='par_1_113' title="bbox 384 5556 1373 5633">
     <span class='ocr_line' id='line_1_113' title="bbox 384 5556 1373 5633; baseline -0.002 -15"><span class='ocrx_word' id='word_1_765' title='bbox 384 5556 451 5593; x_wconf 75' lang='grc'>³¹⁷</span> <span class='ocrx_word' id='word_1_766' title='bbox 478 5559 722 5632; x_wconf 71' lang='lat' dir='ltr'><strong>reliqua</strong></span> <span class='ocrx_word' id='word_1_767' title='bbox 736 5573 891 5633; x_wconf 70' lang='lat' dir='ltr'><strong>pars</strong></span> <span class='ocrx_word' id='word_1_768' title='bbox 906 5558 1156 5631; x_wconf 62' lang='lat' dir='ltr'><strong>paginae</strong></span> <span class='ocrx_word' id='word_1_769' title='bbox 1181 5560 1373 5616; x_wconf 56' lang='lat' dir='ltr'><strong>vacat.</strong></span> 
     </span>
    </p>
   </div>
   <div class='ocr_carea' id='block_1_114' title="bbox 387 5717 1950 5865">
    <p class='ocr_par' dir='ltr' id='par_1_114' title="bbox 387 5717 1950 5865">
     <span class='ocr_line' id='line_1_114' title="bbox 414 5717 1950 5792; baseline -0.002 -14"><span class='ocrx_word' id='word_1_770' title='bbox 414 5725 514 5778; x_wconf 88' lang='grc'>117</span> <span class='ocrx_word' id='word_1_771' title='bbox 574 5720 707 5778; x_wconf 74' lang='lat' dir='ltr'><strong>Haec</strong></span> <span class='ocrx_word' id='word_1_772' title='bbox 739 5717 919 5790; x_wconf 88' lang='lat' dir='ltr'><strong>igitur</strong></span> <span class='ocrx_word' id='word_1_773' title='bbox 952 5723 1086 5792; x_wconf 89' lang='lat' dir='ltr'><strong>post</strong></span> <span class='ocrx_word' id='word_1_774' title='bbox 1116 5734 1327 5776; x_wconf 91' lang='lat' dir='ltr'><strong>annum</strong></span> <span class='ocrx_word' id='word_1_775' title='bbox 1359 5723 1498 5777; x_wconf 84' lang='grc'>1096</span> <span class='ocrx_word' id='word_1_776' title='bbox 1528 5720 1749 5792; x_wconf 88' lang='lat' dir='ltr'><strong>scripta</strong></span> <span class='ocrx_word' id='word_1_777' title='bbox 1795 5725 1950 5776; x_wconf 88' lang='lat' dir='ltr'><strong>sunt.</strong></span> 
     </span>
     <span class='ocr_line' id='line_1_115' title="bbox 387 5721 1950 5865; baseline -0.001 -16"><span class='ocrx_word' id='word_1_778' title='bbox 387 5721 540 5865; x_wconf 45' lang='grc'>(118)</span> <span class='ocrx_word' id='word_1_779' title='bbox 577 5791 660 5847; x_wconf 81' lang='lat' dir='ltr'><strong>Cf.</strong></span> <span class='ocrx_word' id='word_1_780' title='bbox 696 5791 842 5848; x_wconf 83' lang='lat' dir='ltr'><strong>Mon.</strong></span> <span class='ocrx_word' id='word_1_781' title='bbox 879 5792 1067 5848; x_wconf 87' lang='lat' dir='ltr'><strong>Germ.</strong></span> <span class='ocrx_word' id='word_1_782' title='bbox 1104 5791 1276 5861; x_wconf 84' lang='lat' dir='ltr'><strong>Legg.</strong></span> <span class='ocrx_word' id='word_1_783' title='bbox 1309 5795 1352 5846; x_wconf 90' lang='lat' dir='ltr'><strong>t.</strong></span> <span class='ocrx_word' id='word_1_784' title='bbox 1390 5792 1457 5861; x_wconf 81' lang='lat' dir='ltr'><strong>li,</strong></span> <span class='ocrx_word' id='word_1_785' title='bbox 1488 5793 1547 5846; x_wconf 93' lang='lat' dir='ltr'><strong>B.</strong></span> <span class='ocrx_word' id='word_1_786' title='bbox 1583 5795 1707 5862; x_wconf 90' lang='grc'><strong>177,</strong></span> <span class='ocrx_word' id='word_1_787' title='bbox 1740 5794 1800 5846; x_wconf 87' lang='lat' dir='ltr'><strong>et</strong></span> <span class='ocrx_word' id='word_1_788' title='bbox 1832 5807 1950 5862; x_wconf 70' lang='lat' dir='ltr'><strong>qua;</strong></span> 
     </span>
    </p>
   </div>
   <div class='ocr_carea' id='block_1_115' title="bbox 577 5789 2325 5862">
    <p class='ocr_par' dir='ltr' id='par_1_115' title="bbox 577 5789 2325 5862">
     <span class='ocr_line' id='line_1_116' title="bbox 577 5789 2325 5862; baseline -0.003 -15"><span class='ocrx_word' id='word_1_789' title='bbox 577 5791 660 5847; x_wconf 81' lang='lat' dir='ltr'><strong>Cf.</strong></span> <span class='ocrx_word' id='word_1_790' title='bbox 696 5789 842 5848; x_wconf 83' lang='lat' dir='ltr'><strong>Mon.</strong></span> <span class='ocrx_word' id='word_1_791' title='bbox 879 5789 1067 5848; x_wconf 81' lang='lat' dir='ltr'><strong>Germ.</strong></span> <span class='ocrx_word' id='word_1_792' title='bbox 1104 5791 1276 5861; x_wconf 87' lang='lat' dir='ltr'><strong>Legg.</strong></span> <span class='ocrx_word' id='word_1_793' title='bbox 1309 5795 1352 5846; x_wconf 90' lang='lat' dir='ltr'><strong>t.</strong></span> <span class='ocrx_word' id='word_1_794' title='bbox 1390 5792 1457 5861; x_wconf 81' lang='lat' dir='ltr'><strong>li,</strong></span> <span class='ocrx_word' id='word_1_795' title='bbox 1488 5793 1547 5846; x_wconf 93' lang='lat' dir='ltr'><strong>B.</strong></span> <span class='ocrx_word' id='word_1_796' title='bbox 1583 5789 1707 5862; x_wconf 87' lang='grc'>177,</span> <span class='ocrx_word' id='word_1_797' title='bbox 1740 5794 1800 5846; x_wconf 87' lang='lat' dir='ltr'><strong>et</strong></span> <span class='ocrx_word' id='word_1_798' title='bbox 1832 5807 1961 5862; x_wconf 61' lang='lat' dir='ltr'><strong>qua;</strong></span> <span class='ocrx_word' id='word_1_799' title='bbox 1995 5791 2073 5847; x_wconf 88' lang='lat' dir='ltr'><strong>ibi</strong></span> <span class='ocrx_word' id='word_1_800' title='bbox 2108 5789 2325 5848; x_wconf 81' lang='lat' dir='ltr'><strong>notavi.</strong></span> 
     </span>
    </p>
   </div>
  </div>
