3922 6406
249 408 361 482 271

1212 419 1575 483 HUGONIS
1619 420 1969 485 ABBATIS
2013 411 2704 485 FLAVINIACENSIS

3540 420 3654 489 272

247 556 470 628 inquit,
491 555 652 612 ratio
669 555 908 613 sinit-ut
922 554 1082 612 inter
1102 554 1761 627 episcoposhabeantur,
1782 555 1891 628 qui
1923 561 1973 626 Α
2006 556 2062 611 in
2087 556 2486 613 tabernaculis
2510 556 2637 627 ejus
2669 572 2781 612 non
2816 557 2893 613 sit
2925 557 3023 627 qui
3053 557 3359 613 inhabitet.
3407 559 3573 617 Fiant
3596 564 3657 623 ﬁ-

255 660 358 702 nec
370 661 407 703 α
420 646 655 703 clericis
674 646 815 702 sunt
825 645 1030 713 electi,
1047 659 1152 702 nec
1173 658 1209 701 α
1225 645 1497 715 plebibus
1510 647 1892 718 expetitimec

249 752 285 793 α
299 734 890 807 comprovincialibus
906 735 1193 806 episcopis
1208 733 1651 806 metropolitani
1652 735 1891 806 judicio

252 825 597 882 consecrati.
632 824 776 889 Quia
815 838 953 879 vero
997 822 1169 879 sedes
1213 823 1536 894 apostolica
1569 824 1801 881 cunctis
1833 825 1887 880 in

252 915 392 970 orbe
416 919 704 968 terrarum
723 913 1035 984 praefertur
1052 910 1360 983 :ecclesiis,
1375 917 1549 983 atque
1566 913 1698 969 ideo
1713 928 1892 984 super

252 1018 314 1060 se
348 1002 861 1073 metropolitanum
892 1002 1106 1057 habere
1134 1016 1249 1058 non
1294 1009 1510 1073 potest,
1562 1003 1892 1059 cardinales

252 1092 511 1163 episcopi
540 1089 740 1162 procul
764 1089 1533 1161 dubiometropolitanivice
1552 1092 1890 1161 funguntur,

252 1180 346 1251 qui
361 1179 626 1236 relectum
644 1179 966 1235 antistitem
985 1178 1051 1234 ad
1070 1178 1660 1250 apostoliciculminis
1675 1179 1895 1251 apicem

254 1270 603 1340 provehunt.
638 1268 869 1337 Eligant
900 1271 1092 1323 autem
1128 1267 1199 1323 de
1241 1268 1425 1339 ipsius
1454 1268 1734 1325 aecclesize
1770 1282 1899 1339 grc-

258 1356 387 1426 mio,
422 1358 468 1413 si
504 1362 777 1429 repertus
810 1358 988 1413 fuerit
1021 1357 1285 1425 idoneus,
1319 1357 1411 1412 vel
1444 1358 1492 1413 si
1521 1356 1593 1413 de
1626 1357 1750 1429 ipsa
1784 1372 1894 1414 non

258 1445 569 1515 invenitur,
597 1461 670 1501 ex
694 1445 805 1502 alia
831 1451 1185 1515 assumatur,
1207 1444 1371 1502 salvo
1395 1446 1595 1502 debito
1612 1447 1829 1503 honore
1842 1451 1892 1501 et

259 1534 586 1591 reverentia
612 1534 811 1590 dilecti
837 1534 1021 1590 nostri
1047 1534 1147 1589 ﬁlii
1170 1534 1420 1605 lienrici,
1447 1535 1545 1605 qui
1570 1535 1904 1606 impraesen-

259 1624 469 1680 tiarum
506 1639 607 1680 rex
639 1624 909 1693 habetur,
945 1628 1005 1679 et
1039 1624 1269 1681 futurus
1293 1623 1609 1695 imperator
1632 1625 1748 1680 Deo
1771 1639 1904 1681 con-

257 1715 505 1770 cedente
539 1719 832 1786 speratur,
868 1716 1021 1770 sicut
1048 1713 1163 1782 jam
1216 1714 1326 1769 sibi
1378 1715 1792 1783 concessimus,
1846 1720 1901 1771 et

258 1818 667 1859 successorum
705 1802 879 1872 illius,
917 1803 1014 1872 qui
1040 1804 1112 1858 ab
1148 1803 1255 1857 hae
1279 1802 1596 1873 apostolica
1618 1804 1755 1859 sede
1780 1819 1907 1874 per-

2002 644 2061 699 lii
2097 645 2225 715 ejus
2256 645 2461 715 orfani,
2496 652 2555 700 et
2589 659 2798 700 uxores
2824 644 3031 715 mejus
3064 646 3277 703 vidua).
3322 649 3657 711 Commotus

2001 733 2504 803 amowaturipse,
2524 738 2582 788 et
2601 732 2940 803 iiliiejus,et
2964 734 3309 805 mendicent,
3334 740 3395 792 et
3425 739 3655 809 ejician-

1998 825 2097 875 tur
2121 821 2191 876 de
2217 821 2680 877 habitationibus
2706 822 2843 877 suis.
2864 824 3170 878 Scrutetur
3187 824 3502 883 l‘cenerator
3524 832 3657 886 sub-

2003 908 2281 964 stantiam
2314 910 2462 981 ejus,
2497 913 2553 964 et
2589 909 2821 965 deleant
2848 910 3016 965 alieni
3043 910 3276 967 labores
3300 914 3447 983 ejus.
3486 916 3655 976 Orbis

2005 1005 2293 1054 terrarum
2326 1002 2541 1069 pugnet
2571 1005 2777 1054 contra
2812 998 2992 1069 illum,
3026 1006 3086 1054 ct
3116 1007 3329 1056 cuncta
3367 1002 3651 1063 elementa

2006 1087 2120 1143 sint
2156 1086 2209 1141 ei
2240 1088 2559 1158 contraria,
2594 1094 2652 1143 et
2684 1088 2937 1143 omnium
2973 1094 3308 1145 sanctorum
3358 1093 3657 1161 quiescen-

2011 1176 2151 1231 tium
2186 1177 2389 1231 merita
2423 1177 2583 1233 illum
2614 1176 2992 1247 confundant,
3025 1182 3080 1232 et
3116 1178 3171 1233 in
3206 1179 3312 1235 hac
3334 1181 3451 1236 vita
3485 1197 3659 1254 super

2010 1279 2139 1319 eum
2155 1270 2416 1335 apertam
2432 1266 2749 1322 vindictam
2765 1267 3097 1321 ostendant.
3117 1267 3540 1327 Observatores
3565 1287 3658 1329 au-

2012 1358 2130 1409 tem
2171 1352 2346 1424 hujus
2386 1356 2574 1410 nostri
2618 1356 2839 1411 decreti
2882 1356 2977 1411 Dei
3019 1357 3435 1428 omnipotentis
3470 1361 3656 1429 gratia

2014 1446 2305 1513 protegat,
2323 1447 2379 1497 et
2397 1444 2753 1500 auctoritate
2769 1445 3072 1501 beatorum
3089 1446 3489 1516 apostolorum
3504 1449 3658 1504 Petri

2013 1535 2074 1586 et
2113 1530 2275 1587 Pauli
2319 1531 2391 1587 ab
2432 1533 2702 1588 omnibus
2742 1533 2991 1588 vinculis
3032 1534 3318 1589 absolvat.
3353 1536 3658 1594 Nicholaus

2018 1618 2340 1690 episcopus
2375 1626 2594 1676 sanctm
2628 1626 2687 1677 et
2715 1622 3050 1692 apostolicae
3083 1623 3354 1680 Romanae
3385 1626 3661 1684 :ecclesiaz

2016 1707 2151 1764 huic
2183 1710 2423 1765 decreto
2455 1725 2484 1765 a
2517 1711 2685 1767 nobis
2717 1711 3085 1781 promnlgato
3116 1713 3459 1785 subscripsi.
3485 1717 3661 1772 Bone-

2020 1795 2202 1852 facius
2225 1798 2572 1854 Albanensis
2595 1801 2911 1870 subscripsi
2939 1801 3294 1857 llumbertus
3314 1808 3532 1859 sanctae
3571 1818 3661 1860 ec-

259 1892 541 1947 sonaliter
575 1892 681 1947 hoc
709 1891 804 1961 jus
837 1868 1499 1962 impetraverint-Quod
1522 1892 1570 1947 si
1592 1868 1905 1962 pravorum
1943 1868 1986 1932 Β
2012 1883 2207 1941 οιθείίθ
2230 1886 2400 1942 Silvae
2425 1888 3054 1959 Candidzesubseripsi.
3086 1910 3112 1940 »
3139 1892 3347 1946 Petrus
3368 1892 3661 1949 Ostiensis

259 1984 435 2051 atque
469 1980 796 2051 iniquorum
831 1980 1125 2036 hominum
1158 1980 1234 2036 ita
1265 1980 1629 2051 perversitas
1652 1981 1907 2038 invaluc-

262 2069 356 2137 rit,
391 2072 452 2123 ut
487 2083 653 2138 pura,
687 2069 916 2124 sincera
952 2073 1126 2138 atque
1157 2069 1413 2137 gratuita
1444 2069 1674 2125 aaleetio
1700 2068 1820 2125 ﬁeri
1849 2069 1902 2124 in

260 2157 412 2212 Urbe
442 2172 553 2212 non
583 2158 790 2228 possit,
821 2157 1151 2213 cardinales
1171 2158 1433 2229 episcopi
1458 2173 1587 2215 cum
1613 2157 1906 2227 religiosis

259 2245 495 2300 clericis
518 2246 945 2317 catholicisque
970 2246 1170 2316 laycis,
1202 2246 1337 2301 licet
1363 2248 1583 2317 paucis,
1605 2247 1701 2317 jus
1725 2251 1908 2318 potes

265 2335 400 2389 tatis
427 2334 729 2391 obtineant
761 2335 978 2404 eligere
1005 2335 1349 2406 apostolica:
1374 2336 1533 2391 sedis
1555 2336 1904 2407 antistitem,

262 2423 356 2478 ubi
379 2424 1234 2493 congruentiusjudicaverint.
1265 2425 1441 2480 Plane
1466 2431 1772 2497 postquam
1796 2426 1909 2481 cle-

258 2512 375 2567 etio
402 2512 575 2567 fuerit
603 2514 771 2582 facta,
801 2513 847 2568 si
868 2512 1411 2584 bellicatempestas
1434 2514 1526 2569 vel
1560 2513 1911 2584 qualiscum-

266 2615 375 2670 que
399 2600 692 2657 hominum
720 2602 1367 2671 conatusmalignitatis
1383 2604 1581 2660 studio
1598 2604 1906 2673 restiterit,

266 2694 325 2744 ut
353 2690 399 2745 is
424 2690 521 2759 qui
547 2691 775 2747 electus
792 2697 881 2746 est
908 2692 961 2745 in
987 2691 1306 2761 apostolica
1329 2692 1647 2761 sedejuxta
1668 2706 1914 2748 consue-

265 2777 523 2834 tudinem
551 2780 892 2835 intronizari
916 2795 1029 2835 non
1055 2780 1267 2850 valeat,
1295 2779 1523 2837 electus
1550 2786 1736 2836 tamen
1760 2782 1911 2836 sicut

264 2880 407 2936 papa
442 2867 665 2921 auctori
679 2873 853 2923 tatem
887 2868 1152 2938 optineat
1177 2868 1415 2937 regendi
1432 2874 1692 2925 sanctam
1713 2870 1915 2925 Roma-

271 2970 397 3009 nam
432 2955 779 3022 zecelesiam,
814 2960 872 3011 et
906 2956 1255 3026 disponendi
1288 2972 1487 3013 omnes
1518 2956 1829 3014 facultates
1852 2957 1915 3013 il-

266 3042 409 3105 lius;
431 3044 584 3114 quod
614 3045 844 3100 beatum
860 3044 1202 3113 Gregorium
1217 3049 1352 3100 ante
1367 3044 1731 3102 zelectionem
1751 3062 1913 3103 suam

264 3132 468 3187 fecisse
486 3147 651 3201 cogn.
679 3132 911 3187 scimus.
943 3132 1105 3199 Quod
1132 3134 1177 3188 si
1206 3134 1336 3203 quis
1359 3139 1566 3190 contra
1591 3134 1699 3191 hoc
1716 3135 1914 3192 decre-

263 3227 382 3275 tum
415 3226 679 3277 nostrum
715 3222 979 3293 synodali
1013 3222 1301 3277 sententia
1334 3223 1767 3294 promulgatum
1808 3239 1914 3296 per

260 3308 605 3365 seditionem
638 3311 730 3366 vel
762 3312 1277 3382 praesumptionem
1303 3316 1401 3367 aut
1429 3312 1733 3382 quodlibet
1759 3314 1916 3383 inge-

264 3397 417 3452 nium
443 3396 706 3467 aelectus,
735 3403 834 3454 aut
858 3399 1035 3454 etiam
1064 3398 1373 3455 ordinatus
1398 3415 1499 3456 seu
1523 3401 1917 3459 intronizatus

263 3485 460 3556 fuerit,
492 3488 850 3543 auctoritate
870 3488 1065 3543 divina
1090 3489 1913 3560 etsanctornmapostolorum

260 3574 417 3629 Petri
442 3582 498 3630 ei.
523 3576 682 3631 Pauli
710 3582 999 3646 perpetuo
1024 3577 1393 3633 anathemate
1419 3593 1548 3633 cum
1577 3579 1700 3635 suis
1720 3583 1917 3635 aucto-

263 3664 442 3731 ribus,
481 3663 826 3734 factoribus,
873 3666 1246 3735 sequacibus,
1280 3680 1309 3721 a
1351 3665 1649 3723 liminibus
1698 3672 1915 3725 sanctas

262 3752 356 3805 Dei
375 3752 655 3807 zecclesize
673 3758 981 3822 separatus
997 3753 1342 3822 subjiciatur
1357 3754 1509 3811 sicut
1525 3755 1913 3813 antichristus

263 3844 321 3893 et
354 3839 591 3895 invasor
621 3846 797 3910 atque
829 3842 1167 3897 destructor
1200 3842 1380 3898 totius
1430 3844 1910 3915 Christianitatis,

263 3942 367 3983 nec
400 3926 593 3997 aliqua
629 3944 804 3999 snper
838 3930 947 3984 hoc
977 3930 1275 3985 audientia
1304 3931 1618 4002 aliquando
1648 3933 1701 3989 ei
1726 3948 1914 3990 reser-

265 4021 457 4083 vetur,
489 4016 587 4071 sed
610 4017 681 4071 ab
705 4019 857 4071 omni
884 4016 1308 4074 {ecclesiastico
1329 4020 1536 4091 gradu,
1564 4021 1615 4075 in
1642 4036 1915 4092 quocum-

263 4120 374 4175 que
408 4105 571 4174 prius
605 4105 816 4177 fuerat,
850 4108 975 4162 sine
1011 4108 1368 4164 retractione
1410 4108 1755 4181 deponatur.
1810 4113 1913 4168 Cui

267 4194 533 4263 quisquis
568 4194 888 4266 adheserit,
943 4196 1033 4252 vel
1087 4197 1569 4269 qualemcumque
1618 4204 1911 4271 tamquam

266 4283 529 4352 pontiﬁci
566 4284 956 4341 reverentiam
990 4285 1342 4356 exhibuerit,
1370 4295 1467 4343 aut
1494 4288 1546 4343 in
1569 4288 1763 4360 aliquo
1781 4305 1911 4348 eum

267 4372 583 4428 defendere
616 4374 1081 4446 praesumpserit,
1119 4376 1245 4447 pari
1274 4378 1565 4433 sententia
1599 4378 1676 4433 sit
1700 4380 1916 4435 manci-

270 4465 462 4531 patus.
501 4461 638 4530 (Fel.
674 4464 788 4534 95.)
822 4463 1099 4535 Quisquis
1130 4469 1321 4521 autem
1366 4465 1537 4535 hujus
1585 4468 1772 4523 nostri
1823 4468 1919 4524 de-

265 4552 413 4606 creti
481 4550 572 4607 vel
627 4553 936 4609 sententiae
996 4558 1318 4609 temerator
1360 4555 1647 4627 extiterit,
1700 4561 1760 4612 et
1808 4558 1920 4613 Ro-

279 4654 365 4694 ma
380 4654 507 4694 nam
532 4640 859 4697 aecclesiam
885 4654 988 4697 sua
1011 4643 1464 4713 praesumptione
1486 4645 1839 4701 confundere
1859 4651 1920 4702 et

269 4732 620 4798 perturbare
687 4734 891 4786 contra
960 4730 1066 4786 hoc
1144 4735 1431 4788 statutum
1508 4736 1916 4805 temptaverit,

266 4822 559 4888 perpetuo
617 4818 987 4875 anathemate
1065 4823 1241 4890 atque
1317 4822 1916 4881 excommunicatione

264 4907 633 4977 dampnetur,
666 4912 883 4963 etcum
919 4907 1111 4978 impiis
1147 4908 1377 4979 quando
1412 4916 1718 4980 resurgcnt
1753 4912 1806 4967 in
1831 4912 1921 4982 ju-

264 4992 416 5050 dicio
451 5000 781 5065 reputetur.
811 4996 1243 5067 Omnipotentis
1269 4998 1496 5055 scilicet
1522 5000 1620 5055 Dei
1644 5002 1837 5057 Patris
1858 5006 1916 5058 et

267 5081 391 5136 Filii
417 5086 477 5137 et
502 5083 756 5153 Spiritus
782 5084 969 5141 sancti
996 5090 1199 5141 contra
1226 5086 1446 5141 seiram
1463 5089 1701 5159 sentiat,
1719 5094 1777 5146 et
1792 5105 1920 5147 sen-

268 5174 497 5226 ctorum
532 5172 935 5242 apostolorum
962 5174 1117 5230 Petri
1143 5179 1200 5230 et
1223 5176 1409 5245 Pauli,
1431 5191 1677 5246 quorum
1701 5194 1922 5249 pracsu-

265 5258 439 5314 sumit
472 5261 831 5317 confundere
862 5263 1211 5333 :ccelesiam,
1252 5263 1308 5318 in
1333 5262 1441 5319 hac
1461 5264 1578 5320 vita
1603 5270 1659 5321 et
1687 5266 1741 5322 in
1769 5267 1920 5323 futu-

263 5362 325 5403 ra
358 5347 614 5404 furorem
648 5351 925 5421 reperiat,
961 5352 1057 5409 ﬁat
1093 5351 1378 5410 habitatio
1406 5352 1532 5420 ejus
1564 5352 1820 5425 deserta,
1854 5360 1912 5410 et

2017 1973 2330 2045 episcopus
2362 1976 2689 2047 subscripsi
2721 1982 2781 2031 et
2813 1978 3014 2033 cmteri
3042 1979 3303 2051 episcopi
3331 1996 3568 2037 numero
3597 1986 3663 2038 76

2018 2076 2145 2118 cum
2173 2064 2519 2135 presbiteris
2540 2069 2597 2120 ct
2621 2066 2965 2122 diacombus
2984 2068 3481 2139 subscripserunt.

2090 2154 2268 2207 Item:
2308 2172 2334 2204 «
2370 2154 2686 2210 Nieholaus
2735 2155 3075 2227 epiSCOpus,
3121 2172 3327 2214 servus
3365 2174 3662 2217 servorum

2017 2240 2137 2308 Dei,
2175 2242 2445 2297 omnibus
2478 2242 2951 2314 archiepisc0pis,
2985 2244 3294 2316 episcopis,
3331 2247 3661 2319 abbatibus,

2017 2329 2253 2386 clericis
2275 2337 2331 2385 ct
2355 2330 2535 2400 layeis
2554 2331 2845 2401 ﬁdelibus,
2872 2337 2989 2387 tam
3013 2334 3335 2402 majoribus
3367 2350 3537 2405 quam
3568 2337 3665 2392 mi-

2020 2419 2263 2474 noribus
2297 2434 2398 2489 per
2440 2434 2642 2474 omnes
2675 2420 2892 2475 Gallias
2933 2424 3450 2495 eommorantibus,
3496 2424 3665 2481 immo

2022 2507 2407 2577 Aquitanicis,
2452 2509 2835 2564 Wasconibus
2882 2509 3128 2565 salutem
3181 2516 3237 2566 et
3285 2513 3663 2583 apostolicam

2026 2595 2489 2651 benedictionem
2508 2598 2552 2667 (Ι
2574 2601 2654 2667 l9)
2672 2597 3055 2668 .Quicumque
3080 2600 3369 2669 sacerdos,
3386 2602 3667 2659 diaconus

2023 2688 2079 2739 et
2099 2685 2494 2740 subdiaconus
2512 2692 2642 2756 post
2657 2686 2992 2742 institutum
3012 2688 3196 2744 beatae
3214 2691 3505 2747 memoriae
3532 2707 3671 2762 pras-

2025 2773 2354 2829 deeessoris
2389 2774 2574 2829 nostri
2604 2775 2807 2830 Leonis
2830 2790 2992 2846 papa:
3026 2776 3095 2830 de
3119 2778 3396 2833 castitate
3427 2777 3670 2835 clerico-

2026 2876 2150 2915 rum
2179 2861 2561 2916 concubinam
2598 2861 2783 2933 palam
2817 2863 3003 2933 duxit,
3036 2864 3125 2919 vel
3159 2864 3394 2921 ductam
3427 2882 3540 2923 non
3585 2882 3669 2923 re-

2026 2948 2217 3018 liquit,
2244 2964 2312 3005 ex
2338 2955 2503 3021 parte
2527 2951 2623 3005 Dei
2650 2951 3069 3021 omnipotentis
3092 2954 3447 3010 auctoritate
3473 2955 3667 3013 beato-

2025 3052 2150 3090 rum
2176 3039 2578 3107 apostolorum
2603 3040 2759 3094 Pctri
2782 3045 2841 3095 et
2866 3040 3027 3096 Pauli
3056 3042 3446 3114 praecipimus,
3470 3047 3528 3099 et
3553 3060 3667 3100 om-

2027 3125 2163 3181 nino
2197 3126 2673 3195 contradicimus,
2709 3133 2771 3184 ut
2805 3129 3035 3185 missam
3076 3146 3189 3186 non
3228 3137 3444 3203 cantet,
3480 3148 3665 3204 neque

2027 3215 2391 3284 evangelium
2424 3221 2521 3272 aut
2556 3217 2864 3288 epistolam
2896 3220 2967 3274 ad
3001 3220 3235 3276 missam
3270 3220 3444 3293 legat,
3480 3237 3663 3294 neque

2026 3303 2080 3357 in
2108 3303 2462 3373 prcshiterio
2488 3304 2556 3358 ad
2582 3304 2771 3359 divina
2796 3306 2979 3361 ofﬁcia
3003 3323 3131 3363 cum
3158 3308 3248 3363 his
3282 3309 3376 3379 qui
3410 3310 3663 3380 praefatae

2027 3391 2435 3447 constitutioni
2460 3393 2802 3449 obcdientes
2828 3395 3042 3451 fuerint
3065 3403 3312 3467 maneat,
3339 3413 3525 3468 neque
3543 3413 3665 3470 par-

2026 3486 2142 3535 tem
2166 3482 2238 3536 ab
2262 3481 2529 3537 :eeelesia
2556 3483 2821 3554 recipiat,
2843 3499 3143 3555 quousque
3168 3500 3197 3541 a
3235 3487 3402 3542 nobis
3441 3493 3665 3543 senten-

2028 3571 2104 3625 tia
2132 3585 2310 3641 super
2331 3570 2683 3641 hujusmodi,
2708 3573 2823 3628 Deo
2851 3575 3234 3645 concedente,
3266 3576 3565 3646 procedat.
3599 3577 3661 3632 Et

2027 3658 2437 3730 praecipientes
2476 3661 2791 3717 statuimus
2831 3666 2891 3717 ut
2935 3662 3011 3717 hii
3047 3663 3459 3733 praedictorum
3512 3664 3662 3721 ordi-

2027 3762 2181 3815 num,
2209 3748 2304 3818 qui
2328 3748 2513 3803 eidem
2532 3749 2950 3820 prmdecessori
2966 3757 3170 3807 nostro
3186 3752 3530 3809 obedientes
3544 3754 3666 3823 ejus

2028 3836 2363 3892 institutum
2380 3838 2940 3908 servaverint,juxta
2957 3840 3238 3897 ecclesias
3272 3842 3483 3911 quibus
3516 3842 3665 3897 ordi-

2027 3925 2146 3979 nati
2179 3930 2335 3995 sunt,
2370 3925 2522 3981 sicut
2562 3931 2799 3997 Oportet
2844 3928 3147 3997 religiosos
3187 3929 3455 4001 clericos,
3497 3929 3659 3987 simul

2029 4014 2379 4069 manducent
2411 4019 2470 4069 et
2503 4014 2812 4087 dormiant,
2848 4022 2907 4071 et
2938 4017 3222 4088 quidquid
3268 4020 3341 4074 ab
3380 4018 3663 4076 zecclesiis

2027 4104 2306 4174 competit
2338 4106 2727 4159 communiter
2758 4106 3027 4162 habeant.
3064 4130 3089 4154 ιι
3518 4094 3533 4105 ’

2100 4195 2281 4263 (1060)
2316 4195 2475 4249 Hunc
2511 4194 2688 4262 igitur
2718 4195 3016 4252 Nicolaum
3051 4211 3253 4267 papam
3295 4197 3495 4253 adiens
3541 4199 3663 4254 Wa-

2028 4280 2305 4337 lerannus
2330 4282 2511 4337 abbas
2531 4283 2727 4337 Sancti
2752 4284 2965 4353 Vitoni,
3001 4284 3357 4354 querimonia
3393 4285 3541 4341 facta
3573 4301 3661 4341 su-

2026 4386 2127 4443 per
2150 4371 2362 4427 comite
2387 4372 2704 4427 Rutenensi
2727 4388 2830 4443 pro
2848 4373 3040 4429 fundis
3063 4373 3329 4430 ecclesiae
3349 4373 3661 4431 Virdunen-

2028 4460 2110 4515 sis
2143 4460 2275 4515 sitis
2309 4461 2363 4516 in
2394 4462 2673 4518 comitatu
2708 4462 3021 4517 Rutenensi
3055 4478 3200 4532 quos
3230 4464 3432 4518 sancto
3460 4463 3664 4518 Vitono

2029 4551 2354 4621 auferebat,
2387 4551 2443 4607 id
2471 4557 2560 4608 est
2592 4551 3014 4607 Maderniacum
3038 4550 3397 4608 Puliniacum
3420 4555 3479 4607 et
3502 4551 3659 4622 alios,

2027 4640 2284 4711 Optinuit
2308 4640 2539 4698 litteras
2563 4642 2634 4697 ab
2652 4656 2719 4698 eo
2742 4641 2949 4697 missas
2967 4642 3211 4712 praefato
3231 4636 3430 4697 comiti
3462 4640 3519 4695 in
3549 4640 3664 4698 haec

2032 4731 2243 4786 verba:
2284 4754 2308 4778 «ι
2333 4730 2608 4787 Nicolaus
2637 4730 2968 4801 episcopus,
2995 4744 3203 4786 servus
3225 4744 3525 4786 servorum
3548 4729 3660 4799 Dei,

2030 4820 2091 4874 Β.
2115 4820 2435 4875 Rutencnsi
2459 4820 2659 4875 comiti
2683 4819 2896 4875 dilecto
2924 4818 3042 4874 ﬁlio
3059 4818 3307 4875 salutem
3342 4823 3403 4874 et
3436 4821 3663 4890 aposto-

2030 4909 2199 4965 licam
2234 4909 2698 4965 benedictionem
2729 4910 2896 4979 (120).
2921 4910 3347 4978 Cognoscentes
3377 4909 3459 4964 tui
3494 4908 3660 4964 animi

2029 4998 2416 5069 propositum,
2452 5004 2508 5052 et
2546 4999 2696 5073 quod
2729 5003 2969 5070 prepter
3000 5012 3239 5068 regnum
3270 4998 3365 5054 Dei
3406 5002 3462 5053 et
3493 4996 3664 5069 justi-

2032 5087 2169 5141 tiam
2193 5085 2319 5155 rjus
2339 5085 2596 5143 volueris
2620 5087 2962 5143 renunciare
2984 5087 3295 5158 temporali
3319 5086 3553 5155 fastigio
3584 5100 3662 5142 se-

2028 5174 2315 5231 cularium
2341 5176 2811 5246 occupationum,
2832 5176 3197 5232 conﬁdenter
3223 5175 3330 5231 tibi
3362 5174 3661 5232 denuncia-

2029 5280 2177 5334 mus,
2205 5269 2266 5320 ut
2286 5295 2353 5304 —
2376 5265 2693 5321 secundum
2715 5266 2866 5336 quod
2894 5264 2999 5320 tibi
3024 5263 3378 5321 iniunximus
3409 5278 3537 5320 cum
3566 5276 3661 5318 ore

2028 5354 2099 5410 ad
2129 5369 2193 5411 os
2223 5353 2595 5426 loqueremur
2624 5385 2693 5396 —
2741 5354 3025 5412 :ecclesiis
3063 5353 3162 5433 Dei
3209 5358 3269 5411 et
3314 5352 3661 5425 pauperibus

1634 5476 1869 5534 VARLE
1912 5477 2309 5536 LECTIONES.

1855 5621 1900 5676 Ν
1906 5621 2078 5679 ΟΤίΕ.

331 5541 398 5574 ³1⁵
432 5544 498 5599 [τ.
529 5560 579 5599 e.
618 5558 671 5599 υ.
707 5560 753 5603 c.

334 5710 481 5779 ([19)
512 5712 592 5768 CI‘.
628 5713 804 5769 Mansi
845 5718 882 5769 t.
921 5713 1056 5777 XIX,
1088 5732 1137 5772 e.
1172 5720 1295 5773 873.

2089 5720 2235 5789 (120)
2269 5718 2445 5775 Mansi
2483 5725 2520 5773 t.
2555 5720 2689 5790 XIX,
2726 5734 2756 5775 c
2784 5724 2888 5775 87!.
