  <div class='ocr_page' id='page_1' title='image "/cluster/home/n/w/nwhite01/storage/ocr_20150623/153-154/uc1.31175019678096/729.png"; bbox 0 0 3922 6398; ppageno 0'>
   <div class='ocr_carea' id='block_1_1' title="bbox 190 462 310 528">
    <p class='ocr_par' dir='ltr' id='par_1_1' title="bbox 190 462 310 528">
     <span class='ocr_line' id='line_1_1' title="bbox 190 462 310 528; baseline 0 -1"><span class='ocrx_word' id='word_1_1' title='bbox 190 462 310 528; x_wconf 71' lang='lat'><strong>275</strong></span> 
     </span>
    </p>
   </div>
   <div class='ocr_carea' id='block_1_2' title="bbox 1163 464 2642 533">
    <p class='ocr_par' dir='ltr' id='par_1_2' title="bbox 1163 464 2642 533">
     <span class='ocr_line' id='line_1_2' title="bbox 1163 464 2642 533; baseline -0.002 0"><span class='ocrx_word' id='word_1_2' title='bbox 1163 467 1527 533; x_wconf 87' lang='lat' dir='ltr'>HUGONIS</span> <span class='ocrx_word' id='word_1_3' title='bbox 1568 465 1918 530; x_wconf 86' lang='lat' dir='ltr'>ABBATIS</span> <span class='ocrx_word' id='word_1_4' title='bbox 1959 464 2642 533; x_wconf 84' lang='lat' dir='ltr'>FLAVINIACENSIS</span> 
     </span>
    </p>
   </div>
   <div class='ocr_carea' id='block_1_3' title="bbox 3482 466 3603 529">
    <p class='ocr_par' dir='ltr' id='par_1_3' title="bbox 3482 466 3603 529">
     <span class='ocr_line' id='line_1_3' title="bbox 3482 466 3603 529; baseline 0.008 -1"><span class='ocrx_word' id='word_1_5' title='bbox 3482 466 3603 529; x_wconf 79' lang='lat'>2‘76</span> 
     </span>
    </p>
   </div>
   <div class='ocr_carea' id='block_1_4' title="bbox 198 601 3601 679">
    <p class='ocr_par' dir='ltr' id='par_1_4' title="bbox 198 601 3601 679">
     <span class='ocr_line' id='line_1_4' title="bbox 198 601 3601 679; baseline 0.001 -21"><span class='ocrx_word' id='word_1_6' title='bbox 198 601 291 660; x_wconf 89' lang='lat' dir='ltr'>dis</span> <span class='ocrx_word' id='word_1_7' title='bbox 320 601 704 677; x_wconf 84' lang='lat' dir='ltr'>applauderet</span> <span class='ocrx_word' id='word_1_8' title='bbox 735 603 803 639; x_wconf 80' lang='grc'>³²³</span> <span class='ocrx_word' id='word_1_9' title='bbox 825 603 1117 677; x_wconf 69' lang='grc' dir='ltr'>ωοριρείθ,</span> <span class='ocrx_word' id='word_1_10' title='bbox 1143 609 1199 663; x_wconf 92' lang='lat' dir='ltr'>et</span> <span class='ocrx_word' id='word_1_11' title='bbox 1225 604 1519 679; x_wconf 59' lang='lat' dir='ltr'>praecipue</span> <span class='ocrx_word' id='word_1_12' title='bbox 1538 601 1603 637; x_wconf 67' lang='lat'><strong>3&quot;</strong></span> <span class='ocrx_word' id='word_1_13' title='bbox 1635 616 1698 660; x_wconf 92' lang='lat' dir='ltr'>se</span> <span class='ocrx_word' id='word_1_14' title='bbox 1731 601 1836 661; x_wconf 85' lang='lat' dir='ltr'>tali</span> <span class='ocrx_word' id='word_1_15' title='bbox 1871 601 1927 664; x_wconf 87' lang='lat' dir='ltr'><strong>A</strong></span> <span class='ocrx_word' id='word_1_16' title='bbox 1957 607 2262 673; x_wconf 82' lang='lat' dir='ltr'>gratanter</span> <span class='ocrx_word' id='word_1_17' title='bbox 2284 602 2606 675; x_wconf 86' lang='lat' dir='ltr'>jussionem</span> <span class='ocrx_word' id='word_1_18' title='bbox 2639 602 2766 677; x_wconf 87' lang='lat' dir='ltr'>ejus</span> <span class='ocrx_word' id='word_1_19' title='bbox 2795 603 3182 677; x_wconf 79' lang='lat' dir='ltr'>susciperent,</span> <span class='ocrx_word' id='word_1_20' title='bbox 3209 605 3268 661; x_wconf 92' lang='lat' dir='ltr'>et</span> <span class='ocrx_word' id='word_1_21' title='bbox 3290 601 3601 662; x_wconf 89' lang='lat' dir='ltr'>obedirent</span> 
     </span>
    </p>
   </div>
   <div class='ocr_carea' id='block_1_5' title="bbox 202 693 1838 766">
    <p class='ocr_par' dir='ltr' id='par_1_5' title="bbox 202 693 1838 766">
     <span class='ocr_line' id='line_1_5' title="bbox 202 693 1838 766; baseline 0 -18"><span class='ocrx_word' id='word_1_22' title='bbox 202 698 432 750; x_wconf 88' lang='lat' dir='ltr'>rectore</span> <span class='ocrx_word' id='word_1_23' title='bbox 464 693 812 766; x_wconf 87' lang='lat' dir='ltr'>epitulatam</span> <span class='ocrx_word' id='word_1_24' title='bbox 832 711 962 752; x_wconf 90' lang='lat' dir='ltr'>esse</span> <span class='ocrx_word' id='word_1_25' title='bbox 978 694 1045 729; x_wconf 72' lang='grc'>³³³</span> <span class='ocrx_word' id='word_1_26' title='bbox 1061 694 1482 766; x_wconf 81' lang='lat' dir='ltr'>gratularetur,</span> <span class='ocrx_word' id='word_1_27' title='bbox 1501 693 1731 764; x_wconf 82' lang='lat' dir='ltr'>legatus</span> <span class='ocrx_word' id='word_1_28' title='bbox 1743 707 1838 765; x_wconf 91' lang='lat' dir='ltr'>pa-</span> 
     </span>
    </p>
   </div>
   <div class='ocr_carea' id='block_1_6' title="bbox 200 781 1838 856">
    <p class='ocr_par' dir='ltr' id='par_1_6' title="bbox 200 781 1838 856">
     <span class='ocr_line' id='line_1_6' title="bbox 200 781 1838 856; baseline 0.002 -20"><span class='ocrx_word' id='word_1_29' title='bbox 200 798 286 852; x_wconf 70' lang='lat' dir='ltr'>pze</span> <span class='ocrx_word' id='word_1_30' title='bbox 317 781 384 815; x_wconf 73' lang='grc'>³³⁸</span> <span class='ocrx_word' id='word_1_31' title='bbox 411 787 603 839; x_wconf 90' lang='lat' dir='ltr'>mente</span> <span class='ocrx_word' id='word_1_32' title='bbox 636 798 877 855; x_wconf 89' lang='lat' dir='ltr'>presaga</span> <span class='ocrx_word' id='word_1_33' title='bbox 902 785 1173 856; x_wconf 77' lang='lat' dir='ltr'>quiddam</span> <span class='ocrx_word' id='word_1_34' title='bbox 1192 784 1399 842; x_wconf 89' lang='lat' dir='ltr'>mirum</span> <span class='ocrx_word' id='word_1_35' title='bbox 1424 783 1490 818; x_wconf 70' lang='grc'>³³⁷</span> <span class='ocrx_word' id='word_1_36' title='bbox 1515 785 1567 840; x_wconf 93' lang='lat' dir='ltr'>in</span> <span class='ocrx_word' id='word_1_37' title='bbox 1594 798 1661 841; x_wconf 93' lang='lat' dir='ltr'>eo</span> <span class='ocrx_word' id='word_1_38' title='bbox 1695 798 1838 854; x_wconf 70' lang='lat' dir='ltr'>prae-</span> 
     </span>
    </p>
   </div>
   <div class='ocr_carea' id='block_1_7' title="bbox 199 871 1845 947">
    <p class='ocr_par' dir='ltr' id='par_1_7' title="bbox 199 871 1845 947">
     <span class='ocr_line' id='line_1_7' title="bbox 199 871 1845 947; baseline 0.004 -24"><span class='ocrx_word' id='word_1_39' title='bbox 199 871 401 930; x_wconf 88' lang='lat' dir='ltr'>videns</span> <span class='ocrx_word' id='word_1_40' title='bbox 420 892 440 928; x_wconf 88' lang='lat'><strong><em>:</em></strong></span> <span class='ocrx_word' id='word_1_41' title='bbox 462 874 641 931; x_wconf 74' lang='lat' dir='ltr'>Huic.</span> <span class='ocrx_word' id='word_1_42' title='bbox 672 874 859 945; x_wconf 89' lang='lat' dir='ltr'>inqu.t</span> <span class='ocrx_word' id='word_1_43' title='bbox 884 872 971 942; x_wconf 62' lang='grc' dir='ltr'>δη,</span> <span class='ocrx_word' id='word_1_44' title='bbox 997 874 1233 933; x_wconf 75' lang='lat' dir='ltr'>civitati</span> <span class='ocrx_word' id='word_1_45' title='bbox 1256 875 1463 946; x_wconf 77' lang='lat' dir='ltr'>pastor</span> <span class='ocrx_word' id='word_1_46' title='bbox 1492 875 1734 947; x_wconf 69' lang='lat' dir='ltr'>quidem</span> <span class='ocrx_word' id='word_1_47' title='bbox 1754 873 1845 931; x_wconf 76' lang='lat' dir='ltr'>est</span> 
     </span>
    </p>
   </div>
   <div class='ocr_carea' id='block_1_8' title="bbox 199 960 1841 1035">
    <p class='ocr_par' dir='ltr' id='par_1_8' title="bbox 199 960 1841 1035">
     <span class='ocr_line' id='line_1_8' title="bbox 199 960 1841 1035; baseline 0.001 -16"><span class='ocrx_word' id='word_1_48' title='bbox 199 960 284 1031; x_wconf 62' lang='lat'>8”,</span> <span class='ocrx_word' id='word_1_49' title='bbox 320 963 539 1021; x_wconf 74' lang='lat' dir='ltr'>electus</span> <span class='ocrx_word' id='word_1_50' title='bbox 558 963 618 1020; x_wconf 84' lang='lat' dir='ltr'>et</span> <span class='ocrx_word' id='word_1_51' title='bbox 633 977 672 1021; x_wconf 85' lang='lat' dir='ltr'>a</span> <span class='ocrx_word' id='word_1_52' title='bbox 692 964 810 1020; x_wconf 84' lang='lat' dir='ltr'>Deo</span> <span class='ocrx_word' id='word_1_53' title='bbox 833 964 1087 1020; x_wconf 73' lang='lat' dir='ltr'>donatus</span> <span class='ocrx_word' id='word_1_54' title='bbox 1109 963 1195 1034; x_wconf 55' lang='grc' dir='ltr'>θέο,</span> <span class='ocrx_word' id='word_1_55' title='bbox 1220 964 1325 1021; x_wconf 81' lang='lat' dir='ltr'>sed</span> <span class='ocrx_word' id='word_1_56' title='bbox 1342 966 1581 1035; x_wconf 81' lang='lat' dir='ltr'>majora</span> <span class='ocrx_word' id='word_1_57' title='bbox 1610 965 1664 1021; x_wconf 77' lang='lat' dir='ltr'>ei</span> <span class='ocrx_word' id='word_1_58' title='bbox 1692 977 1841 1034; x_wconf 68' lang='lat' dir='ltr'>prte-</span> 
     </span>
    </p>
   </div>
   <div class='ocr_carea' id='block_1_9' title="bbox 201 1051 1841 1112">
    <p class='ocr_par' dir='ltr' id='par_1_9' title="bbox 201 1051 1841 1112">
     <span class='ocr_line' id='line_1_9' title="bbox 201 1051 1841 1112; baseline 0.001 -3"><span class='ocrx_word' id='word_1_59' title='bbox 201 1052 526 1110; x_wconf 77' lang='lat' dir='ltr'>destinaoit</span> <span class='ocrx_word' id='word_1_60' title='bbox 552 1051 618 1086; x_wconf 83' lang='grc'>³³¹</span> <span class='ocrx_word' id='word_1_61' title='bbox 649 1054 1018 1111; x_wconf 77' lang='lat' dir='ltr'>Altissimus.</span> <span class='ocrx_word' id='word_1_62' title='bbox 1052 1055 1188 1111; x_wconf 82' lang='lat' dir='ltr'>Non</span> <span class='ocrx_word' id='word_1_63' title='bbox 1209 1054 1315 1110; x_wconf 78' lang='lat' dir='ltr'>diu</span> <span class='ocrx_word' id='word_1_64' title='bbox 1344 1055 1502 1110; x_wconf 78' lang='lat' dir='ltr'>enim</span> <span class='ocrx_word' id='word_1_65' title='bbox 1514 1052 1582 1087; x_wconf 79' lang='grc'>⁸³³</span> <span class='ocrx_word' id='word_1_66' title='bbox 1602 1055 1841 1112; x_wconf 77' lang='lat' dir='ltr'>huioec-</span> 
     </span>
    </p>
   </div>
   <div class='ocr_carea' id='block_1_10' title="bbox 198 1141 1841 1215">
    <p class='ocr_par' dir='ltr' id='par_1_10' title="bbox 198 1141 1841 1215">
     <span class='ocr_line' id='line_1_10' title="bbox 198 1141 1841 1215; baseline 0 -16"><span class='ocrx_word' id='word_1_67' title='bbox 198 1141 391 1200; x_wconf 68' lang='lat' dir='ltr'>etesia</span> <span class='ocrx_word' id='word_1_68' title='bbox 418 1143 686 1213; x_wconf 73' lang='lat' dir='ltr'>pastoris</span> <span class='ocrx_word' id='word_1_69' title='bbox 705 1142 975 1215; x_wconf 65' lang='lat' dir='ltr'>officium</span> <span class='ocrx_word' id='word_1_70' title='bbox 990 1142 1311 1214; x_wconf 66' lang='lat' dir='ltr'>praestabit</span> <span class='ocrx_word' id='word_1_71' title='bbox 1326 1141 1414 1213; x_wconf 79' lang='grc'>³³³,</span> <span class='ocrx_word' id='word_1_72' title='bbox 1437 1145 1722 1213; x_wconf 76' lang='lat' dir='ltr'>quoniam</span> <span class='ocrx_word' id='word_1_73' title='bbox 1743 1156 1841 1199; x_wconf 74' lang='lat' dir='ltr'>ea:-</span> 
     </span>
    </p>
   </div>
   <div class='ocr_carea' id='block_1_11' title="bbox 199 1231 1841 1304">
    <p class='ocr_par' dir='ltr' id='par_1_11' title="bbox 199 1231 1841 1304">
     <span class='ocr_line' id='line_1_11' title="bbox 199 1231 1841 1304; baseline 0.001 -16"><span class='ocrx_word' id='word_1_74' title='bbox 199 1232 533 1289; x_wconf 46' lang='lat' dir='ltr'>cellentiolri</span> <span class='ocrx_word' id='word_1_75' title='bbox 554 1232 876 1304; x_wconf 74' lang='lat' dir='ltr'>gibisserio</span> <span class='ocrx_word' id='word_1_76' title='bbox 905 1232 1053 1301; x_wconf 73' lang='lat'>(125)</span> <span class='ocrx_word' id='word_1_77' title='bbox 1083 1231 1403 1288; x_wconf 72' lang='lat' dir='ltr'>donabitur</span> <span class='ocrx_word' id='word_1_78' title='bbox 1440 1231 1504 1265; x_wconf 84' lang='grc'>³³⁴</span> <span class='ocrx_word' id='word_1_79' title='bbox 1537 1232 1841 1303; x_wconf 74' lang='lat' dir='ltr'>dispensa-</span> 
     </span>
    </p>
   </div>
   <div class='ocr_carea' id='block_1_12' title="bbox 202 1319 1838 1392">
    <p class='ocr_par' dir='ltr' id='par_1_12' title="bbox 202 1319 1838 1392">
     <span class='ocr_line' id='line_1_12' title="bbox 202 1319 1838 1392; baseline -0.001 -17"><span class='ocrx_word' id='word_1_80' title='bbox 202 1322 373 1378; x_wconf 75' lang='lat' dir='ltr'>tums</span> <span class='ocrx_word' id='word_1_81' title='bbox 390 1319 458 1355; x_wconf 79' lang='grc'>³³⁵</span> <span class='ocrx_word' id='word_1_82' title='bbox 485 1320 1042 1379; x_wconf 61' lang='grc' dir='ltr'>αἱτίηωπθφητιηεγα</span> <span class='ocrx_word' id='word_1_83' title='bbox 1063 1319 1424 1392; x_wconf 65' lang='grc' dir='ltr'>³³⁷θναιὶίε³³⁸</span> <span class='ocrx_word' id='word_1_84' title='bbox 1439 1325 1610 1392; x_wconf 67' lang='grc'>(126).</span> <span class='ocrx_word' id='word_1_85' title='bbox 1636 1322 1718 1378; x_wconf 91' lang='lat' dir='ltr'>Cf.</span> <span class='ocrx_word' id='word_1_86' title='bbox 1745 1321 1838 1376; x_wconf 90' lang='lat' dir='ltr'>SS.</span> 
     </span>
    </p>
   </div>
   <div class='ocr_carea' id='block_1_13' title="bbox 201 1409 1844 1482">
    <p class='ocr_par' dir='ltr' id='par_1_13' title="bbox 201 1409 1844 1482">
     <span class='ocr_line' id='line_1_13' title="bbox 201 1409 1844 1482; baseline 0.001 -18"><span class='ocrx_word' id='word_1_87' title='bbox 201 1409 298 1479; x_wconf 81' lang='grc' dir='ltr'>(νι,</span> <span class='ocrx_word' id='word_1_88' title='bbox 326 1412 452 1482; x_wconf 85' lang='grc'>306)</span> <span class='ocrx_word' id='word_1_89' title='bbox 476 1410 567 1466; x_wconf 88' lang='lat' dir='ltr'>Sic</span> <span class='ocrx_word' id='word_1_90' title='bbox 588 1409 876 1467; x_wconf 90' lang='lat' dir='ltr'>clamores</span> <span class='ocrx_word' id='word_1_91' title='bbox 898 1415 955 1466; x_wconf 92' lang='lat' dir='ltr'>et</span> <span class='ocrx_word' id='word_1_92' title='bbox 981 1416 1111 1467; x_wconf 87' lang='lat' dir='ltr'>vota</span> <span class='ocrx_word' id='word_1_93' title='bbox 1136 1411 1389 1468; x_wconf 90' lang='lat' dir='ltr'>omnium</span> <span class='ocrx_word' id='word_1_94' title='bbox 1410 1410 1688 1482; x_wconf 88' lang='lat' dir='ltr'>judicium</span> <span class='ocrx_word' id='word_1_95' title='bbox 1713 1425 1844 1482; x_wconf 90' lang='lat' dir='ltr'>pro-</span> 
     </span>
    </p>
   </div>
   <div class='ocr_carea' id='block_1_14' title="bbox 201 1498 1845 1570">
    <p class='ocr_par' dir='ltr' id='par_1_14' title="bbox 201 1498 1845 1570">
     <span class='ocr_line' id='line_1_14' title="bbox 201 1498 1845 1570; baseline 0.001 -16"><span class='ocrx_word' id='word_1_96' title='bbox 201 1498 359 1556; x_wconf 86' lang='lat' dir='ltr'>bavit</span> <span class='ocrx_word' id='word_1_97' title='bbox 387 1499 643 1568; x_wconf 73' lang='lat' dir='ltr'>czeleste,</span> <span class='ocrx_word' id='word_1_98' title='bbox 677 1500 902 1556; x_wconf 86' lang='lat' dir='ltr'>electus</span> <span class='ocrx_word' id='word_1_99' title='bbox 934 1500 1052 1569; x_wconf 92' lang='lat' dir='ltr'>ille,</span> <span class='ocrx_word' id='word_1_100' title='bbox 1090 1500 1185 1570; x_wconf 89' lang='lat' dir='ltr'>qui</span> <span class='ocrx_word' id='word_1_101' title='bbox 1232 1515 1336 1557; x_wconf 90' lang='lat' dir='ltr'>nec</span> <span class='ocrx_word' id='word_1_102' title='bbox 1368 1500 1552 1557; x_wconf 91' lang='lat' dir='ltr'>valuit</span> <span class='ocrx_word' id='word_1_103' title='bbox 1603 1515 1708 1555; x_wconf 91' lang='lat' dir='ltr'>nec</span> <span class='ocrx_word' id='word_1_104' title='bbox 1748 1514 1845 1555; x_wconf 92' lang='lat' dir='ltr'>vo-</span> 
     </span>
    </p>
   </div>
   <div class='ocr_carea' id='block_1_15' title="bbox 202 1587 1844 1660">
    <p class='ocr_par' dir='ltr' id='par_1_15' title="bbox 202 1587 1844 1660">
     <span class='ocr_line' id='line_1_15' title="bbox 202 1587 1844 1660; baseline 0.002 -19"><span class='ocrx_word' id='word_1_105' title='bbox 202 1587 328 1653; x_wconf 91' lang='lat' dir='ltr'>luit,</span> <span class='ocrx_word' id='word_1_106' title='bbox 362 1593 449 1644; x_wconf 91' lang='lat' dir='ltr'>tot</span> <span class='ocrx_word' id='word_1_107' title='bbox 483 1589 989 1660; x_wconf 60' lang='lat' dir='ltr'>praecurrentibus</span> <span class='ocrx_word' id='word_1_108' title='bbox 1012 1589 1261 1659; x_wconf 90' lang='lat' dir='ltr'>indiciis,</span> <span class='ocrx_word' id='word_1_109' title='bbox 1297 1589 1584 1646; x_wconf 82' lang='lat' dir='ltr'>voluntati</span> <span class='ocrx_word' id='word_1_110' title='bbox 1635 1589 1844 1646; x_wconf 64' lang='lat' dir='ltr'>divinm</span> 
     </span>
    </p>
   </div>
   <div class='ocr_carea' id='block_1_16' title="bbox 199 1677 1846 1749">
    <p class='ocr_par' dir='ltr' id='par_1_16' title="bbox 199 1677 1846 1749">
     <span class='ocr_line' id='line_1_16' title="bbox 199 1677 1846 1749; baseline 0 -16"><span class='ocrx_word' id='word_1_111' title='bbox 199 1677 513 1749; x_wconf 89' lang='lat' dir='ltr'>contraire,</span> <span class='ocrx_word' id='word_1_112' title='bbox 547 1678 884 1749; x_wconf 87' lang='lat' dir='ltr'>compulsus</span> <span class='ocrx_word' id='word_1_113' title='bbox 914 1682 1005 1733; x_wconf 91' lang='lat' dir='ltr'>est</span> <span class='ocrx_word' id='word_1_114' title='bbox 1037 1678 1395 1735; x_wconf 84' lang='lat' dir='ltr'>auctoritate</span> <span class='ocrx_word' id='word_1_115' title='bbox 1417 1677 1735 1749; x_wconf 90' lang='lat' dir='ltr'>apostolica</span> <span class='ocrx_word' id='word_1_116' title='bbox 1760 1692 1846 1733; x_wconf 88' lang='lat' dir='ltr'>re-</span> 
     </span>
    </p>
   </div>
   <div class='ocr_carea' id='block_1_17' title="bbox 204 1766 1848 1838">
    <p class='ocr_par' dir='ltr' id='par_1_17' title="bbox 204 1766 1848 1838">
     <span class='ocr_line' id='line_1_17' title="bbox 204 1766 1848 1838; baseline 0.001 -18"><span class='ocrx_word' id='word_1_117' title='bbox 204 1766 414 1822; x_wconf 91' lang='lat' dir='ltr'>morari</span> <span class='ocrx_word' id='word_1_118' title='bbox 447 1770 505 1822; x_wconf 90' lang='lat' dir='ltr'>et</span> <span class='ocrx_word' id='word_1_119' title='bbox 539 1767 878 1823; x_wconf 76' lang='lat' dir='ltr'>confirmata</span> <span class='ocrx_word' id='word_1_120' title='bbox 908 1771 997 1823; x_wconf 90' lang='lat' dir='ltr'>est</span> <span class='ocrx_word' id='word_1_121' title='bbox 1021 1782 1197 1838; x_wconf 89' lang='lat' dir='ltr'>super</span> <span class='ocrx_word' id='word_1_122' title='bbox 1225 1782 1356 1823; x_wconf 91' lang='lat' dir='ltr'>eum</span> <span class='ocrx_word' id='word_1_123' title='bbox 1388 1766 1598 1823; x_wconf 88' lang='lat' dir='ltr'>electio</span> <span class='ocrx_word' id='word_1_124' title='bbox 1623 1766 1763 1822; x_wconf 90' lang='lat' dir='ltr'>cleri</span> <span class='ocrx_word' id='word_1_125' title='bbox 1787 1770 1848 1822; x_wconf 86' lang='lat' dir='ltr'>et</span> 
     </span>
    </p>
   </div>
   <div class='ocr_carea' id='block_1_18' title="bbox 207 1853 1845 1927">
    <p class='ocr_par' dir='ltr' id='par_1_18' title="bbox 207 1853 1845 1927">
     <span class='ocr_line' id='line_1_18' title="bbox 207 1853 1845 1927; baseline 0 -17"><span class='ocrx_word' id='word_1_126' title='bbox 207 1853 419 1925; x_wconf 84' lang='lat' dir='ltr'>populi.</span> <span class='ocrx_word' id='word_1_127' title='bbox 455 1854 595 1923; x_wconf 86' lang='lat' dir='ltr'>(Fel.</span> <span class='ocrx_word' id='word_1_128' title='bbox 622 1857 735 1926; x_wconf 82' lang='lat'>96.)</span> <span class='ocrx_word' id='word_1_129' title='bbox 769 1855 892 1921; x_wconf 85' lang='lat' dir='ltr'>Quo</span> <span class='ocrx_word' id='word_1_130' title='bbox 930 1854 1151 1924; x_wconf 91' lang='lat' dir='ltr'>audito,</span> <span class='ocrx_word' id='word_1_131' title='bbox 1206 1856 1331 1924; x_wconf 91' lang='lat' dir='ltr'>ipse</span> <span class='ocrx_word' id='word_1_132' title='bbox 1372 1856 1469 1927; x_wconf 85' lang='lat' dir='ltr'>qui</span> <span class='ocrx_word' id='word_1_133' title='bbox 1522 1854 1845 1912; x_wconf 66' lang='lat' dir='ltr'>aacclesiam</span> 
     </span>
    </p>
   </div>
   <div class='ocr_carea' id='block_1_19' title="bbox 1948 692 3602 766">
    <p class='ocr_par' dir='ltr' id='par_1_19' title="bbox 1948 692 3602 766">
     <span class='ocr_line' id='line_1_19' title="bbox 1948 692 3602 766; baseline 0.002 -18"><span class='ocrx_word' id='word_1_134' title='bbox 1948 692 2027 749; x_wconf 89' lang='lat' dir='ltr'>ita</span> <span class='ocrx_word' id='word_1_135' title='bbox 2053 698 2115 750; x_wconf 91' lang='lat' dir='ltr'>ut</span> <span class='ocrx_word' id='word_1_136' title='bbox 2136 700 2271 750; x_wconf 87' lang='lat' dir='ltr'>ante</span> <span class='ocrx_word' id='word_1_137' title='bbox 2293 696 2418 766; x_wconf 90' lang='lat' dir='ltr'>ejus</span> <span class='ocrx_word' id='word_1_138' title='bbox 2440 694 2869 751; x_wconf 85' lang='lat' dir='ltr'>ordinationem</span> <span class='ocrx_word' id='word_1_139' title='bbox 2888 694 3011 751; x_wconf 76' lang='lat' dir='ltr'>haec</span> <span class='ocrx_word' id='word_1_140' title='bbox 3028 709 3147 752; x_wconf 65' lang='lat' dir='ltr'>sum</span> <span class='ocrx_word' id='word_1_141' title='bbox 3172 693 3602 752; x_wconf 90' lang='lat' dir='ltr'>meliorationis</span> 
     </span>
    </p>
   </div>
   <div class='ocr_carea' id='block_1_20' title="bbox 1947 782 3599 855">
    <p class='ocr_par' dir='ltr' id='par_1_20' title="bbox 1947 782 3599 855">
     <span class='ocr_line' id='line_1_20' title="bbox 1947 782 3599 855; baseline 0.002 -17"><span class='ocrx_word' id='word_1_142' title='bbox 1947 782 2303 839; x_wconf 89' lang='lat' dir='ltr'>incrementa</span> <span class='ocrx_word' id='word_1_143' title='bbox 2329 784 2436 840; x_wconf 85' lang='lat' dir='ltr'>sibi</span> <span class='ocrx_word' id='word_1_144' title='bbox 2462 785 2771 841; x_wconf 86' lang='lat' dir='ltr'>commissa</span> <span class='ocrx_word' id='word_1_145' title='bbox 2797 799 2898 855; x_wconf 86' lang='lat' dir='ltr'>per</span> <span class='ocrx_word' id='word_1_146' title='bbox 2917 799 3046 840; x_wconf 88' lang='lat' dir='ltr'>eum</span> <span class='ocrx_word' id='word_1_147' title='bbox 3064 784 3390 855; x_wconf 87' lang='lat' dir='ltr'>susceperit</span> <span class='ocrx_word' id='word_1_148' title='bbox 3409 783 3599 842; x_wconf 88' lang='lat' dir='ltr'>eccle-</span> 
     </span>
    </p>
   </div>
   <div class='ocr_carea' id='block_1_21' title="bbox 1950 871 3600 944">
    <p class='ocr_par' dir='ltr' id='par_1_21' title="bbox 1950 871 3600 944">
     <span class='ocr_line' id='line_1_21' title="bbox 1950 871 3600 944; baseline 0.002 -17"><span class='ocrx_word' id='word_1_149' title='bbox 1950 872 2053 939; x_wconf 87' lang='lat' dir='ltr'>sia,</span> <span class='ocrx_word' id='word_1_150' title='bbox 2091 872 2324 928; x_wconf 90' lang='lat' dir='ltr'>Obierat</span> <span class='ocrx_word' id='word_1_151' title='bbox 2360 872 2483 943; x_wconf 91' lang='lat' dir='ltr'>ipso</span> <span class='ocrx_word' id='word_1_152' title='bbox 2517 887 2666 928; x_wconf 89' lang='lat' dir='ltr'>anno</span> <span class='ocrx_word' id='word_1_153' title='bbox 2701 888 2844 944; x_wconf 82' lang='lat' dir='ltr'>pana</span> <span class='ocrx_word' id='word_1_154' title='bbox 2872 871 3200 928; x_wconf 83' lang='lat' dir='ltr'>Alexander</span> <span class='ocrx_word' id='word_1_155' title='bbox 3223 873 3277 928; x_wconf 93' lang='lat' dir='ltr'>in</span> <span class='ocrx_word' id='word_1_156' title='bbox 3305 874 3427 944; x_wconf 92' lang='lat' dir='ltr'>ipso</span> <span class='ocrx_word' id='word_1_157' title='bbox 3463 888 3600 944; x_wconf 89' lang='lat' dir='ltr'>apo-</span> 
     </span>
    </p>
   </div>
   <div class='ocr_carea' id='block_1_22' title="bbox 1949 960 3603 1029">
    <p class='ocr_par' dir='ltr' id='par_1_22' title="bbox 1949 960 3603 1029">
     <span class='ocr_line' id='line_1_22' title="bbox 1949 960 3603 1029; baseline 0.001 -13"><span class='ocrx_word' id='word_1_158' title='bbox 1949 960 2200 1017; x_wconf 91' lang='lat' dir='ltr'>tolorum</span> <span class='ocrx_word' id='word_1_159' title='bbox 2225 961 2380 1017; x_wconf 86' lang='lat' dir='ltr'>Petri</span> <span class='ocrx_word' id='word_1_160' title='bbox 2406 964 2461 1017; x_wconf 90' lang='lat' dir='ltr'>et</span> <span class='ocrx_word' id='word_1_161' title='bbox 2483 961 2645 1017; x_wconf 83' lang='lat' dir='ltr'>Pauli</span> <span class='ocrx_word' id='word_1_162' title='bbox 2671 961 2962 1029; x_wconf 78' lang='lat' dir='ltr'>natalicio,</span> <span class='ocrx_word' id='word_1_163' title='bbox 2989 965 3045 1017; x_wconf 93' lang='lat' dir='ltr'>ct</span> <span class='ocrx_word' id='word_1_164' title='bbox 3080 962 3441 1019; x_wconf 86' lang='lat' dir='ltr'>substitutus</span> <span class='ocrx_word' id='word_1_165' title='bbox 3472 966 3603 1020; x_wconf 87' lang='lat' dir='ltr'>erat</span> 
     </span>
    </p>
   </div>
   <div class='ocr_carea' id='block_1_23' title="bbox 1950 1050 3601 1123">
    <p class='ocr_par' dir='ltr' id='par_1_23' title="bbox 1950 1050 3601 1123">
     <span class='ocr_line' id='line_1_23' title="bbox 1950 1050 3601 1123; baseline 0 -17"><span class='ocrx_word' id='word_1_166' title='bbox 1950 1050 2203 1106; x_wconf 89' lang='lat' dir='ltr'>unanimi</span> <span class='ocrx_word' id='word_1_167' title='bbox 2229 1050 2518 1107; x_wconf 89' lang='lat' dir='ltr'>electione</span> <span class='ocrx_word' id='word_1_168' title='bbox 2537 1050 2678 1105; x_wconf 85' lang='lat' dir='ltr'>cleri</span> <span class='ocrx_word' id='word_1_169' title='bbox 2703 1054 2761 1106; x_wconf 93' lang='lat' dir='ltr'>et</span> <span class='ocrx_word' id='word_1_170' title='bbox 2791 1050 2986 1121; x_wconf 92' lang='lat' dir='ltr'>populi</span> <span class='ocrx_word' id='word_1_171' title='bbox 3012 1051 3324 1120; x_wconf 82' lang='lat' dir='ltr'>Gregorius</span> <span class='ocrx_word' id='word_1_172' title='bbox 3343 1051 3459 1122; x_wconf 80' lang='lat' dir='ltr'>Vit,</span> <span class='ocrx_word' id='word_1_173' title='bbox 3501 1051 3601 1123; x_wconf 88' lang='lat' dir='ltr'>qui</span> 
     </span>
    </p>
   </div>
   <div class='ocr_carea' id='block_1_24' title="bbox 1951 1136 3603 1209">
    <p class='ocr_par' dir='ltr' id='par_1_24' title="bbox 1951 1136 3603 1209">
     <span class='ocr_line' id='line_1_24' title="bbox 1951 1136 3603 1209; baseline 0.001 -17"><span class='ocrx_word' id='word_1_174' title='bbox 1951 1136 2006 1192; x_wconf 93' lang='lat' dir='ltr'>in</span> <span class='ocrx_word' id='word_1_175' title='bbox 2040 1137 2160 1208; x_wconf 92' lang='lat' dir='ltr'>ipsa</span> <span class='ocrx_word' id='word_1_176' title='bbox 2194 1138 2444 1193; x_wconf 85' lang='lat' dir='ltr'>Romana</span> <span class='ocrx_word' id='word_1_177' title='bbox 2478 1137 2741 1194; x_wconf 70' lang='lat' dir='ltr'>zecclesia</span> <span class='ocrx_word' id='word_1_178' title='bbox 2778 1138 2885 1194; x_wconf 91' lang='lat' dir='ltr'>sub</span> <span class='ocrx_word' id='word_1_179' title='bbox 2925 1139 3169 1209; x_wconf 69' lang='lat' dir='ltr'>praefato</span> <span class='ocrx_word' id='word_1_180' title='bbox 3210 1138 3488 1209; x_wconf 87' lang='lat' dir='ltr'>pontifice</span> <span class='ocrx_word' id='word_1_181' title='bbox 3520 1138 3603 1196; x_wconf 92' lang='lat' dir='ltr'>of-</span> 
     </span>
    </p>
   </div>
   <div class='ocr_carea' id='block_1_25' title="bbox 1950 1226 3601 1296">
    <p class='ocr_par' dir='ltr' id='par_1_25' title="bbox 1950 1226 3601 1296">
     <span class='ocr_line' id='line_1_25' title="bbox 1950 1226 3601 1296; baseline 0.001 -14"><span class='ocrx_word' id='word_1_182' title='bbox 1950 1226 2083 1282; x_wconf 87' lang='lat' dir='ltr'>ficio</span> <span class='ocrx_word' id='word_1_183' title='bbox 2112 1228 2465 1296; x_wconf 88' lang='lat' dir='ltr'>fungebatur</span> <span class='ocrx_word' id='word_1_184' title='bbox 2495 1227 3021 1284; x_wconf 89' lang='lat' dir='ltr'>archidiacouatus.</span> <span class='ocrx_word' id='word_1_185' title='bbox 3046 1229 3113 1282; x_wconf 90' lang='lat' dir='ltr'>Et</span> <span class='ocrx_word' id='word_1_186' title='bbox 3130 1227 3265 1283; x_wconf 91' lang='lat' dir='ltr'>licet</span> <span class='ocrx_word' id='word_1_187' title='bbox 3285 1228 3601 1284; x_wconf 89' lang='lat' dir='ltr'>ordinatio-</span> 
     </span>
    </p>
   </div>
   <div class='ocr_carea' id='block_1_26' title="bbox 1956 1315 3603 1387">
    <p class='ocr_par' dir='ltr' id='par_1_26' title="bbox 1956 1315 3603 1387">
     <span class='ocr_line' id='line_1_26' title="bbox 1956 1315 3603 1387; baseline 0.001 -16"><span class='ocrx_word' id='word_1_188' title='bbox 1956 1315 2044 1372; x_wconf 90' lang='lat' dir='ltr'>nis</span> <span class='ocrx_word' id='word_1_189' title='bbox 2076 1320 2136 1371; x_wconf 92' lang='lat' dir='ltr'>ct</span> <span class='ocrx_word' id='word_1_190' title='bbox 2154 1316 2616 1372; x_wconf 87' lang='lat' dir='ltr'>consecrationis</span> <span class='ocrx_word' id='word_1_191' title='bbox 2639 1317 2766 1386; x_wconf 88' lang='lat' dir='ltr'>ejus</span> <span class='ocrx_word' id='word_1_192' title='bbox 2792 1316 3157 1387; x_wconf 82' lang='lat' dir='ltr'>privilegium</span> <span class='ocrx_word' id='word_1_193' title='bbox 3181 1317 3322 1372; x_wconf 87' lang='lat' dir='ltr'>solis</span> <span class='ocrx_word' id='word_1_194' title='bbox 3338 1317 3603 1373; x_wconf 89' lang='lat' dir='ltr'>cardina-</span> 
     </span>
    </p>
   </div>
   <div class='ocr_carea' id='block_1_27' title="bbox 1955 1403 3602 1476">
    <p class='ocr_par' dir='ltr' id='par_1_27' title="bbox 1955 1403 3602 1476">
     <span class='ocr_line' id='line_1_27' title="bbox 1955 1403 3602 1476; baseline 0.001 -17"><span class='ocrx_word' id='word_1_195' title='bbox 1955 1403 2107 1461; x_wconf 86' lang='lat' dir='ltr'>libus</span> <span class='ocrx_word' id='word_1_196' title='bbox 2131 1405 2426 1476; x_wconf 85' lang='lat' dir='ltr'>episcopis</span> <span class='ocrx_word' id='word_1_197' title='bbox 2448 1406 2784 1474; x_wconf 86' lang='lat' dir='ltr'>Albauensi,</span> <span class='ocrx_word' id='word_1_198' title='bbox 2815 1405 3069 1461; x_wconf 88' lang='lat' dir='ltr'>Ostiensi</span> <span class='ocrx_word' id='word_1_199' title='bbox 3093 1409 3152 1460; x_wconf 93' lang='lat' dir='ltr'>et</span> <span class='ocrx_word' id='word_1_200' title='bbox 3176 1406 3504 1475; x_wconf 88' lang='lat' dir='ltr'>Portueusi,</span> <span class='ocrx_word' id='word_1_201' title='bbox 3522 1406 3602 1462; x_wconf 85' lang='lat' dir='ltr'>sit</span> 
     </span>
    </p>
   </div>
   <div class='ocr_carea' id='block_1_28' title="bbox 1956 1494 3600 1565">
    <p class='ocr_par' dir='ltr' id='par_1_28' title="bbox 1956 1494 3600 1565">
     <span class='ocr_line' id='line_1_28' title="bbox 1956 1494 3600 1565; baseline 0 -15"><span class='ocrx_word' id='word_1_202' title='bbox 1956 1494 2352 1565; x_wconf 89' lang='lat' dir='ltr'>commissum,</span> <span class='ocrx_word' id='word_1_203' title='bbox 2380 1495 2650 1551; x_wconf 89' lang='lat' dir='ltr'>Giraldus</span> <span class='ocrx_word' id='word_1_204' title='bbox 2675 1495 2819 1565; x_wconf 89' lang='lat' dir='ltr'>ipse,</span> <span class='ocrx_word' id='word_1_205' title='bbox 2848 1496 2980 1564; x_wconf 89' lang='lat' dir='ltr'>quia</span> <span class='ocrx_word' id='word_1_206' title='bbox 3005 1496 3227 1563; x_wconf 85' lang='lat' dir='ltr'>aberat,</span> <span class='ocrx_word' id='word_1_207' title='bbox 3254 1499 3600 1565; x_wconf 75' lang='lat' dir='ltr'>expectatus</span> 
     </span>
    </p>
   </div>
   <div class='ocr_carea' id='block_1_29' title="bbox 1957 1584 3601 1655">
    <p class='ocr_par' dir='ltr' id='par_1_29' title="bbox 1957 1584 3601 1655">
     <span class='ocr_line' id='line_1_29' title="bbox 1957 1584 3601 1655; baseline 0.001 -17"><span class='ocrx_word' id='word_1_208' title='bbox 1957 1598 2067 1639; x_wconf 93' lang='lat' dir='ltr'>non</span> <span class='ocrx_word' id='word_1_209' title='bbox 2098 1589 2206 1649; x_wconf 86' lang='lat' dir='ltr'>est,</span> <span class='ocrx_word' id='word_1_210' title='bbox 2243 1585 2343 1640; x_wconf 84' lang='lat' dir='ltr'>sed</span> <span class='ocrx_word' id='word_1_211' title='bbox 2376 1584 2470 1655; x_wconf 92' lang='lat' dir='ltr'>qui</span> <span class='ocrx_word' id='word_1_212' title='bbox 2494 1584 2652 1639; x_wconf 85' lang='lat' dir='ltr'>vices</span> <span class='ocrx_word' id='word_1_213' title='bbox 2677 1586 2802 1655; x_wconf 86' lang='lat' dir='ltr'>ejus</span> <span class='ocrx_word' id='word_1_214' title='bbox 2823 1588 3218 1655; x_wconf 81' lang='lat' dir='ltr'>exequeretur</span> <span class='ocrx_word' id='word_1_215' title='bbox 3249 1584 3601 1652; x_wconf 79' lang='lat' dir='ltr'>subrogatus</span> 
     </span>
    </p>
   </div>
   <div class='ocr_carea' id='block_1_30' title="bbox 1956 1672 3602 1745">
    <p class='ocr_par' dir='ltr' id='par_1_30' title="bbox 1956 1672 3602 1745">
     <span class='ocr_line' id='line_1_30' title="bbox 1956 1672 3602 1745; baseline 0 -17"><span class='ocrx_word' id='word_1_216' title='bbox 1956 1676 2067 1729; x_wconf 89' lang='lat' dir='ltr'>est.</span> <span class='ocrx_word' id='word_1_217' title='bbox 2096 1673 2201 1739; x_wconf 90' lang='lat' dir='ltr'>Qui</span> <span class='ocrx_word' id='word_1_218' title='bbox 2227 1673 2455 1728; x_wconf 88' lang='lat' dir='ltr'>demum</span> <span class='ocrx_word' id='word_1_219' title='bbox 2480 1688 2773 1743; x_wconf 88' lang='lat' dir='ltr'>reversus,</span> <span class='ocrx_word' id='word_1_220' title='bbox 2801 1688 2964 1745; x_wconf 61' lang='lat' dir='ltr'>papae</span> <span class='ocrx_word' id='word_1_221' title='bbox 2989 1674 3142 1729; x_wconf 91' lang='lat' dir='ltr'>inter</span> <span class='ocrx_word' id='word_1_222' title='bbox 3156 1680 3351 1729; x_wconf 88' lang='lat' dir='ltr'>cetera</span> <span class='ocrx_word' id='word_1_223' title='bbox 3367 1672 3602 1729; x_wconf 89' lang='lat' dir='ltr'>electio-</span> 
     </span>
    </p>
   </div>
   <div class='ocr_carea' id='block_1_31' title="bbox 1958 1761 3599 1835">
    <p class='ocr_par' dir='ltr' id='par_1_31' title="bbox 1958 1761 3599 1835">
     <span class='ocr_line' id='line_1_31' title="bbox 1958 1761 3599 1835; baseline 0.001 -18"><span class='ocrx_word' id='word_1_224' title='bbox 1958 1777 2088 1818; x_wconf 89' lang='lat' dir='ltr'>nem</span> <span class='ocrx_word' id='word_1_225' title='bbox 2120 1763 2345 1819; x_wconf 88' lang='lat' dir='ltr'>Dieusis</span> <span class='ocrx_word' id='word_1_226' title='bbox 2375 1762 2660 1819; x_wconf 67' lang='lat' dir='ltr'>:ecelesize</span> <span class='ocrx_word' id='word_1_227' title='bbox 2692 1763 2966 1832; x_wconf 84' lang='lat' dir='ltr'>innotuit,</span> <span class='ocrx_word' id='word_1_228' title='bbox 3001 1766 3058 1818; x_wconf 90' lang='lat' dir='ltr'>et</span> <span class='ocrx_word' id='word_1_229' title='bbox 3110 1761 3362 1818; x_wconf 88' lang='lat' dir='ltr'>electum</span> <span class='ocrx_word' id='word_1_230' title='bbox 3411 1762 3599 1835; x_wconf 88' lang='lat' dir='ltr'>ipsum</span> 
     </span>
    </p>
   </div>
   <div class='ocr_carea' id='block_1_32' title="bbox 1959 1851 3600 1923">
    <p class='ocr_par' dir='ltr' id='par_1_32' title="bbox 1959 1851 3600 1923">
     <span class='ocr_line' id='line_1_32' title="bbox 1959 1851 3600 1923; baseline 0 -16"><span class='ocrx_word' id='word_1_231' title='bbox 1959 1866 2127 1922; x_wconf 91' lang='lat' dir='ltr'>quam</span> <span class='ocrx_word' id='word_1_232' title='bbox 2155 1852 2399 1907; x_wconf 83' lang='lat' dir='ltr'>maxime</span> <span class='ocrx_word' id='word_1_233' title='bbox 2418 1852 2760 1923; x_wconf 90' lang='lat' dir='ltr'>paternitati</span> <span class='ocrx_word' id='word_1_234' title='bbox 2787 1852 2971 1923; x_wconf 90' lang='lat' dir='ltr'>ipsius</span> <span class='ocrx_word' id='word_1_235' title='bbox 3005 1851 3449 1908; x_wconf 89' lang='lat' dir='ltr'>commendavit.</span> <span class='ocrx_word' id='word_1_236' title='bbox 3480 1852 3600 1907; x_wconf 87' lang='lat' dir='ltr'>Non</span> 
     </span>
    </p>
   </div>
   <div class='ocr_carea' id='block_1_33' title="bbox 205 1939 3598 2018">
    <p class='ocr_par' dir='ltr' id='par_1_33' title="bbox 205 1939 3598 2018">
     <span class='ocr_line' id='line_1_33' title="bbox 205 1939 3598 2018; baseline -0.001 -20"><span class='ocrx_word' id='word_1_237' title='bbox 205 1958 307 2015; x_wconf 91' lang='lat' dir='ltr'>per</span> <span class='ocrx_word' id='word_1_238' title='bbox 335 1943 659 2015; x_wconf 76' lang='lat' dir='ltr'>Symouiam</span> <span class='ocrx_word' id='word_1_239' title='bbox 689 1943 985 2001; x_wconf 84' lang='lat' dir='ltr'>invaserat</span> <span class='ocrx_word' id='word_1_240' title='bbox 1017 1951 1077 2001; x_wconf 93' lang='lat' dir='ltr'>et</span> <span class='ocrx_word' id='word_1_241' title='bbox 1107 1945 1287 2001; x_wconf 89' lang='lat' dir='ltr'>armis</span> <span class='ocrx_word' id='word_1_242' title='bbox 1326 1945 1583 2001; x_wconf 90' lang='lat' dir='ltr'>retinere</span> <span class='ocrx_word' id='word_1_243' title='bbox 1627 1948 1844 2016; x_wconf 89' lang='lat' dir='ltr'>tempta</span> <span class='ocrx_word' id='word_1_244' title='bbox 1878 1959 1931 2018; x_wconf 81' lang='grc' dir='ltr'>Β</span> <span class='ocrx_word' id='word_1_245' title='bbox 1964 1940 2147 1996; x_wconf 89' lang='lat' dir='ltr'>multo</span> <span class='ocrx_word' id='word_1_246' title='bbox 2174 1945 2305 2012; x_wconf 88' lang='lat' dir='ltr'>post</span> <span class='ocrx_word' id='word_1_247' title='bbox 2326 1941 2452 2011; x_wconf 91' lang='lat' dir='ltr'>ipsc</span> <span class='ocrx_word' id='word_1_248' title='bbox 2471 1942 2566 2011; x_wconf 92' lang='lat' dir='ltr'>qui</span> <span class='ocrx_word' id='word_1_249' title='bbox 2592 1939 3598 2010; x_wconf 88' lang='lat' dir='ltr'>commendabaturadvenit,etquia</span> 
     </span>
    </p>
   </div>
   <div class='ocr_carea' id='block_1_34' title="bbox 205 2031 1848 2104">
    <p class='ocr_par' dir='ltr' id='par_1_34' title="bbox 205 2031 1848 2104">
     <span class='ocr_line' id='line_1_34' title="bbox 205 2031 1848 2104; baseline 0.002 -17"><span class='ocrx_word' id='word_1_250' title='bbox 205 2032 321 2103; x_wconf 89' lang='lat' dir='ltr'>bat,</span> <span class='ocrx_word' id='word_1_251' title='bbox 340 2031 543 2089; x_wconf 90' lang='lat' dir='ltr'>dolens</span> <span class='ocrx_word' id='word_1_252' title='bbox 561 2033 888 2090; x_wconf 90' lang='lat' dir='ltr'>unanimem</span> <span class='ocrx_word' id='word_1_253' title='bbox 921 2048 1224 2091; x_wconf 87' lang='lat' dir='ltr'>assensum</span> <span class='ocrx_word' id='word_1_254' title='bbox 1256 2033 1489 2104; x_wconf 91' lang='lat' dir='ltr'>civium,</span> <span class='ocrx_word' id='word_1_255' title='bbox 1533 2039 1593 2090; x_wconf 93' lang='lat' dir='ltr'>et</span> <span class='ocrx_word' id='word_1_256' title='bbox 1632 2034 1848 2090; x_wconf 89' lang='lat' dir='ltr'>timens</span> 
     </span>
    </p>
   </div>
   <div class='ocr_carea' id='block_1_35' title="bbox 206 2114 1847 2194">
    <p class='ocr_par' dir='ltr' id='par_1_35' title="bbox 206 2114 1847 2194">
     <span class='ocr_line' id='line_1_35' title="bbox 206 2114 1847 2194; baseline 0.001 -17"><span class='ocrx_word' id='word_1_257' title='bbox 206 2120 732 2193; x_wconf 84' lang='lat' dir='ltr'>populigaudentis</span> <span class='ocrx_word' id='word_1_258' title='bbox 747 2126 803 2178; x_wconf 89' lang='lat' dir='ltr'>et</span> <span class='ocrx_word' id='word_1_259' title='bbox 827 2123 898 2179; x_wconf 91' lang='lat' dir='ltr'>ad</span> <span class='ocrx_word' id='word_1_260' title='bbox 918 2124 1013 2194; x_wconf 81' lang='lat' dir='ltr'>pia</span> <span class='ocrx_word' id='word_1_261' title='bbox 1040 2126 1173 2179; x_wconf 89' lang='lat' dir='ltr'>vota</span> <span class='ocrx_word' id='word_1_262' title='bbox 1205 2122 1615 2180; x_wconf 89' lang='lat' dir='ltr'>incalescentis</span> <span class='ocrx_word' id='word_1_263' title='bbox 1637 2114 1847 2191; x_wconf 81' lang='lat' dir='ltr'>animo,</span> 
     </span>
    </p>
   </div>
   <div class='ocr_carea' id='block_1_36' title="bbox 206 2210 1850 2283">
    <p class='ocr_par' dir='ltr' id='par_1_36' title="bbox 206 2210 1850 2283">
     <span class='ocr_line' id='line_1_36' title="bbox 206 2210 1850 2283; baseline 0.001 -17"><span class='ocrx_word' id='word_1_264' title='bbox 206 2210 249 2266; x_wconf 90' lang='lat' dir='ltr'>si</span> <span class='ocrx_word' id='word_1_265' title='bbox 296 2210 732 2279; x_wconf 87' lang='lat' dir='ltr'>intumesceret,</span> <span class='ocrx_word' id='word_1_266' title='bbox 776 2211 1056 2283; x_wconf 89' lang='lat' dir='ltr'>impetum</span> <span class='ocrx_word' id='word_1_267' title='bbox 1114 2213 1562 2283; x_wconf 89' lang='lat' dir='ltr'>ferocissimum,</span> <span class='ocrx_word' id='word_1_268' title='bbox 1616 2211 1850 2269; x_wconf 88' lang='lat' dir='ltr'>domum</span> 
     </span>
    </p>
   </div>
   <div class='ocr_carea' id='block_1_37' title="bbox 204 2299 1851 2372">
    <p class='ocr_par' dir='ltr' id='par_1_37' title="bbox 204 2299 1851 2372">
     <span class='ocr_line' id='line_1_37' title="bbox 204 2299 1851 2372; baseline 0.002 -19"><span class='ocrx_word' id='word_1_269' title='bbox 204 2299 592 2370; x_wconf 83' lang='lat' dir='ltr'>episcopalem</span> <span class='ocrx_word' id='word_1_270' title='bbox 626 2299 888 2357; x_wconf 86' lang='lat' dir='ltr'>deseruit</span> <span class='ocrx_word' id='word_1_271' title='bbox 916 2305 975 2357; x_wconf 91' lang='lat' dir='ltr'>et</span> <span class='ocrx_word' id='word_1_272' title='bbox 1004 2301 1269 2357; x_wconf 89' lang='lat' dir='ltr'>recessit.</span> <span class='ocrx_word' id='word_1_273' title='bbox 1316 2302 1654 2372; x_wconf 88' lang='lat' dir='ltr'>Augebatur</span> <span class='ocrx_word' id='word_1_274' title='bbox 1700 2302 1851 2358; x_wconf 89' lang='lat' dir='ltr'>enim</span> 
     </span>
    </p>
   </div>
   <div class='ocr_carea' id='block_1_38' title="bbox 203 2388 1854 2458">
    <p class='ocr_par' dir='ltr' id='par_1_38' title="bbox 203 2388 1854 2458">
     <span class='ocr_line' id='line_1_38' title="bbox 203 2388 1854 2458; baseline 0.003 -16"><span class='ocrx_word' id='word_1_275' title='bbox 203 2401 475 2442; x_wconf 87' lang='lat' dir='ltr'>curarum</span> <span class='ocrx_word' id='word_1_276' title='bbox 542 2388 795 2458; x_wconf 89' lang='lat' dir='ltr'>estibus,</span> <span class='ocrx_word' id='word_1_277' title='bbox 870 2391 928 2444; x_wconf 90' lang='lat' dir='ltr'>et</span> <span class='ocrx_word' id='word_1_278' title='bbox 1009 2388 1265 2445; x_wconf 90' lang='lat' dir='ltr'>stimulis</span> <span class='ocrx_word' id='word_1_279' title='bbox 1341 2390 1635 2447; x_wconf 87' lang='lat' dir='ltr'>mordacis</span> <span class='ocrx_word' id='word_1_280' title='bbox 1720 2406 1854 2447; x_wconf 84' lang='lat' dir='ltr'>con-</span> 
     </span>
    </p>
   </div>
   <div class='ocr_carea' id='block_1_39' title="bbox 205 2476 1855 2550">
    <p class='ocr_par' dir='ltr' id='par_1_39' title="bbox 205 2476 1855 2550">
     <span class='ocr_line' id='line_1_39' title="bbox 205 2476 1855 2550; baseline 0.004 -20"><span class='ocrx_word' id='word_1_281' title='bbox 205 2476 486 2541; x_wconf 68' lang='lat' dir='ltr'>scientiae,</span> <span class='ocrx_word' id='word_1_282' title='bbox 542 2492 709 2546; x_wconf 89' lang='lat' dir='ltr'>quam</span> <span class='ocrx_word' id='word_1_283' title='bbox 769 2491 882 2533; x_wconf 93' lang='lat' dir='ltr'>non</span> <span class='ocrx_word' id='word_1_284' title='bbox 945 2478 1207 2547; x_wconf 79' lang='lat' dir='ltr'>effugere</span> <span class='ocrx_word' id='word_1_285' title='bbox 1255 2478 1479 2549; x_wconf 88' lang='lat' dir='ltr'>quibat,</span> <span class='ocrx_word' id='word_1_286' title='bbox 1536 2479 1667 2550; x_wconf 89' lang='lat' dir='ltr'>quia</span> <span class='ocrx_word' id='word_1_287' title='bbox 1739 2495 1855 2536; x_wconf 91' lang='lat' dir='ltr'>non</span> 
     </span>
    </p>
   </div>
   <div class='ocr_carea' id='block_1_40' title="bbox 205 2564 1852 2639">
    <p class='ocr_par' dir='ltr' id='par_1_40' title="bbox 205 2564 1852 2639">
     <span class='ocr_line' id='line_1_40' title="bbox 205 2564 1852 2639; baseline 0.002 -19"><span class='ocrx_word' id='word_1_288' title='bbox 205 2564 537 2621; x_wconf 82' lang='lat' dir='ltr'>inveniebat</span> <span class='ocrx_word' id='word_1_289' title='bbox 568 2581 680 2637; x_wconf 93' lang='lat' dir='ltr'>quo</span> <span class='ocrx_word' id='word_1_290' title='bbox 712 2566 960 2637; x_wconf 82' lang='lat' dir='ltr'>fugeret,</span> <span class='ocrx_word' id='word_1_291' title='bbox 1004 2581 1110 2623; x_wconf 90' lang='lat' dir='ltr'>nec</span> <span class='ocrx_word' id='word_1_292' title='bbox 1158 2566 1278 2625; x_wconf 90' lang='lat' dir='ltr'>suis</span> <span class='ocrx_word' id='word_1_293' title='bbox 1323 2568 1438 2639; x_wconf 88' lang='lat' dir='ltr'>jam</span> <span class='ocrx_word' id='word_1_294' title='bbox 1488 2573 1552 2623; x_wconf 91' lang='lat' dir='ltr'>ut</span> <span class='ocrx_word' id='word_1_295' title='bbox 1604 2567 1852 2639; x_wconf 90' lang='lat' dir='ltr'>solebat,</span> 
     </span>
    </p>
   </div>
   <div class='ocr_carea' id='block_1_41' title="bbox 208 2653 1855 2728">
    <p class='ocr_par' dir='ltr' id='par_1_41' title="bbox 208 2653 1855 2728">
     <span class='ocr_line' id='line_1_41' title="bbox 208 2653 1855 2728; baseline 0.002 -18"><span class='ocrx_word' id='word_1_296' title='bbox 208 2655 366 2711; x_wconf 87' lang='grc'>(1073</span> <span class='ocrx_word' id='word_1_297' title='bbox 396 2653 806 2712; x_wconf 70' lang='lat' dir='ltr'>delectabatur</span> <span class='ocrx_word' id='word_1_298' title='bbox 834 2656 1156 2727; x_wconf 91' lang='lat' dir='ltr'>erroribus,</span> <span class='ocrx_word' id='word_1_299' title='bbox 1193 2672 1221 2713; x_wconf 90' lang='lat' dir='ltr'>a</span> <span class='ocrx_word' id='word_1_300' title='bbox 1259 2656 1475 2727; x_wconf 88' lang='lat' dir='ltr'>quibus</span> <span class='ocrx_word' id='word_1_301' title='bbox 1503 2659 1855 2728; x_wconf 64' lang='lat' dir='ltr'>puniebatur</span> 
     </span>
    </p>
   </div>
   <div class='ocr_carea' id='block_1_42' title="bbox 210 2741 1855 2812">
    <p class='ocr_par' dir='ltr' id='par_1_42' title="bbox 210 2741 1855 2812">
     <span class='ocr_line' id='line_1_42' title="bbox 210 2741 1855 2812; baseline 0.006 -19"><span class='ocrx_word' id='word_1_302' title='bbox 210 2741 343 2798; x_wconf 90' lang='lat' dir='ltr'>licet</span> <span class='ocrx_word' id='word_1_303' title='bbox 376 2742 579 2800; x_wconf 87' lang='lat' dir='ltr'>nolens</span> <span class='ocrx_word' id='word_1_304' title='bbox 601 2749 656 2799; x_wconf 88' lang='lat' dir='ltr'>et</span> <span class='ocrx_word' id='word_1_305' title='bbox 686 2744 907 2801; x_wconf 90' lang='lat' dir='ltr'>inscius</span> <span class='ocrx_word' id='word_1_306' title='bbox 933 2762 948 2812; x_wconf 89' lang='lat'><strong>;</strong></span> <span class='ocrx_word' id='word_1_307' title='bbox 971 2748 1028 2799; x_wconf 93' lang='lat' dir='ltr'>et</span> <span class='ocrx_word' id='word_1_308' title='bbox 1052 2749 1243 2802; x_wconf 90' lang='lat' dir='ltr'>tamen</span> <span class='ocrx_word' id='word_1_309' title='bbox 1267 2746 1454 2801; x_wconf 87' lang='lat' dir='ltr'>adhuc</span> <span class='ocrx_word' id='word_1_310' title='bbox 1479 2744 1855 2803; x_wconf 87' lang='lat' dir='ltr'>exultabatin</span> 
     </span>
    </p>
   </div>
   <div class='ocr_carea' id='block_1_43' title="bbox 206 2831 1854 2906">
    <p class='ocr_par' dir='ltr' id='par_1_43' title="bbox 206 2831 1854 2906">
     <span class='ocr_line' id='line_1_43' title="bbox 206 2831 1854 2906; baseline 0.004 -19"><span class='ocrx_word' id='word_1_311' title='bbox 206 2831 469 2901; x_wconf 87' lang='lat' dir='ltr'>crimine,</span> <span class='ocrx_word' id='word_1_312' title='bbox 497 2832 628 2903; x_wconf 87' lang='lat' dir='ltr'>quia</span> <span class='ocrx_word' id='word_1_313' title='bbox 654 2834 820 2888; x_wconf 91' lang='lat' dir='ltr'>novis</span> <span class='ocrx_word' id='word_1_314' title='bbox 842 2838 1040 2889; x_wconf 90' lang='lat' dir='ltr'>vetera</span> <span class='ocrx_word' id='word_1_315' title='bbox 1065 2834 1485 2902; x_wconf 85' lang='lat' dir='ltr'>obumbraudo,</span> <span class='ocrx_word' id='word_1_316' title='bbox 1514 2836 1775 2906; x_wconf 88' lang='lat' dir='ltr'>peccatis</span> <span class='ocrx_word' id='word_1_317' title='bbox 1795 2850 1854 2893; x_wconf 88' lang='lat' dir='ltr'>se</span> 
     </span>
    </p>
   </div>
   <div class='ocr_carea' id='block_1_44' title="bbox 207 2922 1854 2993">
    <p class='ocr_par' dir='ltr' id='par_1_44' title="bbox 207 2922 1854 2993">
     <span class='ocr_line' id='line_1_44' title="bbox 207 2922 1854 2993; baseline 0.004 -17"><span class='ocrx_word' id='word_1_318' title='bbox 207 2925 525 2991; x_wconf 82' lang='lat' dir='ltr'>utcumque</span> <span class='ocrx_word' id='word_1_319' title='bbox 549 2922 812 2991; x_wconf 88' lang='lat' dir='ltr'>adjuvari</span> <span class='ocrx_word' id='word_1_320' title='bbox 837 2923 1167 2979; x_wconf 89' lang='lat' dir='ltr'>estimabat.</span> <span class='ocrx_word' id='word_1_321' title='bbox 1195 2926 1445 2981; x_wconf 84' lang='lat' dir='ltr'>Putabat</span> <span class='ocrx_word' id='word_1_322' title='bbox 1467 2925 1854 2993; x_wconf 80' lang='lat' dir='ltr'>euimiusigne</span> 
     </span>
    </p>
   </div>
   <div class='ocr_carea' id='block_1_45' title="bbox 208 3010 1857 3083">
    <p class='ocr_par' dir='ltr' id='par_1_45' title="bbox 208 3010 1857 3083">
     <span class='ocr_line' id='line_1_45' title="bbox 208 3010 1857 3083; baseline 0.002 -19"><span class='ocrx_word' id='word_1_323' title='bbox 208 3022 337 3066; x_wconf 89' lang='lat' dir='ltr'>esse</span> <span class='ocrx_word' id='word_1_324' title='bbox 371 3010 630 3079; x_wconf 84' lang='lat' dir='ltr'>virtutis,</span> <span class='ocrx_word' id='word_1_325' title='bbox 658 3011 755 3067; x_wconf 91' lang='lat' dir='ltr'>ubi</span> <span class='ocrx_word' id='word_1_326' title='bbox 776 3016 864 3068; x_wconf 91' lang='lat' dir='ltr'>est</span> <span class='ocrx_word' id='word_1_327' title='bbox 890 3011 1090 3083; x_wconf 86' lang='lat' dir='ltr'>lapsus</span> <span class='ocrx_word' id='word_1_328' title='bbox 1106 3012 1387 3069; x_wconf 90' lang='lat' dir='ltr'>criminis.</span> <span class='ocrx_word' id='word_1_329' title='bbox 1418 3013 1656 3083; x_wconf 87' lang='lat' dir='ltr'>Sedjam</span> <span class='ocrx_word' id='word_1_330' title='bbox 1690 3014 1857 3069; x_wconf 90' lang='lat' dir='ltr'>silea-</span> 
     </span>
    </p>
   </div>
   <div class='ocr_carea' id='block_1_46' title="bbox 207 3098 1853 3173">
    <p class='ocr_par' dir='ltr' id='par_1_46' title="bbox 207 3098 1853 3173">
     <span class='ocr_line' id='line_1_46' title="bbox 207 3098 1853 3173; baseline 0.005 -21"><span class='ocrx_word' id='word_1_331' title='bbox 207 3103 305 3156; x_wconf 91' lang='lat' dir='ltr'>tur</span> <span class='ocrx_word' id='word_1_332' title='bbox 335 3098 461 3167; x_wconf 90' lang='lat' dir='ltr'>ejus</span> <span class='ocrx_word' id='word_1_333' title='bbox 496 3101 790 3170; x_wconf 87' lang='lat' dir='ltr'>memoria,</span> <span class='ocrx_word' id='word_1_334' title='bbox 825 3100 957 3171; x_wconf 88' lang='lat' dir='ltr'>quia</span> <span class='ocrx_word' id='word_1_335' title='bbox 995 3101 1257 3171; x_wconf 87' lang='lat' dir='ltr'>recessit,</span> <span class='ocrx_word' id='word_1_336' title='bbox 1293 3102 1390 3173; x_wconf 92' lang='lat' dir='ltr'>qui</span> <span class='ocrx_word' id='word_1_337' title='bbox 1430 3102 1674 3172; x_wconf 84' lang='lat' dir='ltr'>aufugit,</span> <span class='ocrx_word' id='word_1_338' title='bbox 1722 3103 1853 3172; x_wconf 89' lang='lat' dir='ltr'>quia</span> 
     </span>
    </p>
   </div>
   <div class='ocr_carea' id='block_1_47' title="bbox 209 3187 1856 3262">
    <p class='ocr_par' dir='ltr' id='par_1_47' title="bbox 209 3187 1856 3262">
     <span class='ocr_line' id='line_1_47' title="bbox 209 3187 1856 3262; baseline 0.002 -19"><span class='ocrx_word' id='word_1_339' title='bbox 209 3187 362 3258; x_wconf 91' lang='lat' dir='ltr'>quod</span> <span class='ocrx_word' id='word_1_340' title='bbox 396 3187 653 3245; x_wconf 90' lang='lat' dir='ltr'>indebite</span> <span class='ocrx_word' id='word_1_341' title='bbox 685 3194 1092 3261; x_wconf 75' lang='lat' dir='ltr'>usui-paverat,</span> <span class='ocrx_word' id='word_1_342' title='bbox 1129 3206 1242 3246; x_wconf 92' lang='lat' dir='ltr'>non</span> <span class='ocrx_word' id='word_1_343' title='bbox 1274 3195 1362 3247; x_wconf 88' lang='lat' dir='ltr'>est</span> <span class='ocrx_word' id='word_1_344' title='bbox 1394 3196 1742 3262; x_wconf 84' lang='lat' dir='ltr'>expectatus</span> <span class='ocrx_word' id='word_1_345' title='bbox 1774 3193 1856 3249; x_wconf 89' lang='lat' dir='ltr'>di-</span> 
     </span>
    </p>
   </div>
   <div class='ocr_carea' id='block_1_48' title="bbox 212 3276 1932 3376">
    <p class='ocr_par' dir='ltr' id='par_1_48' title="bbox 212 3276 1932 3376">
     <span class='ocr_line' id='line_1_48' title="bbox 212 3276 1932 3376; baseline 0.004 -45"><span class='ocrx_word' id='word_1_346' title='bbox 212 3276 477 3333; x_wconf 84' lang='lat' dir='ltr'>mittere:</span> <span class='ocrx_word' id='word_1_347' title='bbox 514 3277 583 3376; x_wconf 80' lang='lat' dir='ltr'>ad</span> <span class='ocrx_word' id='word_1_348' title='bbox 620 3278 810 3349; x_wconf 89' lang='lat' dir='ltr'>plebis</span> <span class='ocrx_word' id='word_1_349' title='bbox 840 3280 1136 3350; x_wconf 82' lang='lat' dir='ltr'>gaudium,</span> <span class='ocrx_word' id='word_1_350' title='bbox 1173 3280 1243 3335; x_wconf 89' lang='lat' dir='ltr'>ad</span> <span class='ocrx_word' id='word_1_351' title='bbox 1276 3280 1417 3337; x_wconf 91' lang='lat' dir='ltr'>cleri</span> <span class='ocrx_word' id='word_1_352' title='bbox 1454 3284 1852 3349; x_wconf 85' lang='lat' dir='ltr'>magnatorum</span> <span class='ocrx_word' id='word_1_353' title='bbox 1885 3316 1932 3376; x_wconf 66' lang='grc' dir='ltr'>Ο</span> 
     </span>
    </p>
   </div>
   <div class='ocr_carea' id='block_1_49' title="bbox 210 3367 1858 3439">
    <p class='ocr_par' dir='ltr' id='par_1_49' title="bbox 210 3367 1858 3439">
     <span class='ocr_line' id='line_1_49' title="bbox 210 3367 1858 3439; baseline 0.004 -18"><span class='ocrx_word' id='word_1_354' title='bbox 210 3380 440 3437; x_wconf 85' lang='lat' dir='ltr'>quoque</span> <span class='ocrx_word' id='word_1_355' title='bbox 473 3372 532 3423; x_wconf 91' lang='lat' dir='ltr'>et</span> <span class='ocrx_word' id='word_1_356' title='bbox 565 3367 893 3424; x_wconf 81' lang='lat' dir='ltr'>infimorum</span> <span class='ocrx_word' id='word_1_357' title='bbox 932 3369 1253 3439; x_wconf 88' lang='lat' dir='ltr'>tripudium</span> <span class='ocrx_word' id='word_1_358' title='bbox 1305 3370 1608 3426; x_wconf 81' lang='lat' dir='ltr'>flectamus</span> <span class='ocrx_word' id='word_1_359' title='bbox 1649 3372 1858 3427; x_wconf 89' lang='lat' dir='ltr'>articu-</span> 
     </span>
    </p>
   </div>
   <div class='ocr_carea' id='block_1_50' title="bbox 210 3451 1861 3527">
    <p class='ocr_par' dir='ltr' id='par_1_50' title="bbox 210 3451 1861 3527">
     <span class='ocr_line' id='line_1_50' title="bbox 210 3451 1861 3527; baseline 0.005 -21"><span class='ocrx_word' id='word_1_360' title='bbox 210 3451 345 3510; x_wconf 90' lang='lat' dir='ltr'>lum.</span> <span class='ocrx_word' id='word_1_361' title='bbox 383 3455 742 3513; x_wconf 91' lang='lat' dir='ltr'>Sublimatus</span> <span class='ocrx_word' id='word_1_362' title='bbox 773 3460 859 3512; x_wconf 90' lang='lat' dir='ltr'>est</span> <span class='ocrx_word' id='word_1_363' title='bbox 893 3456 1121 3513; x_wconf 88' lang='lat' dir='ltr'>electus</span> <span class='ocrx_word' id='word_1_364' title='bbox 1152 3462 1353 3513; x_wconf 87' lang='lat' dir='ltr'>noster</span> <span class='ocrx_word' id='word_1_365' title='bbox 1382 3473 1511 3514; x_wconf 90' lang='lat' dir='ltr'>cum</span> <span class='ocrx_word' id='word_1_366' title='bbox 1543 3460 1756 3527; x_wconf 76' lang='lat' dir='ltr'>gaudio</span> <span class='ocrx_word' id='word_1_367' title='bbox 1802 3464 1861 3515; x_wconf 88' lang='lat' dir='ltr'>et</span> 
     </span>
    </p>
   </div>
   <div class='ocr_carea' id='block_1_51' title="bbox 209 3543 1854 3616">
    <p class='ocr_par' dir='ltr' id='par_1_51' title="bbox 209 3543 1854 3616">
     <span class='ocr_line' id='line_1_51' title="bbox 209 3543 1854 3616; baseline 0.002 -17"><span class='ocrx_word' id='word_1_368' title='bbox 209 3543 406 3601; x_wconf 87' lang='lat' dir='ltr'>cordis</span> <span class='ocrx_word' id='word_1_369' title='bbox 429 3544 616 3614; x_wconf 87' lang='lat' dir='ltr'>jubilo</span> <span class='ocrx_word' id='word_1_370' title='bbox 650 3545 705 3601; x_wconf 93' lang='lat' dir='ltr'>in</span> <span class='ocrx_word' id='word_1_371' title='bbox 740 3546 1057 3616; x_wconf 84' lang='lat' dir='ltr'>pontificali</span> <span class='ocrx_word' id='word_1_372' title='bbox 1094 3546 1261 3615; x_wconf 90' lang='lat' dir='ltr'>solio,</span> <span class='ocrx_word' id='word_1_373' title='bbox 1297 3546 1653 3605; x_wconf 87' lang='lat' dir='ltr'>acclamatus</span> <span class='ocrx_word' id='word_1_374' title='bbox 1685 3552 1771 3605; x_wconf 88' lang='lat' dir='ltr'>est</span> <span class='ocrx_word' id='word_1_375' title='bbox 1797 3553 1854 3603; x_wconf 88' lang='lat' dir='ltr'>et</span> 
     </span>
    </p>
   </div>
   <div class='ocr_carea' id='block_1_52' title="bbox 207 3627 1857 3707">
    <p class='ocr_par' dir='ltr' id='par_1_52' title="bbox 207 3627 1857 3707">
     <span class='ocr_line' id='line_1_52' title="bbox 207 3627 1857 3707; baseline 0.002 -19"><span class='ocrx_word' id='word_1_376' title='bbox 207 3631 587 3689; x_wconf 85' lang='lat' dir='ltr'>confirmatus</span> <span class='ocrx_word' id='word_1_377' title='bbox 608 3632 922 3704; x_wconf 88' lang='lat' dir='ltr'>cpiscopus</span> <span class='ocrx_word' id='word_1_378' title='bbox 945 3635 1016 3690; x_wconf 88' lang='lat' dir='ltr'>de</span> <span class='ocrx_word' id='word_1_379' title='bbox 1042 3635 1137 3689; x_wconf 89' lang='lat' dir='ltr'>Dei</span> <span class='ocrx_word' id='word_1_380' title='bbox 1163 3639 1220 3689; x_wconf 91' lang='lat' dir='ltr'>et</span> <span class='ocrx_word' id='word_1_381' title='bbox 1246 3627 1857 3707; x_wconf 84' lang='lat' dir='ltr'>Christiejusjudicio,</span> 
     </span>
    </p>
   </div>
   <div class='ocr_carea' id='block_1_53' title="bbox 213 3720 1863 3798">
    <p class='ocr_par' dir='ltr' id='par_1_53' title="bbox 213 3720 1863 3798">
     <span class='ocr_line' id='line_1_53' title="bbox 213 3720 1863 3798; baseline 0.005 -24"><span class='ocrx_word' id='word_1_382' title='bbox 213 3720 282 3776; x_wconf 91' lang='lat' dir='ltr'>de</span> <span class='ocrx_word' id='word_1_383' title='bbox 314 3720 665 3777; x_wconf 87' lang='lat' dir='ltr'>clericorum</span> <span class='ocrx_word' id='word_1_384' title='bbox 701 3737 846 3793; x_wconf 87' lang='lat' dir='ltr'>pene</span> <span class='ocrx_word' id='word_1_385' title='bbox 878 3723 1130 3780; x_wconf 90' lang='lat' dir='ltr'>omnium</span> <span class='ocrx_word' id='word_1_386' title='bbox 1166 3724 1525 3795; x_wconf 90' lang='lat' dir='ltr'>testimonio,</span> <span class='ocrx_word' id='word_1_387' title='bbox 1560 3726 1630 3781; x_wconf 83' lang='lat' dir='ltr'>de</span> <span class='ocrx_word' id='word_1_388' title='bbox 1678 3727 1863 3798; x_wconf 86' lang='lat' dir='ltr'>plebis</span> 
     </span>
    </p>
   </div>
   <div class='ocr_carea' id='block_1_54' title="bbox 212 3808 1863 3879">
    <p class='ocr_par' dir='ltr' id='par_1_54' title="bbox 212 3808 1863 3879">
     <span class='ocr_line' id='line_1_54' title="bbox 212 3808 1863 3879; baseline 0.003 -14"><span class='ocrx_word' id='word_1_389' title='bbox 212 3824 340 3879; x_wconf 67' lang='lat' dir='ltr'>quae</span> <span class='ocrx_word' id='word_1_390' title='bbox 370 3812 513 3865; x_wconf 89' lang='lat' dir='ltr'>tunc</span> <span class='ocrx_word' id='word_1_391' title='bbox 543 3808 705 3864; x_wconf 80' lang='lat' dir='ltr'>aﬂ‘uit</span> <span class='ocrx_word' id='word_1_392' title='bbox 740 3810 1039 3879; x_wconf 82' lang='lat' dir='ltr'>suﬂ‘ragie,</span> <span class='ocrx_word' id='word_1_393' title='bbox 1074 3811 1145 3865; x_wconf 89' lang='lat' dir='ltr'>de</span> <span class='ocrx_word' id='word_1_394' title='bbox 1177 3812 1547 3867; x_wconf 88' lang='lat' dir='ltr'>sacerdotum</span> <span class='ocrx_word' id='word_1_395' title='bbox 1591 3819 1649 3868; x_wconf 89' lang='lat' dir='ltr'>et</span> <span class='ocrx_word' id='word_1_396' title='bbox 1694 3816 1863 3870; x_wconf 79' lang='lat' dir='ltr'>bouo&#39;</span> 
     </span>
    </p>
   </div>
   <div class='ocr_carea' id='block_1_55' title="bbox 211 3896 1864 3970">
    <p class='ocr_par' dir='ltr' id='par_1_55' title="bbox 211 3896 1864 3970">
     <span class='ocr_line' id='line_1_55' title="bbox 211 3896 1864 3970; baseline 0.004 -19"><span class='ocrx_word' id='word_1_397' title='bbox 211 3912 339 3952; x_wconf 89' lang='lat' dir='ltr'>rum</span> <span class='ocrx_word' id='word_1_398' title='bbox 368 3896 628 3951; x_wconf 90' lang='lat' dir='ltr'>virorum</span> <span class='ocrx_word' id='word_1_399' title='bbox 658 3896 932 3966; x_wconf 84' lang='lat' dir='ltr'>collegio.</span> <span class='ocrx_word' id='word_1_400' title='bbox 969 3898 1187 3954; x_wconf 88' lang='lat' dir='ltr'>Invenit</span> <span class='ocrx_word' id='word_1_401' title='bbox 1224 3899 1420 3970; x_wconf 89' lang='lat' dir='ltr'>itaque</span> <span class='ocrx_word' id='word_1_402' title='bbox 1441 3900 1735 3957; x_wconf 89' lang='lat' dir='ltr'>civitatem</span> <span class='ocrx_word' id='word_1_403' title='bbox 1769 3918 1864 3957; x_wconf 91' lang='lat' dir='ltr'>au-</span> 
     </span>
    </p>
   </div>
   <div class='ocr_carea' id='block_1_56' title="bbox 210 3974 1864 4061">
    <p class='ocr_par' dir='ltr' id='par_1_56' title="bbox 210 3974 1864 4061">
     <span class='ocr_line' id='line_1_56' title="bbox 210 3974 1864 4061; baseline 0.003 -20"><span class='ocrx_word' id='word_1_404' title='bbox 210 3986 370 4054; x_wconf 88' lang='lat' dir='ltr'>goris</span> <span class='ocrx_word' id='word_1_405' title='bbox 399 3985 646 4057; x_wconf 87' lang='lat' dir='ltr'>plenam,</span> <span class='ocrx_word' id='word_1_406' title='bbox 681 3974 1167 4044; x_wconf 86' lang='lat' dir='ltr'>tribulationibus</span> <span class='ocrx_word' id='word_1_407' title='bbox 1204 3989 1674 4061; x_wconf 89' lang='lat' dir='ltr'>circumsoptam,</span> <span class='ocrx_word' id='word_1_408' title='bbox 1724 3992 1864 4060; x_wconf 88' lang='lat' dir='ltr'>vigi-</span> 
     </span>
    </p>
   </div>
   <div class='ocr_carea' id='block_1_57' title="bbox 214 4073 1858 4150">
    <p class='ocr_par' dir='ltr' id='par_1_57' title="bbox 214 4073 1858 4150">
     <span class='ocr_line' id='line_1_57' title="bbox 214 4073 1858 4150; baseline 0.005 -23"><span class='ocrx_word' id='word_1_409' title='bbox 214 4074 393 4131; x_wconf 89' lang='lat' dir='ltr'>lantia</span> <span class='ocrx_word' id='word_1_410' title='bbox 428 4073 608 4130; x_wconf 88' lang='lat' dir='ltr'>multa</span> <span class='ocrx_word' id='word_1_411' title='bbox 642 4079 931 4146; x_wconf 82' lang='lat' dir='ltr'>egentem,</span> <span class='ocrx_word' id='word_1_412' title='bbox 960 4092 1054 4132; x_wconf 90' lang='lat' dir='ltr'>res</span> <span class='ocrx_word' id='word_1_413' title='bbox 1076 4077 1335 4148; x_wconf 87' lang='lat' dir='ltr'>episcopi</span> <span class='ocrx_word' id='word_1_414' title='bbox 1377 4078 1658 4150; x_wconf 87' lang='lat' dir='ltr'>direptas,</span> <span class='ocrx_word' id='word_1_415' title='bbox 1686 4080 1761 4135; x_wconf 89' lang='lat' dir='ltr'>ita</span> <span class='ocrx_word' id='word_1_416' title='bbox 1799 4084 1858 4136; x_wconf 89' lang='lat' dir='ltr'>ut</span> 
     </span>
    </p>
   </div>
   <div class='ocr_carea' id='block_1_58' title="bbox 215 4163 1863 4226">
    <p class='ocr_par' dir='ltr' id='par_1_58' title="bbox 215 4163 1863 4226">
     <span class='ocr_line' id='line_1_58' title="bbox 215 4163 1863 4226; baseline 0.004 -7"><span class='ocrx_word' id='word_1_417' title='bbox 215 4178 328 4220; x_wconf 90' lang='lat' dir='ltr'>non</span> <span class='ocrx_word' id='word_1_418' title='bbox 365 4163 653 4220; x_wconf 88' lang='lat' dir='ltr'>invenerit</span> <span class='ocrx_word' id='word_1_419' title='bbox 685 4164 838 4220; x_wconf 90' lang='lat' dir='ltr'>unde</span> <span class='ocrx_word' id='word_1_420' title='bbox 872 4164 958 4222; x_wconf 85' lang='lat' dir='ltr'>vel</span> <span class='ocrx_word' id='word_1_421' title='bbox 997 4182 1108 4221; x_wconf 89' lang='lat' dir='ltr'>uno</span> <span class='ocrx_word' id='word_1_422' title='bbox 1142 4167 1234 4222; x_wconf 90' lang='lat' dir='ltr'>die</span> <span class='ocrx_word' id='word_1_423' title='bbox 1259 4168 1328 4222; x_wconf 87' lang='lat' dir='ltr'>de</span> <span class='ocrx_word' id='word_1_424' title='bbox 1348 4168 1636 4226; x_wconf 89' lang='lat' dir='ltr'>reditibus</span> <span class='ocrx_word' id='word_1_425' title='bbox 1660 4170 1863 4225; x_wconf 91' lang='lat' dir='ltr'>domus</span> 
     </span>
    </p>
   </div>
   <div class='ocr_carea' id='block_1_59' title="bbox 214 4250 1859 4325">
    <p class='ocr_par' dir='ltr' id='par_1_59' title="bbox 214 4250 1859 4325">
     <span class='ocr_line' id='line_1_59' title="bbox 214 4250 1859 4325; baseline 0.001 -17"><span class='ocrx_word' id='word_1_426' title='bbox 214 4250 573 4324; x_wconf 87' lang='lat' dir='ltr'>episcopalis</span> <span class='ocrx_word' id='word_1_427' title='bbox 604 4253 802 4310; x_wconf 87' lang='lat' dir='ltr'>vivere</span> <span class='ocrx_word' id='word_1_428' title='bbox 828 4255 1106 4325; x_wconf 86' lang='lat' dir='ltr'>potuerit,</span> <span class='ocrx_word' id='word_1_429' title='bbox 1130 4255 1206 4311; x_wconf 88' lang='lat' dir='ltr'>ita</span> <span class='ocrx_word' id='word_1_430' title='bbox 1231 4257 1478 4313; x_wconf 89' lang='lat' dir='ltr'>ommnia</span> <span class='ocrx_word' id='word_1_431' title='bbox 1512 4252 1859 4313; x_wconf 64' lang='lat' dir='ltr'>attriverant</span> 
     </span>
    </p>
   </div>
   <div class='ocr_carea' id='block_1_60' title="bbox 214 4341 1865 4411">
    <p class='ocr_par' dir='ltr' id='par_1_60' title="bbox 214 4341 1865 4411">
     <span class='ocr_line' id='line_1_60' title="bbox 214 4341 1865 4411; baseline 0.004 -15"><span class='ocrx_word' id='word_1_432' title='bbox 214 4341 311 4411; x_wconf 89' lang='lat' dir='ltr'>qui</span> <span class='ocrx_word' id='word_1_433' title='bbox 350 4345 485 4398; x_wconf 89' lang='lat' dir='ltr'>ante</span> <span class='ocrx_word' id='word_1_434' title='bbox 517 4356 647 4398; x_wconf 89' lang='lat' dir='ltr'>eum</span> <span class='ocrx_word' id='word_1_435' title='bbox 683 4344 928 4399; x_wconf 87' lang='lat' dir='ltr'>fuerant.</span> <span class='ocrx_word' id='word_1_436' title='bbox 966 4345 1126 4400; x_wconf 85' lang='lat' dir='ltr'>Adeo</span> <span class='ocrx_word' id='word_1_437' title='bbox 1158 4352 1222 4401; x_wconf 92' lang='lat' dir='ltr'>ut</span> <span class='ocrx_word' id='word_1_438' title='bbox 1253 4347 1323 4401; x_wconf 91' lang='lat' dir='ltr'>de</span> <span class='ocrx_word' id='word_1_439' title='bbox 1373 4347 1641 4403; x_wconf 90' lang='lat' dir='ltr'>omnibus</span> <span class='ocrx_word' id='word_1_440' title='bbox 1684 4348 1865 4403; x_wconf 88' lang='lat' dir='ltr'>totius</span> 
     </span>
    </p>
   </div>
   <div class='ocr_carea' id='block_1_61' title="bbox 212 4432 1863 4507">
    <p class='ocr_par' dir='ltr' id='par_1_61' title="bbox 212 4432 1863 4507">
     <span class='ocr_line' id='line_1_61' title="bbox 212 4432 1863 4507; baseline 0.001 -20"><span class='ocrx_word' id='word_1_441' title='bbox 212 4432 591 4503; x_wconf 87' lang='lat' dir='ltr'>episcopatus</span> <span class='ocrx_word' id='word_1_442' title='bbox 612 4432 899 4489; x_wconf 76' lang='lat' dir='ltr'>:ecclesiis</span> <span class='ocrx_word' id='word_1_443' title='bbox 924 4434 1018 4488; x_wconf 85' lang='lat' dir='ltr'>vix</span> <span class='ocrx_word' id='word_1_444' title='bbox 1042 4449 1208 4490; x_wconf 89' lang='lat' dir='ltr'>unam</span> <span class='ocrx_word' id='word_1_445' title='bbox 1237 4435 1478 4490; x_wconf 85' lang='lat' dir='ltr'>haberet</span> <span class='ocrx_word' id='word_1_446' title='bbox 1512 4435 1717 4491; x_wconf 90' lang='lat' dir='ltr'>domus</span> <span class='ocrx_word' id='word_1_447' title='bbox 1746 4435 1863 4507; x_wconf 86' lang='lat' dir='ltr'>epi-</span> 
     </span>
    </p>
   </div>
   <div class='ocr_carea' id='block_1_62' title="bbox 213 4520 1866 4595">
    <p class='ocr_par' dir='ltr' id='par_1_62' title="bbox 213 4520 1866 4595">
     <span class='ocr_line' id='line_1_62' title="bbox 213 4520 1866 4595; baseline 0.001 -18"><span class='ocrx_word' id='word_1_448' title='bbox 213 4520 471 4592; x_wconf 89' lang='lat' dir='ltr'>scopalis</span> <span class='ocrx_word' id='word_1_449' title='bbox 487 4524 584 4578; x_wconf 90' lang='lat' dir='ltr'>aut</span> <span class='ocrx_word' id='word_1_450' title='bbox 610 4527 796 4578; x_wconf 87' lang='lat' dir='ltr'>mater</span> <span class='ocrx_word' id='word_1_451' title='bbox 818 4522 1105 4591; x_wconf 76' lang='lat' dir='ltr'>:ecclesia,</span> <span class='ocrx_word' id='word_1_452' title='bbox 1130 4539 1259 4579; x_wconf 88' lang='lat' dir='ltr'>cum</span> <span class='ocrx_word' id='word_1_453' title='bbox 1288 4524 1405 4579; x_wconf 88' lang='lat' dir='ltr'>fere</span> <span class='ocrx_word' id='word_1_454' title='bbox 1447 4540 1648 4580; x_wconf 82' lang='lat' dir='ltr'>omnes</span> <span class='ocrx_word' id='word_1_455' title='bbox 1682 4525 1866 4595; x_wconf 75' lang='lat' dir='ltr'>pessi-</span> 
     </span>
    </p>
   </div>
   <div class='ocr_carea' id='block_1_63' title="bbox 215 4608 1866 4682">
    <p class='ocr_par' dir='ltr' id='par_1_63' title="bbox 215 4608 1866 4682">
     <span class='ocr_line' id='line_1_63' title="bbox 215 4608 1866 4682; baseline 0.006 -23"><span class='ocrx_word' id='word_1_456' title='bbox 215 4608 497 4666; x_wconf 86' lang='lat' dir='ltr'>derentur</span> <span class='ocrx_word' id='word_1_457' title='bbox 516 4624 545 4666; x_wconf 90' lang='lat' dir='ltr'>a</span> <span class='ocrx_word' id='word_1_458' title='bbox 573 4609 858 4668; x_wconf 87' lang='lat' dir='ltr'>militibus</span> <span class='ocrx_word' id='word_1_459' title='bbox 878 4616 934 4667; x_wconf 89' lang='lat' dir='ltr'>et</span> <span class='ocrx_word' id='word_1_460' title='bbox 961 4611 1318 4682; x_wconf 85' lang='lat' dir='ltr'>quibuslibet</span> <span class='ocrx_word' id='word_1_461' title='bbox 1339 4613 1723 4669; x_wconf 85' lang='lat' dir='ltr'>socularibus.</span> <span class='ocrx_word' id='word_1_462' title='bbox 1753 4615 1866 4669; x_wconf 78' lang='lat' dir='ltr'>Nec</span> 
     </span>
    </p>
   </div>
   <div class='ocr_carea' id='block_1_64' title="bbox 1963 2029 3604 2086">
    <p class='ocr_par' dir='ltr' id='par_1_64' title="bbox 1963 2029 3604 2086">
     <span class='ocr_line' id='line_1_64' title="bbox 1963 2029 3604 2086; baseline -0.001 -1"><span class='ocrx_word' id='word_1_463' title='bbox 1963 2029 2143 2085; x_wconf 91' lang='lat' dir='ltr'>solam</span> <span class='ocrx_word' id='word_1_464' title='bbox 2172 2029 2484 2086; x_wconf 89' lang='lat' dir='ltr'>clericatus</span> <span class='ocrx_word' id='word_1_465' title='bbox 2517 2034 2811 2086; x_wconf 87' lang='lat' dir='ltr'>tonsuram</span> <span class='ocrx_word' id='word_1_466' title='bbox 2854 2029 3604 2085; x_wconf 79' lang='lat' dir='ltr'>habebat—detestabatur</span> 
     </span>
    </p>
   </div>
   <div class='ocr_carea' id='block_1_65' title="bbox 1961 2118 3605 2190">
    <p class='ocr_par' dir='ltr' id='par_1_65' title="bbox 1961 2118 3605 2190">
     <span class='ocr_line' id='line_1_65' title="bbox 1961 2118 3605 2190; baseline -0.002 -15"><span class='ocrx_word' id='word_1_467' title='bbox 1961 2119 2110 2175; x_wconf 89' lang='lat' dir='ltr'>enim</span> <span class='ocrx_word' id='word_1_468' title='bbox 2146 2119 2618 2190; x_wconf 82' lang='lat' dir='ltr'>Symouiacorum</span> <span class='ocrx_word' id='word_1_469' title='bbox 2649 2119 3158 2189; x_wconf 75' lang='lat' dir='ltr'>ordinationes—,</span> <span class='ocrx_word' id='word_1_470' title='bbox 3186 2119 3241 2174; x_wconf 92' lang='lat' dir='ltr'>in</span> <span class='ocrx_word' id='word_1_471' title='bbox 3275 2132 3470 2174; x_wconf 90' lang='lat' dir='ltr'>mense</span> <span class='ocrx_word' id='word_1_472' title='bbox 3502 2118 3605 2172; x_wconf 87' lang='lat' dir='ltr'>De-</span> 
     </span>
    </p>
   </div>
   <div class='ocr_carea' id='block_1_66' title="bbox 1961 2206 3605 2280">
    <p class='ocr_par' dir='ltr' id='par_1_66' title="bbox 1961 2206 3605 2280">
     <span class='ocr_line' id='line_1_66' title="bbox 1961 2206 3605 2280; baseline -0.002 -14"><span class='ocrx_word' id='word_1_473' title='bbox 1961 2208 2220 2266; x_wconf 88' lang='lat' dir='ltr'>cembrio</span> <span class='ocrx_word' id='word_1_474' title='bbox 2252 2224 2355 2280; x_wconf 87' lang='lat' dir='ltr'>per</span> <span class='ocrx_word' id='word_1_475' title='bbox 2390 2224 2616 2265; x_wconf 90' lang='lat' dir='ltr'>manum</span> <span class='ocrx_word' id='word_1_476' title='bbox 2648 2209 2774 2278; x_wconf 90' lang='lat' dir='ltr'>ejus</span> <span class='ocrx_word' id='word_1_477' title='bbox 2813 2222 2999 2277; x_wconf 82' lang='lat' dir='ltr'>usque</span> <span class='ocrx_word' id='word_1_478' title='bbox 3048 2206 3118 2262; x_wconf 89' lang='lat' dir='ltr'>ad</span> <span class='ocrx_word' id='word_1_479' title='bbox 3171 2207 3605 2279; x_wconf 89' lang='lat' dir='ltr'>presbiteratus</span> 
     </span>
    </p>
   </div>
   <div class='ocr_carea' id='block_1_67' title="bbox 1962 2295 3597 2368">
    <p class='ocr_par' dir='ltr' id='par_1_67' title="bbox 1962 2295 3597 2368">
     <span class='ocr_line' id='line_1_67' title="bbox 1962 2295 3597 2368; baseline -0.001 -14"><span class='ocrx_word' id='word_1_480' title='bbox 1962 2298 2204 2368; x_wconf 87' lang='lat' dir='ltr'>gradum</span> <span class='ocrx_word' id='word_1_481' title='bbox 2240 2302 2543 2368; x_wconf 90' lang='lat' dir='ltr'>promotus</span> <span class='ocrx_word' id='word_1_482' title='bbox 2574 2302 2686 2367; x_wconf 88' lang='lat' dir='ltr'>est,</span> <span class='ocrx_word' id='word_1_483' title='bbox 2720 2312 2848 2353; x_wconf 91' lang='lat' dir='ltr'>cum</span> <span class='ocrx_word' id='word_1_484' title='bbox 2882 2298 2991 2352; x_wconf 91' lang='lat' dir='ltr'>boc</span> <span class='ocrx_word' id='word_1_485' title='bbox 3021 2296 3200 2368; x_wconf 90' lang='lat' dir='ltr'>aliqui</span> <span class='ocrx_word' id='word_1_486' title='bbox 3246 2295 3597 2368; x_wconf 88' lang='lat' dir='ltr'>calumpuia-</span> 
     </span>
    </p>
   </div>
   <div class='ocr_carea' id='block_1_68' title="bbox 1964 2388 3607 2457">
    <p class='ocr_par' dir='ltr' id='par_1_68' title="bbox 1964 2388 3607 2457">
     <span class='ocr_line' id='line_1_68' title="bbox 1964 2388 3607 2457; baseline -0.002 -14"><span class='ocrx_word' id='word_1_487' title='bbox 1964 2392 2170 2443; x_wconf 89' lang='lat' dir='ltr'>rentur</span> <span class='ocrx_word' id='word_1_488' title='bbox 2216 2388 2622 2457; x_wconf 83' lang='lat' dir='ltr'>Romanorum,</span> <span class='ocrx_word' id='word_1_489' title='bbox 2675 2390 2732 2442; x_wconf 87' lang='lat' dir='ltr'>et</span> <span class='ocrx_word' id='word_1_490' title='bbox 2768 2390 3101 2457; x_wconf 87' lang='lat' dir='ltr'>promerent</span> <span class='ocrx_word' id='word_1_491' title='bbox 3149 2400 3365 2441; x_wconf 90' lang='lat' dir='ltr'>morem</span> <span class='ocrx_word' id='word_1_492' title='bbox 3396 2388 3607 2442; x_wconf 65' lang='lat' dir='ltr'>sanctae</span> 
     </span>
    </p>
   </div>
   <div class='ocr_carea' id='block_1_69' title="bbox 1965 2472 3607 2543">
    <p class='ocr_par' dir='ltr' id='par_1_69' title="bbox 1965 2472 3607 2543">
     <span class='ocr_line' id='line_1_69' title="bbox 1965 2472 3607 2543; baseline -0.002 -12"><span class='ocrx_word' id='word_1_493' title='bbox 1965 2477 2235 2532; x_wconf 66' lang='lat' dir='ltr'>Romanae</span> <span class='ocrx_word' id='word_1_494' title='bbox 2253 2475 2538 2543; x_wconf 55' lang='lat' dir='ltr'>ecclesia),</span> <span class='ocrx_word' id='word_1_495' title='bbox 2560 2475 2847 2531; x_wconf 89' lang='lat' dir='ltr'>neminem</span> <span class='ocrx_word' id='word_1_496' title='bbox 2864 2474 3262 2530; x_wconf 88' lang='lat' dir='ltr'>licetelectum</span> <span class='ocrx_word' id='word_1_497' title='bbox 3283 2472 3607 2530; x_wconf 89' lang='lat' dir='ltr'>antistitem</span> 
     </span>
    </p>
   </div>
   <div class='ocr_carea' id='block_1_70' title="bbox 1967 2558 3611 2635">
    <p class='ocr_par' dir='ltr' id='par_1_70' title="bbox 1967 2558 3611 2635">
     <span class='ocr_line' id='line_1_70' title="bbox 1967 2558 3611 2635; baseline -0.003 -16"><span class='ocrx_word' id='word_1_498' title='bbox 1967 2578 1996 2619; x_wconf 91' lang='lat' dir='ltr'>a</span> <span class='ocrx_word' id='word_1_499' title='bbox 2032 2579 2175 2635; x_wconf 88' lang='lat' dir='ltr'>papa</span> <span class='ocrx_word' id='word_1_500' title='bbox 2208 2564 2591 2620; x_wconf 92' lang='lat' dir='ltr'>ordinandum</span> <span class='ocrx_word' id='word_1_501' title='bbox 2625 2563 2733 2618; x_wconf 88' lang='lat' dir='ltr'>nisi</span> <span class='ocrx_word' id='word_1_502' title='bbox 2761 2562 2815 2617; x_wconf 92' lang='lat' dir='ltr'>in</span> <span class='ocrx_word' id='word_1_503' title='bbox 2839 2562 3037 2618; x_wconf 80' lang='lat' dir='ltr'>eadem</span> <span class='ocrx_word' id='word_1_504' title='bbox 3064 2560 3390 2618; x_wconf 88' lang='lat' dir='ltr'>deserviret</span> <span class='ocrx_word' id='word_1_505' title='bbox 3413 2558 3611 2616; x_wconf 72' lang='lat' dir='ltr'>asccle-</span> 
     </span>
    </p>
   </div>
   <div class='ocr_carea' id='block_1_71' title="bbox 1967 2649 3611 2723">
    <p class='ocr_par' dir='ltr' id='par_1_71' title="bbox 1967 2649 3611 2723">
     <span class='ocr_line' id='line_1_71' title="bbox 1967 2649 3611 2723; baseline -0.002 -14"><span class='ocrx_word' id='word_1_506' title='bbox 1967 2654 2068 2709; x_wconf 89' lang='lat' dir='ltr'>sia.</span> <span class='ocrx_word' id='word_1_507' title='bbox 2111 2654 2273 2720; x_wconf 88' lang='lat' dir='ltr'>Quod</span> <span class='ocrx_word' id='word_1_508' title='bbox 2307 2657 2499 2708; x_wconf 90' lang='lat' dir='ltr'>tamen</span> <span class='ocrx_word' id='word_1_509' title='bbox 2543 2653 2598 2707; x_wconf 91' lang='lat' dir='ltr'>in</span> <span class='ocrx_word' id='word_1_510' title='bbox 2642 2652 2768 2723; x_wconf 87' lang='lat' dir='ltr'>ipso</span> <span class='ocrx_word' id='word_1_511' title='bbox 2820 2652 3066 2707; x_wconf 89' lang='lat' dir='ltr'>domnus</span> <span class='ocrx_word' id='word_1_512' title='bbox 3107 2649 3402 2706; x_wconf 88' lang='lat' dir='ltr'>autentica</span> <span class='ocrx_word' id='word_1_513' title='bbox 3448 2652 3611 2719; x_wconf 85' lang='lat' dir='ltr'>pote-</span> 
     </span>
    </p>
   </div>
   <div class='ocr_carea' id='block_1_72' title="bbox 1968 2736 3608 2811">
    <p class='ocr_par' dir='ltr' id='par_1_72' title="bbox 1968 2736 3608 2811">
     <span class='ocr_line' id='line_1_72' title="bbox 1968 2736 3608 2811; baseline -0.004 -14"><span class='ocrx_word' id='word_1_514' title='bbox 1968 2746 2121 2798; x_wconf 86' lang='lat' dir='ltr'>state</span> <span class='ocrx_word' id='word_1_515' title='bbox 2146 2757 2245 2798; x_wconf 89' lang='lat' dir='ltr'>sua</span> <span class='ocrx_word' id='word_1_516' title='bbox 2273 2741 2409 2797; x_wconf 90' lang='lat' dir='ltr'>fecit</span> <span class='ocrx_word' id='word_1_517' title='bbox 2433 2758 2446 2805; x_wconf 92' lang='lat'>;</span> <span class='ocrx_word' id='word_1_518' title='bbox 2473 2740 2901 2811; x_wconf 87' lang='lat' dir='ltr'>complacuerat</span> <span class='ocrx_word' id='word_1_519' title='bbox 2925 2738 3072 2795; x_wconf 90' lang='lat' dir='ltr'>enim</span> <span class='ocrx_word' id='word_1_520' title='bbox 3099 2738 3210 2793; x_wconf 89' lang='lat' dir='ltr'>sibi</span> <span class='ocrx_word' id='word_1_521' title='bbox 3238 2737 3291 2791; x_wconf 93' lang='lat' dir='ltr'>in</span> <span class='ocrx_word' id='word_1_522' title='bbox 3309 2736 3409 2793; x_wconf 90' lang='lat' dir='ltr'>illo</span> <span class='ocrx_word' id='word_1_523' title='bbox 3423 2736 3608 2792; x_wconf 86' lang='lat' dir='ltr'>anima</span> 
     </span>
    </p>
   </div>
   <div class='ocr_carea' id='block_1_73' title="bbox 1965 2824 3607 2899">
    <p class='ocr_par' dir='ltr' id='par_1_73' title="bbox 1965 2824 3607 2899">
     <span class='ocr_line' id='line_1_73' title="bbox 1965 2824 3607 2899; baseline -0.005 -13"><span class='ocrx_word' id='word_1_524' title='bbox 1965 2831 2110 2899; x_wconf 87' lang='lat' dir='ltr'>ejus.</span> <span class='ocrx_word' id='word_1_525' title='bbox 2142 2832 2198 2884; x_wconf 92' lang='lat' dir='ltr'>lu</span> <span class='ocrx_word' id='word_1_526' title='bbox 2223 2829 2662 2899; x_wconf 85' lang='lat' dir='ltr'>quadragesima</span> <span class='ocrx_word' id='word_1_527' title='bbox 2680 2842 2836 2896; x_wconf 87' lang='lat' dir='ltr'>vero,</span> <span class='ocrx_word' id='word_1_528' title='bbox 2857 2828 3100 2883; x_wconf 90' lang='lat' dir='ltr'>sabbato</span> <span class='ocrx_word' id='word_1_529' title='bbox 3118 2827 3172 2881; x_wconf 93' lang='lat' dir='ltr'>in</span> <span class='ocrx_word' id='word_1_530' title='bbox 3194 2824 3607 2896; x_wconf 88' lang='lat' dir='ltr'>prcsbiterum,</span> 
     </span>
    </p>
   </div>
   <div class='ocr_carea' id='block_1_74' title="bbox 1967 2914 3612 2989">
    <p class='ocr_par' dir='ltr' id='par_1_74' title="bbox 1967 2914 3612 2989">
     <span class='ocr_line' id='line_1_74' title="bbox 1967 2914 3612 2989; baseline -0.003 -15"><span class='ocrx_word' id='word_1_531' title='bbox 1967 2924 2023 2974; x_wconf 91' lang='lat' dir='ltr'>et</span> <span class='ocrx_word' id='word_1_532' title='bbox 2056 2919 2324 2989; x_wconf 90' lang='lat' dir='ltr'>sequenti</span> <span class='ocrx_word' id='word_1_533' title='bbox 2358 2918 2653 2974; x_wconf 88' lang='lat' dir='ltr'>Dominiea</span> <span class='ocrx_word' id='word_1_534' title='bbox 2686 2916 2756 2972; x_wconf 92' lang='lat' dir='ltr'>ad</span> <span class='ocrx_word' id='word_1_535' title='bbox 2791 2916 2998 2972; x_wconf 87' lang='lat' dir='ltr'>missas</span> <span class='ocrx_word' id='word_1_536' title='bbox 3032 2916 3086 2970; x_wconf 90' lang='lat' dir='ltr'>in</span> <span class='ocrx_word' id='word_1_537' title='bbox 3120 2914 3457 2985; x_wconf 89' lang='lat' dir='ltr'>episcopum</span> <span class='ocrx_word' id='word_1_538' title='bbox 3480 2926 3612 2969; x_wconf 90' lang='lat' dir='ltr'>con-</span> 
     </span>
    </p>
   </div>
   <div class='ocr_carea' id='block_1_75' title="bbox 1969 3001 3609 3077">
    <p class='ocr_par' dir='ltr' id='par_1_75' title="bbox 1969 3001 3609 3077">
     <span class='ocr_line' id='line_1_75' title="bbox 1969 3001 3609 3077; baseline -0.003 -15"><span class='ocrx_word' id='word_1_539' title='bbox 1969 3012 2236 3064; x_wconf 87' lang='lat' dir='ltr'>secratus</span> <span class='ocrx_word' id='word_1_540' title='bbox 2258 3013 2347 3062; x_wconf 89' lang='lat' dir='ltr'>est</span> <span class='ocrx_word' id='word_1_541' title='bbox 2383 3007 2471 3062; x_wconf 90' lang='lat' dir='ltr'>Sic</span> <span class='ocrx_word' id='word_1_542' title='bbox 2518 3011 2649 3077; x_wconf 91' lang='lat' dir='ltr'>post</span> <span class='ocrx_word' id='word_1_543' title='bbox 2699 3013 2941 3061; x_wconf 90' lang='lat' dir='ltr'>octonos</span> <span class='ocrx_word' id='word_1_544' title='bbox 2976 3001 3437 3060; x_wconf 89' lang='lat' dir='ltr'>consecrationis</span> <span class='ocrx_word' id='word_1_545' title='bbox 3487 3001 3609 3057; x_wconf 92' lang='lat' dir='ltr'>dies</span> 
     </span>
    </p>
   </div>
   <div class='ocr_carea' id='block_1_76' title="bbox 1967 3090 3610 3162">
    <p class='ocr_par' dir='ltr' id='par_1_76' title="bbox 1967 3090 3610 3162">
     <span class='ocr_line' id='line_1_76' title="bbox 1967 3090 3610 3162; baseline -0.004 -10"><span class='ocrx_word' id='word_1_546' title='bbox 1967 3096 2183 3152; x_wconf 80' lang='lat' dir='ltr'>affatim</span> <span class='ocrx_word' id='word_1_547' title='bbox 2208 3096 2467 3151; x_wconf 88' lang='lat' dir='ltr'>imbutus</span> <span class='ocrx_word' id='word_1_548' title='bbox 2496 3094 2708 3150; x_wconf 85' lang='lat' dir='ltr'>divinis</span> <span class='ocrx_word' id='word_1_549' title='bbox 2734 3093 3124 3162; x_wconf 75' lang='lat' dir='ltr'>dogmatibus,</span> <span class='ocrx_word' id='word_1_550' title='bbox 3159 3096 3218 3149; x_wconf 90' lang='lat' dir='ltr'>et</span> <span class='ocrx_word' id='word_1_551' title='bbox 3248 3090 3498 3148; x_wconf 88' lang='lat' dir='ltr'>ubertim</span> <span class='ocrx_word' id='word_1_552' title='bbox 3521 3104 3610 3145; x_wconf 85' lang='lat' dir='ltr'>ro—</span> 
     </span>
    </p>
   </div>
   <div class='ocr_carea' id='block_1_77' title="bbox 1970 3178 3609 3245">
    <p class='ocr_par' dir='ltr' id='par_1_77' title="bbox 1970 3178 3609 3245">
     <span class='ocr_line' id='line_1_77' title="bbox 1970 3178 3609 3245; baseline -0.004 -4"><span class='ocrx_word' id='word_1_553' title='bbox 1970 3186 2209 3241; x_wconf 87' lang='lat' dir='ltr'>boratus</span> <span class='ocrx_word' id='word_1_554' title='bbox 2260 3183 2695 3239; x_wconf 76' lang='lat' dir='ltr'>:ecclcsiasticis</span> <span class='ocrx_word' id='word_1_555' title='bbox 2734 3182 3159 3245; x_wconf 86' lang='lat' dir='ltr'>sanctionibus,</span> <span class='ocrx_word' id='word_1_556' title='bbox 3206 3178 3609 3236; x_wconf 86' lang='lat' dir='ltr'>benedictione</span> 
     </span>
    </p>
   </div>
   <div class='ocr_carea' id='block_1_78' title="bbox 1968 3267 3611 3343">
    <p class='ocr_par' dir='ltr' id='par_1_78' title="bbox 1968 3267 3611 3343">
     <span class='ocr_line' id='line_1_78' title="bbox 1968 3267 3611 3343; baseline -0.004 -15"><span class='ocrx_word' id='word_1_557' title='bbox 1968 3278 2240 3343; x_wconf 89' lang='lat' dir='ltr'>percepta</span> <span class='ocrx_word' id='word_1_558' title='bbox 2263 3272 2541 3328; x_wconf 87' lang='lat' dir='ltr'>dimissus</span> <span class='ocrx_word' id='word_1_559' title='bbox 2561 3276 2650 3327; x_wconf 89' lang='lat' dir='ltr'>est</span> <span class='ocrx_word' id='word_1_560' title='bbox 2673 3270 2743 3326; x_wconf 90' lang='lat' dir='ltr'>ad</span> <span class='ocrx_word' id='word_1_561' title='bbox 2770 3269 3058 3338; x_wconf 84' lang='lat' dir='ltr'>regendos</span> <span class='ocrx_word' id='word_1_562' title='bbox 3078 3268 3249 3338; x_wconf 81' lang='lat' dir='ltr'>filios,</span> <span class='ocrx_word' id='word_1_563' title='bbox 3277 3267 3485 3338; x_wconf 89' lang='lat' dir='ltr'>quibus</span> <span class='ocrx_word' id='word_1_564' title='bbox 3517 3281 3611 3338; x_wconf 85' lang='lat' dir='ltr'>pa-</span> 
     </span>
    </p>
   </div>
   <div class='ocr_carea' id='block_1_79' title="bbox 1972 3360 2923 3416">
    <p class='ocr_par' dir='ltr' id='par_1_79' title="bbox 1972 3360 2923 3416">
     <span class='ocr_line' id='line_1_79' title="bbox 1972 3360 2923 3416; baseline -0.004 0"><span class='ocrx_word' id='word_1_565' title='bbox 1972 3366 2101 3416; x_wconf 89' lang='lat' dir='ltr'>stor</span> <span class='ocrx_word' id='word_1_566' title='bbox 2130 3366 2187 3415; x_wconf 87' lang='lat' dir='ltr'>et</span> <span class='ocrx_word' id='word_1_567' title='bbox 2223 3366 2420 3416; x_wconf 70' lang='lat' dir='ltr'>rector</span> <span class='ocrx_word' id='word_1_568' title='bbox 2450 3360 2757 3415; x_wconf 87' lang='lat' dir='ltr'>ordinatus</span> <span class='ocrx_word' id='word_1_569' title='bbox 2780 3364 2923 3414; x_wconf 84' lang='lat' dir='ltr'>erat.</span> 
     </span>
    </p>
   </div>
   <div class='ocr_carea' id='block_1_80' title="bbox 2044 3442 3612 3518">
    <p class='ocr_par' dir='ltr' id='par_1_80' title="bbox 2044 3442 3612 3518">
     <span class='ocr_line' id='line_1_80' title="bbox 2044 3442 3612 3518; baseline -0.002 -15"><span class='ocrx_word' id='word_1_570' title='bbox 2044 3450 2151 3505; x_wconf 87' lang='lat' dir='ltr'>Sed</span> <span class='ocrx_word' id='word_1_571' title='bbox 2190 3466 2292 3504; x_wconf 87' lang='lat' dir='ltr'>nec</span> <span class='ocrx_word' id='word_1_572' title='bbox 2326 3449 2468 3503; x_wconf 78' lang='lat' dir='ltr'>illud</span> <span class='ocrx_word' id='word_1_573' title='bbox 2505 3448 2810 3514; x_wconf 87' lang='lat' dir='ltr'>silendum,</span> <span class='ocrx_word' id='word_1_574' title='bbox 2848 3448 2899 3502; x_wconf 90' lang='lat' dir='ltr'>in</span> <span class='ocrx_word' id='word_1_575' title='bbox 2933 3462 3047 3518; x_wconf 89' lang='lat' dir='ltr'>quo</span> <span class='ocrx_word' id='word_1_576' title='bbox 3078 3445 3311 3516; x_wconf 83' lang='lat' dir='ltr'>egregie</span> <span class='ocrx_word' id='word_1_577' title='bbox 3351 3442 3612 3502; x_wconf 85' lang='lat' dir='ltr'>convale-</span> 
     </span>
    </p>
   </div>
   <div class='ocr_carea' id='block_1_81' title="bbox 1972 3534 3612 3609">
    <p class='ocr_par' dir='ltr' id='par_1_81' title="bbox 1972 3534 3612 3609">
     <span class='ocr_line' id='line_1_81' title="bbox 1972 3534 3612 3609; baseline -0.004 -13"><span class='ocrx_word' id='word_1_578' title='bbox 1972 3540 2081 3595; x_wconf 86' lang='lat' dir='ltr'>scit</span> <span class='ocrx_word' id='word_1_579' title='bbox 2102 3538 2499 3594; x_wconf 77' lang='lat' dir='ltr'>testimonium</span> <span class='ocrx_word' id='word_1_580' title='bbox 2528 3537 2842 3609; x_wconf 89' lang='lat' dir='ltr'>probitatis</span> <span class='ocrx_word' id='word_1_581' title='bbox 2865 3537 3013 3607; x_wconf 87' lang='lat' dir='ltr'>ejus,</span> <span class='ocrx_word' id='word_1_582' title='bbox 3038 3538 3097 3591; x_wconf 92' lang='lat' dir='ltr'>et</span> <span class='ocrx_word' id='word_1_583' title='bbox 3125 3534 3529 3606; x_wconf 70' lang='lat' dir='ltr'>przeordinatae</span> <span class='ocrx_word' id='word_1_584' title='bbox 3544 3547 3612 3590; x_wconf 87' lang='lat' dir='ltr'>ac</span> 
     </span>
    </p>
   </div>
   <div class='ocr_carea' id='block_1_82' title="bbox 1974 3623 3612 3699">
    <p class='ocr_par' dir='ltr' id='par_1_82' title="bbox 1974 3623 3612 3699">
     <span class='ocr_line' id='line_1_82' title="bbox 1974 3623 3612 3699; baseline -0.003 -16"><span class='ocrx_word' id='word_1_585' title='bbox 1974 3630 2089 3683; x_wconf 87' lang='lat' dir='ltr'>Deo</span> <span class='ocrx_word' id='word_1_586' title='bbox 2125 3629 2353 3699; x_wconf 65' lang='lat' dir='ltr'>placitae</span> <span class='ocrx_word' id='word_1_587' title='bbox 2386 3626 2841 3683; x_wconf 79' lang='lat' dir='ltr'>consecrationis</span> <span class='ocrx_word' id='word_1_588' title='bbox 2871 3626 3017 3694; x_wconf 86' lang='lat' dir='ltr'>ejus.</span> <span class='ocrx_word' id='word_1_589' title='bbox 3067 3626 3203 3681; x_wconf 86' lang='lat' dir='ltr'>Cum</span> <span class='ocrx_word' id='word_1_590' title='bbox 3259 3632 3392 3695; x_wconf 89' lang='lat' dir='ltr'>post</span> <span class='ocrx_word' id='word_1_591' title='bbox 3432 3623 3612 3694; x_wconf 86' lang='lat' dir='ltr'>ipsam</span> 
     </span>
    </p>
   </div>
   <div class='ocr_carea' id='block_1_83' title="bbox 1975 3709 3613 3785">
    <p class='ocr_par' dir='ltr' id='par_1_83' title="bbox 1975 3709 3613 3785">
     <span class='ocr_line' id='line_1_83' title="bbox 1975 3709 3613 3785; baseline -0.004 -13"><span class='ocrx_word' id='word_1_592' title='bbox 1975 3732 2138 3772; x_wconf 82' lang='lat' dir='ltr'>suam</span> <span class='ocrx_word' id='word_1_593' title='bbox 2172 3716 2540 3783; x_wconf 71' lang='lat' dir='ltr'>electionem,</span> <span class='ocrx_word' id='word_1_594' title='bbox 2566 3731 2694 3785; x_wconf 64' lang='lat' dir='ltr'>qua:</span> <span class='ocrx_word' id='word_1_595' title='bbox 2722 3717 2866 3769; x_wconf 83' lang='lat' dir='ltr'>facta</span> <span class='ocrx_word' id='word_1_596' title='bbox 2892 3718 2985 3769; x_wconf 86' lang='lat' dir='ltr'>est</span> <span class='ocrx_word' id='word_1_597' title='bbox 3004 3728 3199 3770; x_wconf 89' lang='lat' dir='ltr'>mense</span> <span class='ocrx_word' id='word_1_598' title='bbox 3224 3711 3500 3768; x_wconf 90' lang='lat' dir='ltr'>Octobrio</span> <span class='ocrx_word' id='word_1_599' title='bbox 3518 3709 3613 3766; x_wconf 90' lang='lat' dir='ltr'>die</span> 
     </span>
    </p>
   </div>
   <div class='ocr_carea' id='block_1_84' title="bbox 1976 3802 3613 3874">
    <p class='ocr_par' dir='ltr' id='par_1_84' title="bbox 1976 3802 3613 3874">
     <span class='ocr_line' id='line_1_84' title="bbox 1976 3802 3613 3874; baseline -0.004 -14"><span class='ocrx_word' id='word_1_600' title='bbox 1976 3812 2059 3864; x_wconf 77' lang='lat'>19.</span> <span class='ocrx_word' id='word_1_601' title='bbox 2097 3806 2162 3860; x_wconf 85' lang='lat' dir='ltr'>ad</span> <span class='ocrx_word' id='word_1_602' title='bbox 2199 3804 2607 3874; x_wconf 77' lang='lat' dir='ltr'>suscipiendos</span> <span class='ocrx_word' id='word_1_603' title='bbox 2637 3804 2874 3858; x_wconf 85' lang='lat' dir='ltr'>ordines</span> <span class='ocrx_word' id='word_1_604' title='bbox 2902 3805 3136 3858; x_wconf 83' lang='lat' dir='ltr'>Romam</span> <span class='ocrx_word' id='word_1_605' title='bbox 3169 3816 3366 3858; x_wconf 88' lang='lat' dir='ltr'>mense</span> <span class='ocrx_word' id='word_1_606' title='bbox 3384 3802 3613 3855; x_wconf 86' lang='lat' dir='ltr'>Decem-</span> 
     </span>
    </p>
   </div>
   <div class='ocr_carea' id='block_1_85' title="bbox 1977 3889 3613 3963">
    <p class='ocr_par' dir='ltr' id='par_1_85' title="bbox 1977 3889 3613 3963">
     <span class='ocr_line' id='line_1_85' title="bbox 1977 3889 3613 3963; baseline -0.002 -16"><span class='ocrx_word' id='word_1_607' title='bbox 1977 3894 2063 3948; x_wconf 87' lang='lat' dir='ltr'>bri</span> <span class='ocrx_word' id='word_1_608' title='bbox 2097 3894 2376 3959; x_wconf 84' lang='lat' dir='ltr'>vcnisset,</span> <span class='ocrx_word' id='word_1_609' title='bbox 2404 3892 2850 3947; x_wconf 81' lang='lat' dir='ltr'>invenitibidem</span> <span class='ocrx_word' id='word_1_610' title='bbox 2868 3908 2972 3963; x_wconf 90' lang='lat' dir='ltr'>pro</span> <span class='ocrx_word' id='word_1_611' title='bbox 2996 3892 3170 3948; x_wconf 87' lang='lat' dir='ltr'>simili</span> <span class='ocrx_word' id='word_1_612' title='bbox 3208 3889 3613 3962; x_wconf 78' lang='lat' dir='ltr'>expectatione</span> 
     </span>
    </p>
   </div>
   <div class='ocr_carea' id='block_1_86' title="bbox 1976 3978 3613 4050">
    <p class='ocr_par' dir='ltr' id='par_1_86' title="bbox 1976 3978 3613 4050">
     <span class='ocr_line' id='line_1_86' title="bbox 1976 3978 3613 4050; baseline -0.004 -11"><span class='ocrx_word' id='word_1_613' title='bbox 1976 3984 2248 4039; x_wconf 88' lang='lat' dir='ltr'>domuum</span> <span class='ocrx_word' id='word_1_614' title='bbox 2311 3982 2641 4038; x_wconf 89' lang='lat' dir='ltr'>Ansclmnm</span> <span class='ocrx_word' id='word_1_615' title='bbox 2700 3984 3015 4038; x_wconf 83' lang='lat' dir='ltr'>Lucenscm</span> <span class='ocrx_word' id='word_1_616' title='bbox 3083 3981 3370 4050; x_wconf 71' lang='lat' dir='ltr'>zelectum,</span> <span class='ocrx_word' id='word_1_617' title='bbox 3430 3978 3613 4034; x_wconf 91' lang='lat' dir='ltr'>virum</span> 
     </span>
    </p>
   </div>
   <div class='ocr_carea' id='block_1_87' title="bbox 1975 4069 3612 4144">
    <p class='ocr_par' dir='ltr' id='par_1_87' title="bbox 1975 4069 3612 4144">
     <span class='ocr_line' id='line_1_87' title="bbox 1975 4069 3612 4144; baseline -0.004 -16"><span class='ocrx_word' id='word_1_618' title='bbox 1975 4073 2128 4128; x_wconf 90' lang='lat' dir='ltr'>omni</span> <span class='ocrx_word' id='word_1_619' title='bbox 2161 4072 2348 4128; x_wconf 84' lang='lat' dir='ltr'>laudis</span> <span class='ocrx_word' id='word_1_620' title='bbox 2382 4072 2673 4144; x_wconf 68' lang='lat' dir='ltr'>przecouio</span> <span class='ocrx_word' id='word_1_621' title='bbox 2705 4071 2961 4141; x_wconf 79' lang='lat' dir='ltr'>dignum,</span> <span class='ocrx_word' id='word_1_622' title='bbox 2996 4085 3148 4127; x_wconf 89' lang='lat' dir='ltr'>nunc</span> <span class='ocrx_word' id='word_1_623' title='bbox 3182 4069 3333 4125; x_wconf 87' lang='lat' dir='ltr'>felici</span> <span class='ocrx_word' id='word_1_624' title='bbox 3386 4069 3612 4124; x_wconf 87' lang='lat' dir='ltr'>beatum</span> 
     </span>
    </p>
   </div>
   <div class='ocr_carea' id='block_1_88' title="bbox 1976 4157 3608 4233">
    <p class='ocr_par' dir='ltr' id='par_1_88' title="bbox 1976 4157 3608 4233">
     <span class='ocr_line' id='line_1_88' title="bbox 1976 4157 3608 4233; baseline -0.005 -14"><span class='ocrx_word' id='word_1_625' title='bbox 1976 4178 2221 4219; x_wconf 81' lang='lat' dir='ltr'>excessu</span> <span class='ocrx_word' id='word_1_626' title='bbox 2263 4164 2433 4233; x_wconf 71' lang='lat'>(127),</span> <span class='ocrx_word' id='word_1_627' title='bbox 2466 4162 2522 4217; x_wconf 91' lang='lat' dir='ltr'>in</span> <span class='ocrx_word' id='word_1_628' title='bbox 2562 4177 2674 4232; x_wconf 92' lang='lat' dir='ltr'>quo</span> <span class='ocrx_word' id='word_1_629' title='bbox 2722 4162 2909 4217; x_wconf 90' lang='lat' dir='ltr'>omnis</span> <span class='ocrx_word' id='word_1_630' title='bbox 2951 4161 3078 4216; x_wconf 88' lang='lat' dir='ltr'>laus</span> <span class='ocrx_word' id='word_1_631' title='bbox 3117 4174 3323 4216; x_wconf 89' lang='lat' dir='ltr'>secure</span> <span class='ocrx_word' id='word_1_632' title='bbox 3363 4157 3608 4215; x_wconf 88' lang='lat' dir='ltr'>canitur.</span> 
     </span>
    </p>
   </div>
   <div class='ocr_carea' id='block_1_89' title="bbox 1978 4244 3614 4322">
    <p class='ocr_par' dir='ltr' id='par_1_89' title="bbox 1978 4244 3614 4322">
     <span class='ocr_line' id='line_1_89' title="bbox 1978 4244 3614 4322; baseline -0.004 -14"><span class='ocrx_word' id='word_1_633' title='bbox 1978 4255 2114 4308; x_wconf 91' lang='lat' dir='ltr'>Cum</span> <span class='ocrx_word' id='word_1_634' title='bbox 2148 4254 2253 4307; x_wconf 84' lang='lat' dir='ltr'>hoc</span> <span class='ocrx_word' id='word_1_635' title='bbox 2287 4252 2483 4322; x_wconf 82' lang='lat' dir='ltr'>itaque</span> <span class='ocrx_word' id='word_1_636' title='bbox 2521 4254 2679 4306; x_wconf 89' lang='lat' dir='ltr'>tanto</span> <span class='ocrx_word' id='word_1_637' title='bbox 2727 4249 3137 4305; x_wconf 84' lang='lat' dir='ltr'>familiaritatis</span> <span class='ocrx_word' id='word_1_638' title='bbox 3182 4253 3237 4304; x_wconf 90' lang='lat' dir='ltr'>et</span> <span class='ocrx_word' id='word_1_639' title='bbox 3286 4244 3614 4304; x_wconf 85' lang='lat' dir='ltr'>dilectionis</span> 
     </span>
    </p>
   </div>
   <div class='ocr_carea' id='block_1_90' title="bbox 1977 4335 3620 4409">
    <p class='ocr_par' dir='ltr' id='par_1_90' title="bbox 1977 4335 3620 4409">
     <span class='ocr_line' id='line_1_90' title="bbox 1977 4335 3620 4409; baseline -0.005 -11"><span class='ocrx_word' id='word_1_640' title='bbox 1977 4343 2210 4398; x_wconf 89' lang='lat' dir='ltr'>vinculo</span> <span class='ocrx_word' id='word_1_641' title='bbox 2245 4356 2540 4397; x_wconf 85' lang='lat' dir='ltr'>connexus</span> <span class='ocrx_word' id='word_1_642' title='bbox 2569 4347 2676 4409; x_wconf 89' lang='lat' dir='ltr'>est,</span> <span class='ocrx_word' id='word_1_643' title='bbox 2711 4347 2765 4396; x_wconf 87' lang='lat' dir='ltr'>ct</span> <span class='ocrx_word' id='word_1_644' title='bbox 2802 4340 2877 4394; x_wconf 90' lang='lat' dir='ltr'>ita</span> <span class='ocrx_word' id='word_1_645' title='bbox 2904 4340 3032 4409; x_wconf 90' lang='lat' dir='ltr'>sibi,</span> <span class='ocrx_word' id='word_1_646' title='bbox 3061 4339 3198 4394; x_wconf 91' lang='lat' dir='ltr'>licet</span> <span class='ocrx_word' id='word_1_647' title='bbox 3229 4337 3410 4393; x_wconf 90' lang='lat' dir='ltr'>divisa</span> <span class='ocrx_word' id='word_1_648' title='bbox 3450 4335 3620 4391; x_wconf 89' lang='lat' dir='ltr'>habe-</span> 
     </span>
    </p>
   </div>
   <div class='ocr_carea' id='block_1_91' title="bbox 1980 4423 3616 4501">
    <p class='ocr_par' dir='ltr' id='par_1_91' title="bbox 1980 4423 3616 4501">
     <span class='ocr_line' id='line_1_91' title="bbox 1980 4423 3616 4501; baseline -0.005 -15"><span class='ocrx_word' id='word_1_649' title='bbox 1980 4437 2108 4486; x_wconf 85' lang='lat' dir='ltr'>rent</span> <span class='ocrx_word' id='word_1_650' title='bbox 2145 4430 2424 4501; x_wconf 73' lang='lat' dir='ltr'>liospicia,</span> <span class='ocrx_word' id='word_1_651' title='bbox 2466 4432 2515 4484; x_wconf 89' lang='lat' dir='ltr'>in</span> <span class='ocrx_word' id='word_1_652' title='bbox 2552 4429 2771 4500; x_wconf 85' lang='lat' dir='ltr'>palatio</span> <span class='ocrx_word' id='word_1_653' title='bbox 2802 4429 3176 4485; x_wconf 86' lang='lat' dir='ltr'>Laterancnsi</span> <span class='ocrx_word' id='word_1_654' title='bbox 3211 4425 3490 4483; x_wconf 85' lang='lat' dir='ltr'>individui</span> <span class='ocrx_word' id='word_1_655' title='bbox 3520 4423 3616 4480; x_wconf 85' lang='lat' dir='ltr'>ad-</span> 
     </span>
    </p>
   </div>
   <div class='ocr_carea' id='block_1_92' title="bbox 1979 4513 3617 4587">
    <p class='ocr_par' dir='ltr' id='par_1_92' title="bbox 1979 4513 3617 4587">
     <span class='ocr_line' id='line_1_92' title="bbox 1979 4513 3617 4587; baseline -0.005 -12"><span class='ocrx_word' id='word_1_656' title='bbox 1979 4522 2283 4587; x_wconf 79' lang='lat' dir='ltr'>hercbant,</span> <span class='ocrx_word' id='word_1_657' title='bbox 2309 4526 2370 4575; x_wconf 89' lang='lat' dir='ltr'>ut</span> <span class='ocrx_word' id='word_1_658' title='bbox 2398 4536 2567 4575; x_wconf 86' lang='lat' dir='ltr'>unum</span> <span class='ocrx_word' id='word_1_659' title='bbox 2591 4519 2773 4574; x_wconf 77' lang='lat' dir='ltr'>videri</span> <span class='ocrx_word' id='word_1_660' title='bbox 2795 4519 2917 4573; x_wconf 85' lang='lat' dir='ltr'>sine</span> <span class='ocrx_word' id='word_1_661' title='bbox 2949 4518 3134 4573; x_wconf 87' lang='lat' dir='ltr'>altero</span> <span class='ocrx_word' id='word_1_662' title='bbox 3160 4517 3363 4572; x_wconf 87' lang='lat' dir='ltr'>mirum</span> <span class='ocrx_word' id='word_1_663' title='bbox 3396 4513 3617 4570; x_wconf 82' lang='lat' dir='ltr'>videre-</span> 
     </span>
    </p>
   </div>
   <div class='ocr_carea' id='block_1_93' title="bbox 1983 4602 3615 4679">
    <p class='ocr_par' dir='ltr' id='par_1_93' title="bbox 1983 4602 3615 4679">
     <span class='ocr_line' id='line_1_93' title="bbox 1983 4602 3615 4679; baseline -0.006 -15"><span class='ocrx_word' id='word_1_664' title='bbox 1983 4617 2076 4665; x_wconf 88' lang='lat' dir='ltr'>tur</span> <span class='ocrx_word' id='word_1_665' title='bbox 2107 4610 2196 4665; x_wconf 79' lang='lat' dir='ltr'>liis</span> <span class='ocrx_word' id='word_1_666' title='bbox 2232 4609 2327 4679; x_wconf 90' lang='lat' dir='ltr'>qui</span> <span class='ocrx_word' id='word_1_667' title='bbox 2361 4624 2559 4665; x_wconf 88' lang='lat' dir='ltr'>eorum</span> <span class='ocrx_word' id='word_1_668' title='bbox 2592 4612 2875 4663; x_wconf 81' lang='lat' dir='ltr'>noverant</span> <span class='ocrx_word' id='word_1_669' title='bbox 2904 4605 3361 4661; x_wconf 87' lang='lat' dir='ltr'>unanimitatem.</span> <span class='ocrx_word' id='word_1_670' title='bbox 3387 4602 3615 4657; x_wconf 86' lang='lat' dir='ltr'>Adeout</span> 
     </span>
    </p>
   </div>
   <div class='ocr_carea' id='block_1_94' title="bbox 214 4674 3615 4771">
    <p class='ocr_par' dir='ltr' id='par_1_94' title="bbox 214 4674 3615 4771">
     <span class='ocr_line' id='line_1_94' title="bbox 214 4674 3615 4771; baseline -0.003 -17"><span class='ocrx_word' id='word_1_671' title='bbox 214 4697 312 4755; x_wconf 88' lang='lat' dir='ltr'>diu</span> <span class='ocrx_word' id='word_1_672' title='bbox 338 4714 542 4770; x_wconf 90' lang='lat' dir='ltr'>passus</span> <span class='ocrx_word' id='word_1_673' title='bbox 565 4703 652 4756; x_wconf 90' lang='lat' dir='ltr'>est</span> <span class='ocrx_word' id='word_1_674' title='bbox 684 4715 790 4756; x_wconf 90' lang='lat' dir='ltr'>suo</span> <span class='ocrx_word' id='word_1_675' title='bbox 814 4700 867 4755; x_wconf 90' lang='lat' dir='ltr'>in</span> <span class='ocrx_word' id='word_1_676' title='bbox 892 4704 1156 4771; x_wconf 88' lang='lat' dir='ltr'>tempore</span> <span class='ocrx_word' id='word_1_677' title='bbox 1173 4705 1395 4756; x_wconf 85' lang='lat' dir='ltr'>tantam</span> <span class='ocrx_word' id='word_1_678' title='bbox 1416 4701 1616 4756; x_wconf 88' lang='lat' dir='ltr'>videre</span> <span class='ocrx_word' id='word_1_679' title='bbox 1646 4702 1863 4757; x_wconf 89' lang='lat' dir='ltr'>contri-</span> <span class='ocrx_word' id='word_1_680' title='bbox 1900 4674 1943 4730; x_wconf 69' lang='grc' dir='ltr'>ί)</span> <span class='ocrx_word' id='word_1_681' title='bbox 1981 4700 2142 4753; x_wconf 82' lang='lat' dir='ltr'>urbis</span> <span class='ocrx_word' id='word_1_682' title='bbox 2168 4700 2482 4769; x_wconf 59' lang='lat' dir='ltr'>praefectus</span> <span class='ocrx_word' id='word_1_683' title='bbox 2506 4697 2753 4767; x_wconf 86' lang='lat' dir='ltr'>quodam</span> <span class='ocrx_word' id='word_1_684' title='bbox 2774 4696 3042 4752; x_wconf 79' lang='lat' dir='ltr'>veritatis</span> <span class='ocrx_word' id='word_1_685' title='bbox 3066 4708 3347 4767; x_wconf 69' lang='lat' dir='ltr'>praesagio</span> <span class='ocrx_word' id='word_1_686' title='bbox 3371 4693 3615 4747; x_wconf 90' lang='lat' dir='ltr'>alterum</span> 
     </span>
    </p>
   </div>
   <div class='ocr_carea' id='block_1_95' title="bbox 215 4786 1865 4860">
    <p class='ocr_par' dir='ltr' id='par_1_95' title="bbox 215 4786 1865 4860">
     <span class='ocr_line' id='line_1_95' title="bbox 215 4786 1865 4860; baseline 0.003 -19"><span class='ocrx_word' id='word_1_687' title='bbox 215 4786 427 4844; x_wconf 90' lang='lat' dir='ltr'>tionem</span> <span class='ocrx_word' id='word_1_688' title='bbox 454 4791 511 4845; x_wconf 92' lang='lat' dir='ltr'>et</span> <span class='ocrx_word' id='word_1_689' title='bbox 535 4788 1036 4844; x_wconf 86' lang='lat' dir='ltr'>conculcationem</span> <span class='ocrx_word' id='word_1_690' title='bbox 1062 4788 1348 4857; x_wconf 63' lang='lat' dir='ltr'>ecclesiae,</span> <span class='ocrx_word' id='word_1_691' title='bbox 1374 4790 1507 4860; x_wconf 85' lang='lat' dir='ltr'>quin</span> <span class='ocrx_word' id='word_1_692' title='bbox 1537 4790 1731 4860; x_wconf 88' lang='lat' dir='ltr'>potius</span> <span class='ocrx_word' id='word_1_693' title='bbox 1749 4797 1865 4846; x_wconf 83' lang='lat' dir='ltr'>sta-</span> 
     </span>
    </p>
   </div>
   <div class='ocr_carea' id='block_1_96' title="bbox 214 4875 1860 4948">
    <p class='ocr_par' dir='ltr' id='par_1_96' title="bbox 214 4875 1860 4948">
     <span class='ocr_line' id='line_1_96' title="bbox 214 4875 1860 4948; baseline 0 -18"><span class='ocrx_word' id='word_1_694' title='bbox 214 4875 1164 4947; x_wconf 85' lang='lat' dir='ltr'>tuitdecrctum,utnullnslaicus</span> <span class='ocrx_word' id='word_1_695' title='bbox 1193 4878 1484 4947; x_wconf 86' lang='lat' dir='ltr'>optineret</span> <span class='ocrx_word' id='word_1_696' title='bbox 1517 4878 1860 4948; x_wconf 63' lang='lat' dir='ltr'>aecclcsiam,</span> 
     </span>
    </p>
   </div>
   <div class='ocr_carea' id='block_1_97' title="bbox 215 4964 1866 5037">
    <p class='ocr_par' dir='ltr' id='par_1_97' title="bbox 215 4964 1866 5037">
     <span class='ocr_line' id='line_1_97' title="bbox 215 4964 1866 5037; baseline 0.001 -18"><span class='ocrx_word' id='word_1_697' title='bbox 215 4969 314 5021; x_wconf 89' lang='lat' dir='ltr'>aut</span> <span class='ocrx_word' id='word_1_698' title='bbox 346 4970 571 5037; x_wconf 90' lang='lat' dir='ltr'>partem</span> <span class='ocrx_word' id='word_1_699' title='bbox 606 4966 897 5037; x_wconf 89' lang='lat' dir='ltr'>acciperet</span> <span class='ocrx_word' id='word_1_700' title='bbox 934 4964 987 5020; x_wconf 93' lang='lat' dir='ltr'>iu</span> <span class='ocrx_word' id='word_1_701' title='bbox 1021 4966 1311 5021; x_wconf 83' lang='lat' dir='ltr'>reditibus</span> <span class='ocrx_word' id='word_1_702' title='bbox 1343 4966 1760 5023; x_wconf 66' lang='lat' dir='ltr'>aecrlesiarum.</span> <span class='ocrx_word' id='word_1_703' title='bbox 1797 4971 1866 5023; x_wconf 87' lang='lat' dir='ltr'>Et</span> 
     </span>
    </p>
   </div>
   <div class='ocr_carea' id='block_1_98' title="bbox 220 5053 1867 5125">
    <p class='ocr_par' dir='ltr' id='par_1_98' title="bbox 220 5053 1867 5125">
     <span class='ocr_line' id='line_1_98' title="bbox 220 5053 1867 5125; baseline 0.002 -18"><span class='ocrx_word' id='word_1_704' title='bbox 220 5053 434 5110; x_wconf 85' lang='lat' dir='ltr'>factum</span> <span class='ocrx_word' id='word_1_705' title='bbox 467 5057 577 5123; x_wconf 88' lang='lat' dir='ltr'>est,</span> <span class='ocrx_word' id='word_1_706' title='bbox 611 5053 804 5109; x_wconf 91' lang='lat' dir='ltr'>divina</span> <span class='ocrx_word' id='word_1_707' title='bbox 839 5057 1195 5124; x_wconf 87' lang='lat' dir='ltr'>cooperante</span> <span class='ocrx_word' id='word_1_708' title='bbox 1224 5053 1554 5125; x_wconf 91' lang='lat' dir='ltr'>elcmantia,</span> <span class='ocrx_word' id='word_1_709' title='bbox 1580 5060 1643 5113; x_wconf 88' lang='lat' dir='ltr'>ut</span> <span class='ocrx_word' id='word_1_710' title='bbox 1667 5069 1867 5111; x_wconf 87' lang='lat' dir='ltr'>onmes</span> 
     </span>
    </p>
   </div>
   <div class='ocr_carea' id='block_1_99' title="bbox 1976 4782 3616 4855">
    <p class='ocr_par' dir='ltr' id='par_1_99' title="bbox 1976 4782 3616 4855">
     <span class='ocr_line' id='line_1_99' title="bbox 1976 4782 3616 4855; baseline -0.005 -13"><span class='ocrx_word' id='word_1_711' title='bbox 1976 4791 2179 4843; x_wconf 84' lang='lat' dir='ltr'>borum</span> <span class='ocrx_word' id='word_1_712' title='bbox 2206 4789 2378 4855; x_wconf 79' lang='lat' dir='ltr'>diem,</span> <span class='ocrx_word' id='word_1_713' title='bbox 2406 4788 2655 4842; x_wconf 87' lang='lat' dir='ltr'>alterum</span> <span class='ocrx_word' id='word_1_714' title='bbox 2683 4791 2919 4843; x_wconf 71' lang='lat' dir='ltr'>voearet</span> <span class='ocrx_word' id='word_1_715' title='bbox 2942 4785 3127 4842; x_wconf 87' lang='lat' dir='ltr'>lucem</span> <span class='ocrx_word' id='word_1_716' title='bbox 3155 4804 3165 4838; x_wconf 94' lang='lat'><strong>:</strong></span> <span class='ocrx_word' id='word_1_717' title='bbox 3193 4782 3347 4855; x_wconf 92' lang='lat' dir='ltr'>quod</span> <span class='ocrx_word' id='word_1_718' title='bbox 3371 4782 3616 4839; x_wconf 85' lang='lat' dir='ltr'>diesnon</span> 
     </span>
    </p>
   </div>
   <div class='ocr_carea' id='block_1_100' title="bbox 1977 4869 3617 4933">
    <p class='ocr_par' dir='ltr' id='par_1_100' title="bbox 1977 4869 3617 4933">
     <span class='ocr_line' id='line_1_100' title="bbox 1977 4869 3617 4933; baseline -0.006 0"><span class='ocrx_word' id='word_1_719' title='bbox 1977 4878 2049 4933; x_wconf 83' lang='lat' dir='ltr'>sit</span> <span class='ocrx_word' id='word_1_720' title='bbox 2082 4878 2205 4933; x_wconf 87' lang='lat' dir='ltr'>sine</span> <span class='ocrx_word' id='word_1_721' title='bbox 2240 4877 2365 4933; x_wconf 85' lang='lat' dir='ltr'>luce</span> <span class='ocrx_word' id='word_1_722' title='bbox 2387 4881 2444 4930; x_wconf 89' lang='lat' dir='ltr'>et</span> <span class='ocrx_word' id='word_1_723' title='bbox 2479 4876 2664 4932; x_wconf 85' lang='lat' dir='ltr'>lucem</span> <span class='ocrx_word' id='word_1_724' title='bbox 2691 4876 2813 4930; x_wconf 84' lang='lat' dir='ltr'>dies</span> <span class='ocrx_word' id='word_1_725' title='bbox 2830 4875 3162 4931; x_wconf 86' lang='lat' dir='ltr'>comitetur.</span> <span class='ocrx_word' id='word_1_726' title='bbox 3193 4872 3446 4928; x_wconf 84' lang='lat' dir='ltr'>Lucebat</span> <span class='ocrx_word' id='word_1_727' title='bbox 3467 4869 3617 4926; x_wconf 87' lang='lat' dir='ltr'>enim</span> 
     </span>
    </p>
   </div>
   <div class='ocr_carea' id='block_1_101' title="bbox 1980 4962 3621 5034">
    <p class='ocr_par' dir='ltr' id='par_1_101' title="bbox 1980 4962 3621 5034">
     <span class='ocr_line' id='line_1_101' title="bbox 1980 4962 3621 5034; baseline -0.004 -13"><span class='ocrx_word' id='word_1_728' title='bbox 1980 4967 2034 5021; x_wconf 90' lang='lat' dir='ltr'>iu</span> <span class='ocrx_word' id='word_1_729' title='bbox 2053 4964 2853 5034; x_wconf 73' lang='lat' dir='ltr'>eorummoribusjustitizcet</span> <span class='ocrx_word' id='word_1_730' title='bbox 2880 4963 3118 5034; x_wconf 90' lang='lat' dir='ltr'>pietatis</span> <span class='ocrx_word' id='word_1_731' title='bbox 3139 4962 3335 5031; x_wconf 90' lang='lat' dir='ltr'>decus,</span> <span class='ocrx_word' id='word_1_732' title='bbox 3360 4972 3621 5031; x_wconf 65' lang='lat' dir='ltr'>praepon-</span> 
     </span>
    </p>
   </div>
   <div class='ocr_carea' id='block_1_102' title="bbox 1981 5044 3617 5119">
    <p class='ocr_par' dir='ltr' id='par_1_102' title="bbox 1981 5044 3617 5119">
     <span class='ocr_line' id='line_1_102' title="bbox 1981 5044 3617 5119; baseline -0.005 -13"><span class='ocrx_word' id='word_1_733' title='bbox 1981 5052 2223 5108; x_wconf 89' lang='lat' dir='ltr'>derabat</span> <span class='ocrx_word' id='word_1_734' title='bbox 2273 5051 2528 5108; x_wconf 89' lang='lat' dir='ltr'>amicitia</span> <span class='ocrx_word' id='word_1_735' title='bbox 2580 5055 2876 5119; x_wconf 88' lang='lat' dir='ltr'>constans,</span> <span class='ocrx_word' id='word_1_736' title='bbox 2927 5048 3338 5106; x_wconf 88' lang='lat' dir='ltr'>mutabilitatis</span> <span class='ocrx_word' id='word_1_737' title='bbox 3402 5044 3617 5102; x_wconf 88' lang='lat' dir='ltr'>nescia.</span> 
     </span>
    </p>
   </div>
   <div class='ocr_carea' id='block_1_103' title="bbox 1572 5193 2250 5251">
    <p class='ocr_par' dir='ltr' id='par_1_103' title="bbox 1572 5193 2250 5251">
     <span class='ocr_line' id='line_1_103' title="bbox 1572 5193 2250 5251; baseline -0.004 -1"><span class='ocrx_word' id='word_1_738' title='bbox 1572 5196 1810 5251; x_wconf 79' lang='lat' dir='ltr'><strong>VARUE</strong></span> <span class='ocrx_word' id='word_1_739' title='bbox 1850 5193 2250 5250; x_wconf 75' lang='lat' dir='ltr'>LECTIONES.</span> 
     </span>
    </p>
   </div>
   <div class='ocr_carea' id='block_1_104' title="bbox 288 5303 3623 5383">
    <p class='ocr_par' dir='ltr' id='par_1_104' title="bbox 288 5303 3623 5383">
     <span class='ocr_line' id='line_1_104' title="bbox 288 5303 3623 5383; baseline -0.002 -18"><span class='ocrx_word' id='word_1_740' title='bbox 288 5309 478 5383; x_wconf 3' lang='lat' dir='ltr'>mgap—</span> <span class='ocrx_word' id='word_1_741' title='bbox 501 5309 771 5383; x_wconf 63' lang='lat' dir='ltr'>deiciam.</span> <span class='ocrx_word' id='word_1_742' title='bbox 822 5310 889 5344; x_wconf 74' lang='grc'>³²⁵</span> <span class='ocrx_word' id='word_1_743' title='bbox 912 5310 1507 5383; x_wconf 23' lang='lat' dir='ltr'>praecipue‘deletmn.</span> <span class='ocrx_word' id='word_1_744' title='bbox 1550 5308 2066 5383; x_wconf 4' lang='lat' dir='ltr'>3’5essegdeletzjzm,</span> <span class='ocrx_word' id='word_1_745' title='bbox 2103 5307 2186 5383; x_wconf 52' lang='grc' dir='ltr'>ξιξ</span> <span class='ocrx_word' id='word_1_746' title='bbox 2208 5307 2672 5383; x_wconf 57' lang='lat' dir='ltr'>papze__gtelet;zmz._</span> <span class='ocrx_word' id='word_1_747' title='bbox 2712 5307 3303 5383; x_wconf 31' lang='lat' dir='ltr'>if’fmirum‘gleietum.</span> <span class='ocrx_word' id='word_1_748' title='bbox 3351 5303 3623 5383; x_wconf 70' lang='lat' dir='ltr'>358inquit</span> 
     </span>
    </p>
   </div>
   <div class='ocr_carea' id='block_1_105' title="bbox 222 5382 502 5439">
    <p class='ocr_par' dir='ltr' id='par_1_105' title="bbox 222 5382 502 5439">
     <span class='ocr_line' id='line_1_105' title="bbox 222 5382 502 5439; baseline -0.007 -1"><span class='ocrx_word' id='word_1_749' title='bbox 222 5382 502 5439; x_wconf 77' lang='lat' dir='ltr'>deletum.</span> 
     </span>
    </p>
   </div>
   <div class='ocr_carea' id='block_1_106' title="bbox 217 5453 430 5510">
    <p class='ocr_par' dir='ltr' id='par_1_106' title="bbox 217 5453 430 5510">
     <span class='ocr_line' id='line_1_106' title="bbox 217 5453 430 5510; baseline -0.005 -2"><span class='ocrx_word' id='word_1_750' title='bbox 217 5453 430 5510; x_wconf 70' lang='lat' dir='ltr'>deleta.</span> 
     </span>
    </p>
   </div>
   <div class='ocr_carea' id='block_1_107' title="bbox 579 5381 1651 5439">
    <p class='ocr_par' dir='ltr' id='par_1_107' title="bbox 579 5381 1651 5439">
     <span class='ocr_line' id='line_1_107' title="bbox 579 5381 1651 5439; baseline 0.004 -5"><span class='ocrx_word' id='word_1_751' title='bbox 579 5381 648 5415; x_wconf 71' lang='grc'>³³³</span> <span class='ocrx_word' id='word_1_752' title='bbox 671 5386 881 5437; x_wconf 89' lang='lat' dir='ltr'>-emest</span> <span class='ocrx_word' id='word_1_753' title='bbox 907 5381 1109 5439; x_wconf 61' lang='lat' dir='ltr'>deleto</span> <span class='ocrx_word' id='word_1_754' title='bbox 1177 5381 1247 5415; x_wconf 81' lang='grc'>³³⁰</span> <span class='ocrx_word' id='word_1_755' title='bbox 1267 5396 1361 5438; x_wconf 91' lang='lat' dir='ltr'>-us</span> <span class='ocrx_word' id='word_1_756' title='bbox 1381 5383 1651 5438; x_wconf 76' lang='lat' dir='ltr'>deletum.</span> 
     </span>
    </p>
   </div>
   <div class='ocr_carea' id='block_1_108' title="bbox 511 5450 1279 5510">
    <p class='ocr_par' dir='ltr' id='par_1_108' title="bbox 511 5450 1279 5510">
     <span class='ocr_line' id='line_1_108' title="bbox 511 5450 1279 5510; baseline 0.01 -7"><span class='ocrx_word' id='word_1_757' title='bbox 511 5450 582 5484; x_wconf 74' lang='grc'>³³⁸</span> <span class='ocrx_word' id='word_1_758' title='bbox 614 5452 829 5508; x_wconf 88' lang='lat' dir='ltr'>-sscrio</span> <span class='ocrx_word' id='word_1_759' title='bbox 862 5454 1039 5509; x_wconf 91' lang='lat' dir='ltr'>dona-</span> <span class='ocrx_word' id='word_1_760' title='bbox 1064 5454 1279 5510; x_wconf 76' lang='lat' dir='ltr'>deleta.</span> 
     </span>
    </p>
   </div>
   <div class='ocr_carea' id='block_1_109' title="bbox 1730 5379 2291 5437">
    <p class='ocr_par' dir='ltr' id='par_1_109' title="bbox 1730 5379 2291 5437">
     <span class='ocr_line' id='line_1_109' title="bbox 1730 5379 2291 5437; baseline -0.004 -2"><span class='ocrx_word' id='word_1_761' title='bbox 1730 5380 1797 5413; x_wconf 74' lang='grc'>⁸³¹</span> <span class='ocrx_word' id='word_1_762' title='bbox 1816 5381 1997 5437; x_wconf 89' lang='lat' dir='ltr'>-navit</span> <span class='ocrx_word' id='word_1_763' title='bbox 2023 5379 2291 5437; x_wconf 71' lang='lat' dir='ltr'>deletum.</span> 
     </span>
    </p>
   </div>
   <div class='ocr_carea' id='block_1_110' title="bbox 1358 5448 3625 5510">
    <p class='ocr_par' dir='ltr' id='par_1_110' title="bbox 1358 5448 3625 5510">
     <span class='ocr_line' id='line_1_110' title="bbox 1358 5448 3625 5510; baseline -0.003 0"><span class='ocrx_word' id='word_1_764' title='bbox 1358 5451 1426 5485; x_wconf 76' lang='grc'>⁸³⁵</span> <span class='ocrx_word' id='word_1_765' title='bbox 1447 5467 1561 5510; x_wconf 88' lang='lat' dir='ltr'>-ur-</span> <span class='ocrx_word' id='word_1_766' title='bbox 1587 5452 1859 5510; x_wconf 74' lang='lat' dir='ltr'>deletum.</span> <span class='ocrx_word' id='word_1_767' title='bbox 1938 5451 2007 5485; x_wconf 73' lang='grc'>³³⁸</span> <span class='ocrx_word' id='word_1_768' title='bbox 2037 5451 2245 5508; x_wconf 69' lang='lat' dir='ltr'>divinas</span> <span class='ocrx_word' id='word_1_769' title='bbox 2275 5451 2531 5508; x_wconf 66' lang='lat' dir='ltr'>deletae.</span> <span class='ocrx_word' id='word_1_770' title='bbox 2609 5449 2677 5483; x_wconf 65' lang='grc'>³³⁷</span> <span class='ocrx_word' id='word_1_771' title='bbox 2705 5465 2759 5506; x_wconf 90' lang='lat' dir='ltr'>-a</span> <span class='ocrx_word' id='word_1_772' title='bbox 2794 5451 3064 5507; x_wconf 77' lang='lat' dir='ltr'>deletum.</span> <span class='ocrx_word' id='word_1_773' title='bbox 3142 5448 3213 5483; x_wconf 80' lang='grc'>³³⁸</span> <span class='ocrx_word' id='word_1_774' title='bbox 3248 5448 3625 5505; x_wconf 71' lang='lat' dir='ltr'>-a3deletum.</span> 
     </span>
    </p>
   </div>
   <div class='ocr_carea' id='block_1_111' title="bbox 2371 5375 3630 5449">
    <p class='ocr_par' dir='ltr' id='par_1_111' title="bbox 2371 5375 3630 5449">
     <span class='ocr_line' id='line_1_111' title="bbox 2371 5375 3630 5449; baseline -0.003 -14"><span class='ocrx_word' id='word_1_775' title='bbox 2371 5380 2438 5411; x_wconf 77' lang='grc'>³³²</span> <span class='ocrx_word' id='word_1_776' title='bbox 2459 5379 2607 5435; x_wconf 86' lang='lat' dir='ltr'>enim</span> <span class='ocrx_word' id='word_1_777' title='bbox 2632 5379 2905 5435; x_wconf 75' lang='lat' dir='ltr'>deletum.</span> <span class='ocrx_word' id='word_1_778' title='bbox 2985 5379 3053 5411; x_wconf 80' lang='grc'>³³³</span> <span class='ocrx_word' id='word_1_779' title='bbox 3077 5379 3296 5449; x_wconf 86' lang='lat' dir='ltr'>-ﬁcium</span> <span class='ocrx_word' id='word_1_780' title='bbox 3319 5380 3533 5449; x_wconf 83' lang='lat' dir='ltr'>praesta</span> <span class='ocrx_word' id='word_1_781' title='bbox 3546 5375 3630 5432; x_wconf 92' lang='lat' dir='ltr'>bit</span> 
     </span>
    </p>
   </div>
   <div class='ocr_carea' id='block_1_112' title="bbox 1806 5577 2027 5634">
    <p class='ocr_par' dir='ltr' id='par_1_112' title="bbox 1806 5577 2027 5634">
     <span class='ocr_line' id='line_1_112' title="bbox 1806 5577 2027 5634; baseline 0.009 -2"><span class='ocrx_word' id='word_1_782' title='bbox 1806 5577 2027 5634; x_wconf 66' lang='grc' dir='ltr'>ΝΟΤᾹΞ.</span> 
     </span>
    </p>
   </div>
   <div class='ocr_carea' id='block_1_113' title="bbox 316 5700 949 5772">
    <p class='ocr_par' dir='ltr' id='par_1_113' title="bbox 316 5700 949 5772">
     <span class='ocr_line' id='line_1_113' title="bbox 316 5700 949 5772; baseline -0.003 -13"><span class='ocrx_word' id='word_1_783' title='bbox 316 5708 438 5772; x_wconf 75' lang='grc'>125)</span> <span class='ocrx_word' id='word_1_784' title='bbox 472 5703 510 5758; x_wconf 89' lang='grc'>1.</span> <span class='ocrx_word' id='word_1_785' title='bbox 546 5716 597 5757; x_wconf 93' lang='lat' dir='ltr'>e.</span> <span class='ocrx_word' id='word_1_786' title='bbox 633 5700 949 5772; x_wconf 83' lang='lat' dir='ltr'>marsupio,</span> 
     </span>
    </p>
   </div>
   <div class='ocr_carea' id='block_1_114' title="bbox 288 5704 1863 5847">
    <p class='ocr_par' dir='ltr' id='par_1_114' title="bbox 288 5704 1863 5847">
     <span class='ocr_line' id='line_1_114' title="bbox 316 5704 949 5772; baseline -0.003 -13"><span class='ocrx_word' id='word_1_787' title='bbox 316 5708 414 5759; x_wconf 76' lang='grc'>125</span> <span class='ocrx_word' id='word_1_788' title='bbox 472 5704 510 5758; x_wconf 90' lang='grc'>1.</span> <span class='ocrx_word' id='word_1_789' title='bbox 546 5716 597 5757; x_wconf 93' lang='lat' dir='ltr'>e.</span> <span class='ocrx_word' id='word_1_790' title='bbox 633 5704 949 5772; x_wconf 83' lang='lat' dir='ltr'>marsupio,</span> 
     </span>
     <span class='ocr_line' id='line_1_115' title="bbox 288 5704 1863 5847; baseline 0 -17"><span class='ocrx_word' id='word_1_791' title='bbox 288 5704 440 5845; x_wconf 44' lang='lat' dir='ltr'>E126;</span> <span class='ocrx_word' id='word_1_792' title='bbox 455 5775 777 5831; x_wconf 86' lang='lat' dir='ltr'>Provectus</span> <span class='ocrx_word' id='word_1_793' title='bbox 806 5776 894 5829; x_wconf 91' lang='lat' dir='ltr'>est</span> <span class='ocrx_word' id='word_1_794' title='bbox 921 5773 975 5828; x_wconf 94' lang='lat' dir='ltr'>in</span> <span class='ocrx_word' id='word_1_795' title='bbox 1000 5771 1502 5846; x_wconf 88' lang='lat' dir='ltr'>archiepiscopum</span> <span class='ocrx_word' id='word_1_796' title='bbox 1522 5772 1863 5847; x_wconf 85' lang='lat' dir='ltr'>Lug—lunen.</span> 
     </span>
    </p>
   </div>
   <div class='ocr_carea' id='block_1_115' title="bbox 1980 5701 3191 5769">
    <p class='ocr_par' dir='ltr' id='par_1_115' title="bbox 1980 5701 3191 5769">
     <span class='ocr_line' id='line_1_116' title="bbox 1980 5701 3191 5769; baseline -0.002 -10"><span class='ocrx_word' id='word_1_797' title='bbox 1980 5717 2122 5769; x_wconf 89' lang='lat' dir='ltr'>sem,</span> <span class='ocrx_word' id='word_1_798' title='bbox 2154 5715 2183 5758; x_wconf 90' lang='lat' dir='ltr'>a</span> <span class='ocrx_word' id='word_1_799' title='bbox 2219 5707 2359 5759; x_wconf 74' lang='lat'>1082</span> <span class='ocrx_word' id='word_1_800' title='bbox 2384 5706 2636 5758; x_wconf 85' lang='lat' dir='ltr'>exeunte</span> <span class='ocrx_word' id='word_1_801' title='bbox 2659 5701 2750 5758; x_wconf 89' lang='lat' dir='ltr'>vel</span> <span class='ocrx_word' id='word_1_802' title='bbox 2776 5702 2912 5758; x_wconf 85' lang='lat'>1083</span> <span class='ocrx_word' id='word_1_803' title='bbox 2937 5701 3191 5758; x_wconf 88' lang='lat' dir='ltr'>ineunte.</span> 
     </span>
    </p>
   </div>
   <div class='ocr_carea' id='block_1_116' title="bbox 2050 5773 2919 5846">
    <p class='ocr_par' dir='ltr' id='par_1_116' title="bbox 2050 5773 2919 5846">
     <span class='ocr_line' id='line_1_117' title="bbox 2050 5773 2919 5846; baseline 0 -17"><span class='ocrx_word' id='word_1_804' title='bbox 2050 5774 2175 5845; x_wconf 67' lang='lat'>(127</span> <span class='ocrx_word' id='word_1_805' title='bbox 2209 5774 2363 5831; x_wconf 89' lang='lat' dir='ltr'>Obiit</span> <span class='ocrx_word' id='word_1_806' title='bbox 2396 5773 2816 5846; x_wconf 82' lang='lat' dir='ltr'>a.1086,Mart.</span> <span class='ocrx_word' id='word_1_807' title='bbox 2853 5778 2919 5829; x_wconf 82' lang='grc'>18</span> 
     </span>
    </p>
   </div>
  </div>
