3922 6438
120 599 233 662 2'77

1351 602 1849 668 CHRONICON.
1883 641 1963 652 —
1988 605 2143 670 LIB.
2191 608 2265 670 II.

3405 602 3524 665 278

118 733 408 793 .Etatibus
437 748 632 807 pares,
667 735 915 794 caritate
939 751 1052 794 non
1082 737 1352 810 impares,
1379 738 1467 798 sui
1500 739 1756 798 delecta-
1783 742 1840 804 A
1869 740 1927 798 in
1958 742 2205 815 septima
2240 740 2555 801 universali
2581 740 2805 813 synodo
2828 755 2858 797 a
2885 739 3141 812 quinque
3164 738 3522 812 patriarchis

122 826 333 882 bantur
353 825 584 897 copula,
604 826 739 897 quia
761 830 821 882 et
841 828 1224 899 comqualium
1249 828 1316 863 ³³⁸
1339 846 1483 888 usus
1507 830 1754 903 dulcior,

118 917 175 971 et
206 928 409 971 senum
443 913 630 971 tutior
659 917 971 973 est.Senes
995 921 1186 973 autem
1219 923 1385 975 erant
1418 934 1529 976 non
1561 919 1758 991 longe-

117 1003 299 1060 vitate
330 1002 485 1072 vitae,
522 1003 626 1060 sed
659 1018 881 1061 morum
913 1007 1270 1063 maturitate.
1294 1010 1362 1064 Et
1387 1009 1604 1065 utinam
1627 1025 1757 1079 gra-

119 1092 256 1147 tiam
281 1091 522 1148 virtutis
544 1096 604 1148 et
626 1091 758 1148 fidei
784 1092 1053 1165 alterius,
1077 1111 1245 1165 quem
1271 1112 1467 1153 secum
1489 1099 1544 1153 in
1570 1098 1755 1168 gloria

111 1180 226 1251 jam
260 1184 627 1251 assumptum
660 1183 810 1237 Deus
849 1184 1157 1253 approbat,
1193 1185 1457 1241 imitetur
1501 1192 1560 1243 et
1607 1188 1758 1243 alter

118 1268 214 1339 qui
247 1268 519 1325 residuus
546 1274 657 1339 est,
694 1273 758 1325 ut
783 1285 912 1326 cum
942 1273 1287 1329 transierint
1314 1278 1580 1346 tempora
1615 1291 1759 1347 μνω-

117 1358 300 1428 ﬁnita,
337 1358 454 1415 sint
483 1357 539 1413 in
567 1357 906 1416 caelestibus
934 1376 1129 1431 unum,
1157 1378 1304 1432 quos
1333 1363 1564 1421 divinus
1597 1380 1757 1422 amor

115 1447 205 1502 hic
241 1446 406 1504 dedit
435 1461 566 1504 esse
597 1463 771 1504 unum
802 1447 971 1520 (128).
1008 1449 1191 1522 (1074)
1223 1454 1361 1508 Cum
1393 1468 1533 1522 ergo
1566 1455 1756 1511 Romae

113 1535 295 1607 positi
320 1535 812 1607 praestolarentur
834 1537 983 1593 diem
1005 1541 1469 1597 consecrationis
1492 1558 1632 1612 suae,
1659 1558 1754 1599 ve-

111 1629 331 1681 nerunt
362 1624 558 1681 nuncii
598 1626 755 1694 regis
788 1627 1039 1683 Heinrici
1073 1630 1330 1699 Romam,
1367 1636 1644 1700 rogantes
1684 1647 1754 1689 ne

107 1718 315 1769 contra
333 1728 550 1770 morem
572 1715 1069 1785 praedecessorum
1086 1732 1322 1776 suorum
1340 1719 1584 1777 domnus
1613 1736 1755 1793 papa

107 1818 210 1858 eos
241 1817 596 1859 consecrare
627 1803 820 1865 vellet,
860 1805 954 1875 qui
983 1806 1356 1877 episcopatus
1396 1808 1754 1865 aelectionem

106 1891 317 1962 solam,
345 1907 461 1948 non
492 1897 683 1950 autem
712 1892 922 1949 donum
948 1910 1050 1966 per
1076 1897 1288 1965 regiam
1313 1898 1754 1969 acceperantin-

104 1980 481 2037 vestituram.
518 1982 591 2037 At
621 1981 747 2052 ipse
777 1984 1114 2041 convocatis
1160 1986 1557 2044 cardinalibus
1607 1987 1759 2057 lega-

106 2068 331 2158 tionem
365 2069 519 2138 regis
546 2070 802 2158 aperuit,
838 2074 895 2126 et
929 2072 1067 2141 quid
1096 2072 1209 2128 sibi
1242 2074 1313 2129 ad
1361 2074 1470 2131 hoc
1517 2090 1756 2146 respon-
1786 2100 1838 2158 Β

103 2155 388 2227 dendum,
420 2157 559 2228 quid
589 2164 746 2214 esset
780 2159 1124 2229 faciendum,
1160 2164 1496 2220 ammonuit.
1533 2164 1755 2230 Quibus

102 2245 612 2316 respondentibus
637 2262 800 2303 usum
826 2250 1107 2305 ;ecclesiae
1132 2251 1283 2307 hunc
1306 2268 1456 2322 esse,
1484 2252 1635 2309 hunc
1662 2254 1759 2309 ha-

102 2334 233 2390 beri
269 2349 376 2406 pro
408 2334 554 2405 lege,
581 2350 710 2392 cum
741 2338 1066 2394 auctoritas
1094 2340 1181 2395 eis
1212 2340 1366 2395 nulla
1403 2341 1473 2397 ad
1504 2343 1612 2398 hoc
1643 2343 1760 2399 suf-

100 2422 465 2493 fragaretur,
499 2424 556 2479 in
585 2425 829 2481 Lucensi
861 2429 1053 2481 tamen
1086 2428 1276 2484 electo
1305 2429 1391 2485 eis
1435 2430 1753 2500 adquievit,

95 2516 165 2567 ut
198 2512 708 2568 consecrationem
754 2513 880 2583 ejus
926 2514 1210 2585 differret,
1246 2517 1428 2573 donec
1454 2518 1759 2573 investitu-

96 2614 227 2655 ram
265 2600 648 2672 episcopatus
679 2615 749 2657 ev
782 2602 944 2671 regio
975 2602 1126 2660 dono
1149 2606 1473 2676 accepisset
1499 2606 1668 2678 (129).
1696 2608 1755 2660 In

94 2688 308 2745 Diensi
356 2703 495 2744 vero
545 2688 926 2759 adquiescere
979 2691 1186 2761 noluit,
1239 2694 1340 2749 sed
1396 2709 1525 2749 eum
1574 2695 1757 2765 prima

94 2775 581 2847 quadragesimae
613 2777 957 2849 ebdomada,
983 2780 1230 2837 sabbato
1257 2782 1309 2836 in
1344 2783 1754 2853 presbiterum,

91 2870 157 2921 et
178 2863 488 2921 Dominica
509 2868 878 2922 consecravit
899 2868 951 2923 in
976 2869 1313 2941 episcopum
1340 2872 1506 2941 (130).
1533 2874 1603 2927 Et
1626 2875 1759 2942 quia

90 2950 253 3006 vidit
285 2950 395 3007 hoc
426 2955 764 3008 sanctorum
798 2954 1033 3010 Patrum
1064 2956 1361 3012 adversari
1392 2958 1669 3027 decretis,
1699 2963 1762 3014 ut

88 3039 149 3095 in
172 3039 470 3096 canonica
495 3039 784 3097 electione
803 3043 1061 3113 episcOpi
1081 3045 1423 3115 prievaleret
1439 3046 1651 3102 donum
1670 3061 1757 3102 re-

85 3127 207 3198 gis,
246 3128 426 3184 immo
457 3128 760 3186 multoties
794 3132 977 3202 ipsam
1009 3133 1374 3190 zelectionem
1418 3135 1751 3191 immutaret

86 3215 186 3272 vel
216 3216 423 3288 potius
448 3216 671 3273 irritam
698 3220 939 3287 faceret,
963 3221 1165 3277 eodem
1193 3237 1342 3279 anno
1367 3223 1514 3293 (13l)
1558 3225 1614 3279 in
1651 3225 1760 3279 Ro-

88 3319 268 3361 mana
298 3305 524 3375 synodo
549 3310 617 3361 50
637 3307 1067 3378 episcoporum,
1096 3311 1441 3367 considente
1476 3312 1761 3383 presbite-

82 3408 305 3451 rorum
322 3397 383 3448 et
396 3394 669 3450 abbatum
687 3396 1260 3468 multitudine,juxta
1277 3400 1512 3457 decreta
1534 3401 1768 3472 pontiﬁ'

1784 3450 1834 3514 C

1864 835 1922 888 et
1948 832 2054 888 350
2086 832 2354 905 patribus
2386 832 2494 890 sub
2529 829 2783 887 Adriano
2818 845 2963 903 papa
3002 830 3221 900 habita,
3248 830 3443 901 capite
3464 836 3515 887 3.

1869 937 1897 971 ‹‹
1930 919 2130 977 Omnis
2160 920 2389 978 aelectio
2418 919 2701 992 episc0pi,
2733 918 3063 991 presbyteri
3091 917 3179 974 vel
3211 918 3461 988 diaconi,
3490 933 3522 975 a

1870 1009 2238 1081 principibus
2262 1010 2413 1066 facta
2437 1008 2605 1064 irrita
2630 1012 2879 1077 maneat,
2906 1006 3228 1064 secundum
3258 1007 3519 1078 regulam

1869 1112 1995 1168 quae
2026 1099 2170 1154 dicit
2203 1118 2215 1154 :
2255 1100 2308 1153 Si
2345 1098 2474 1169 quis
2507 1098 2825 1169 episcopus
2858 1096 3225 1153 secularibus
3256 1100 3516 1168 potesta-

1869 1186 2027 1243 tibus
2057 1203 2196 1244 usus
2219 1186 2542 1243 zecclesiam
2565 1201 2670 1257 per
2695 1186 2857 1257 ipsos
2879 1185 3223 1256 optinuerit,
3253 1185 3507 1257 depona-

1871 1280 1966 1330 tur
1986 1280 2046 1331 et
2069 1279 2434 1345 segregetur,
2460 1289 2777 1344 omnesque
2802 1274 2898 1345 qui
2915 1273 2997 1329 illi
3018 1273 3510 1331 communicant.»

1867 1363 2008 1417 Item
2039 1362 2095 1418 in
2127 1370 2332 1418 octava
2365 1362 2681 1418 universali
2716 1362 2935 1433 synodo
2966 1361 3165 1418 habita
3197 1375 3228 1415 a
3262 1361 3519 1432 quinque

1868 1450 2182 1521 patriarcis
2215 1452 2324 1507 sub
2356 1450 2630 1507 Nicbolao
2664 1452 2683 1505 I
2728 1450 3025 1521 pontiﬁce,
3059 1464 3238 1521 cap...
3271 1469 3283 1505 :
3323 1472 3348 1498 α
3380 1451 3519 1506 Pro-

1868 1540 2151 1595 motiones
2180 1539 2272 1596 vel
2307 1540 2780 1596 consecrationes
2811 1539 3221 1610 episcoporum
3272 1554 3515 1595 concor-

1870 1627 2014 1683 dans
2045 1628 2341 1699 prioribus
2370 1628 2636 1685 conciliis
2665 1629 2772 1684 hec
2805 1633 3005 1683 sancta
3047 1632 3105 1683 et
3158 1627 3509 1684 universalis

1869 1718 2127 1787 synodus
2149 1717 2435 1773 electione
2457 1720 2512 1772 et
2539 1718 2777 1772 decreto
2799 1717 3207 1788 episcoporum
3234 1716 3358 1773 fieri
3382 1732 3517 1772 con-

1869 1805 2084 1874 stituit,
2101 1812 2159 1861 et
2178 1806 2384 1861 statuit
2404 1810 2577 1876 atque
2596 1806 3003 1877 promulgavit,
3026 1805 3308 1862 neminem
3326 1806 3516 1876 layco-

1868 1908 1994 1949 rum
2008 1894 2335 1964 principum
2350 1899 2410 1949 et
2427 1898 2728 1965 potentum
2746 1898 2930 1949 semet
2954 1894 3214 1949 inserere
3237 1894 3513 1950 cleetioni

1869 1982 1960 2038 vel
1993 1983 2341 2053 promotioni
2376 1983 2721 2054 patriarchae
2752 1983 2843 2038 vel
2875 1983 3263 2054 mctropolitze
3296 1989 3396 2038 aut
3419 1999 3517 2038 cu-

1863 2068 2111 2138 juslibet
2142 2070 2421 2141 episcopi,
2457 2084 2527 2125 ne
2562 2070 2890 2125 inordinata
2921 2069 3052 2125 hinc
3086 2076 3145 2125 et
3196 2069 3514 2139 incongrua

1868 2157 1969 2213 fiat
1990 2158 2249 2215 confusio
2273 2158 2364 2214 vel
2387 2159 2708 2228 contentio,
2729 2159 3051 2229 priescrtim
3074 2175 3203 2215 cum
3230 2158 3443 2214 nullam
3459 2159 3514 2213 in

1869 2246 2453 2317 talibuspotestatem
2490 2261 2835 2316 quemquam
2870 2247 3359 2317 potestativorum
3400 2247 3517 2316 lay-

1868 2350 2066 2391 corum
2093 2335 2306 2390 habere
2331 2334 2659 2402 conveniat,
2677 2334 2778 2391 sed
2801 2334 2996 2406 potius
3031 2334 3205 2391 silere
3229 2339 3287 2390 et
3329 2339 3516 2390 atten-

1869 2423 2007 2478 dere
2032 2424 2141 2479 sibi
2168 2439 2468 2494 usquequo
2488 2422 2839 2491 regulariter
2864 2438 2894 2478 a
2935 2423 3182 2491 collegio
3208 2413 3512 2480 'aacclcsiae

1870 2511 2154 2582 suseipiat
2179 2512 2346 2567 linem
2369 2512 2580 2567 electio
2606 2512 2784 2567 futuri
2812 2511 3123 2582 pontiﬁcis.
3145 2511 3197 2564 Si
3219 2511 3347 2581 quis
3374 2526 3512 2567 vero

1870 2599 2165 2670 laycorum
2197 2600 2267 2655 ad
2301 2600 2754 2657 conccrtandum
2785 2604 2840 2655 et
2888 2599 3321 2670 cooperanduin
3371 2600 3515 2656 invi-

1872 2693 2030 2744 tatur
2059 2691 2131 2744 ab
2163 2688 2449 2757 :ccclesia,
2487 2689 2624 2744 licet
2656 2687 2986 2758 hujusmodi
3019 2704 3148 2744 cum
3182 2688 3512 2744 reverentia

1871 2779 2280 2849 obtemperare
2303 2778 2746 2833 asciscentibus.
2769 2777 3045 2848 Quisquis
3070 2782 3263 2833 autem
3291 2777 3515 2833 secula-

1873 2867 2019 2924 rium
2046 2866 2368 2938 principum
2394 2871 2451 2922 et
2475 2868 2800 2937 potentum,
2826 2865 2916 2921 vel
2941 2865 3186 2921 alterius
3210 2864 3516 2935 dignitatis

1874 2954 2086 3026 laycus,
2115 2954 2398 3011 adversus
2431 2968 2791 3010 communem
2814 2956 2870 3009 et
2896 2959 3316 3009 consonantem
3340 2958 3535 3023 atque“

1867 3045 2205 3101 canonicam
2238 3043 2604 3101 zelectionem
2636 3043 3040 3099 {ecclesiastici
3076 3043 3299 3099 ordinis
3343 3058 3516 3113 agere

1869 3134 2268 3206 temptaverit,
2292 3133 2598 3188 anathema
2624 3133 2700 3189 sit
2727 3132 2911 3189 donec
2936 3132 3173 3188 obediat
3197 3138 3255 3188 et
3276 3148 3517 3188 consen-

1868 3223 1997 3277 tiat.
2025 3242 2052 3275 »
2078 3224 2220 3278 Item
2246 3237 2316 3277 ex
2337 3220 2585 3278 concilio
2608 3220 2842 3291 Niceno,
2861 3235 2987 3291 cap,
3008 3226 3039 3276 6
3074 3241 3086 3275 :
3130 3243 3155 3269 ‹‹
3186 3210 3295 3276 Per
3320 3221 3513 3277 omnia

1872 3311 2237 3367 manifestum
2268 3315 2358 3367 est
2392 3311 2523 3380 quia
2558 3309 2605 3365 si
2640 3309 2771 3379 quis
2804 3312 3015 3379 praeter
3045 3308 3407 3365 voluntatem
3458 3314 3517 3364 et

1872 3400 2291 3456 conscientiam
2325 3397 2759 3469 metropolitani
2794 3397 2967 3453 fuerit
3001 3397 3327 3466 ordinatus,
3363 3398 3514 3454 hunc

78 3481 244 3539 calia
285 3485 347 3538 et
390 3481 795 3541 institutiones
829 3486 1137 3543 canonicas
1178 3502 1249 3543 ne
1292 3489 1400 3546 hoc
1441 3490 1693 3561 amplius
1721 3506 1751 3545 a

74 3583 394 3642 quoquam
410 3577 869 3641 praesumeretur
882 3575 1140 3645 prohibit
1157 3578 1266 3633 sub
1284 3578 1759 3634 interminatione

74 3658 515 3729 anathematis,
550 3659 850 3718 decretum
881 3662 1099 3720 faciens
1128 3664 1181 3721 in
1224 3666 1329 3721 hec
1375 3669 1553 3723 verba
1587 3688 1598 3723 :
1646 3690 1671 3718 α
1698 3669 1754 3724 Si

74 3748 224 3818 quis
259 3745 545 3818 deinceps
575 3749 984 3822 episcopatum
1016 3753 1107 3809 vel
1139 3754 1432 3811 abbatiam
1465 3756 1535 3812 de
1584 3773 1752 3814 manu

76 3834 353 3905 alicujus
379 3834 558 3906 laycae
584 3851 848 3909 personae
871 3843 1219 3913 susceperit,
1245 3844 1580 3901 nullatenus
1603 3846 1755 3903 inter

73 3925 417 3997 episcopos
446 3924 538 3981 vel
570 3927 816 3983 abbates
850 3928 1155 4000 habeatur,
1192 3948 1298 3988 nec
1332 3934 1446 3990 ulla
1473 3934 1523 3990 ei
1553 3940 1612 3991 ut
1636 3937 1755 4007 epi-

74 4028 279 4085 scopo
317 4012 413 4069 vel
446 4014 645 4070 abbati
677 4016 972 4073 audientia
1004 4020 1381 4077 concedatur.
1423 4024 1663 4094 Insuper
1700 4024 1752 4080 ei

68 4102 351 4173 gratiam
386 4102 541 4158 beati
567 4104 724 4158 Petri
751 4109 808 4159 et
831 4105 1133 4163 introitum
1159 4109 1427 4167 ecclesias
1454 4111 1754 4167 interdici-

71 4192 312 4260 cimus,
354 4190 735 4260 quoadusque
768 4191 981 4264 locum,
1016 4210 1184 4264 quem
1216 4198 1324 4252 sub
1363 4198 1604 4255 crimine
1638 4205 1751 4256 tam

67 4276 442 4336 ambitionis
465 4291 635 4347 quam
658 4278 1087 4353 inobedientize,
1115 4284 1267 4353 quod
1289 4290 1377 4341 est
1402 4286 1599 4343 scelus
1631 4288 1752 4344 ido-

68 4365 314 4434 latriae,
352 4362 530 4434 cepit,
565 4378 679 4419 non
713 4365 949 4421 deserit.
985 4368 1264 4425 Similiter
1296 4371 1469 4427 etiam
1504 4373 1574 4429 de
1616 4373 1754 4429 infe-

68 4454 364 4511 rioribus
393 4451 839 4511 aecclesiasticis
887 4456 1273 4526 dignitatibus
1300 4461 1743 4521 constituimus.

64 4546 227 4600 Item
270 4562 286 4597 :
327 4541 385 4596 Si
417 4541 549 4612 quis
590 4542 1027 4615 imperatorum,
1063 4546 1295 4618 ducum,
1330 4550 1750 4623 marchionnm,

72 4630 1758 4712 comitum,velquilibetseculariumpotestatumautper-
1864 4639 2041 4696 tiﬁcis
2084 4644 2437 4695 reservetur.

62 4734 379 4779 sonarum
408 4718 822 4778 investituram
846 4723 1222 4796 episcopatus
1242 4726 1331 4783 vel
1364 4726 1612 4799 alicujus
1649 4745 1755 4786 :ec-
1938 4728 2080 4799 (Fel.
2107 4726 2240 4798 97’.)
2265 4725 2565 4782 Commisit
2590 4728 2782 4781 autem
2806 4724 2859 4779 ei
2881 4724 3039 4779 vices
3058 4739 3194 4779 suas
3223 4723 3272 4778 in
3307 4723 3510 4793 Gallia,

70 4807 466 4867 clesiasticaa
499 4808 803 4880 dignitatis
836 4810 974 4868 dare
1015 4816 1473 4887 praesumpserit,
1500 4817 1758 4887 ejusdem
1790 4821 1845 4881 D
1875 4817 1969 4874 ubi
1993 4816 2307 4888 plurimum
2332 4814 2614 4885 Symoniaa
2638 4814 2911 4885 serpebat
2938 4812 3331 4884 pestisiniqua
3351 4813 3511 4883 ;quia

63 4895 663 4957 sententiaevinculo
689 4914 752 4955 se
781 4900 1084 4957 astrictum
1110 4902 1320 4960 sciat.»
1348 4905 1642 4976 Sequutus
1665 4914 1754 4964 est
1867 4906 2089 4979 perrari
2126 4904 2247 4962 illic
2274 4908 2461 4973 erant,
2499 4903 2595 4974 qui
2628 4917 2739 4959 non
2769 4906 2964 4958 essent
3013 4908 3113 4957 aut
3162 4902 3509 4972 Symoniaci,

66 4991 293 5044 autem
329 4984 388 5040 in
422 4984 533 5041 hoc
562 4988 798 5043 Patrum
818 4990 1103 5061 exempla,
1134 4990 1269 5047 licet
1295 4993 1408 5064 jam
1439 5010 1544 5066 per
1576 4996 1753 5053 multa
1865 5001 1965 5051 ant
1996 5008 2027 5050 a
2060 4994 2418 5065 Symoniacis
2449 4993 2723 5062 ordinati,
2759 4996 2858 5047 aut
2892 5007 2995 5063 per
3037 5006 3263 5047 manum
3306 4990 3511 5047 laicam

65 5086 393 5133 annorum
441 5074 732 5131 curricula
786 5077 1175 5149 dampnabilis
1222 5082 1345 5138 haec
1389 5085 1753 5141 consuetudo
1866 5082 2127 5140 investiti
2158 5082 2328 5154 (132).
2365 5080 2681 5138 Plurimum
2732 5079 2815 5135 illi
2865 5079 3181 5147 inculcans,
3218 5085 3510 5150 potestate

56 5161 460 5233 inolevisset,
487 5166 545 5220 et
578 5163 634 5219 in
656 5180 821 5222 usum
846 5181 1131 5225 conversa
1155 5176 1330 5227 esset.
1354 5173 1579 5229 Dicitur
1601 5175 1754 5230 enim
1867 5173 1999 5229 data
2031 5186 2144 5228 non
2179 5171 2360 5242 abuti,
2396 5185 2511 5242 quo
2552 5169 2743 5226 minus
2791 5168 3110 5242 depravata
3158 5168 3506 5238 corrigeret,

1460 5298 1696 5355 VARDE
1735 5296 2137 5357 LECTIONES.

1871 3494 2137 3545 sanctum
2171 3494 2228 3544 et
2262 3502 2529 3557 magnum
2562 3485 2871 3542 concilium
2906 3485 3115 3541 statuit
3146 3501 3256 3540 non
3302 3485 3515 3541 debere

1866 3591 1997 3633 esse
2041 3577 2398 3649 episcopum.
2452 3598 2477 3623 υ
2532 3577 2672 3630 Item
2721 3589 2792 3631 ex
2840 3573 3087 3630 concilio
3146 3574 3511 3630 Antiocheno

1864 3681 2062 3737 cap....
2091 3684 2118 3716 ‹‹
2150 3666 2205 3721 Si
2239 3665 2369 3736 quis
2392 3664 2685 3735 presbiter
2719 3662 2807 3719 vel
2841 3662 3120 3718 diaconus
3149 3677 3252 3733 per
3285 3663 3512 3719 secula-

1867 3769 1987 3810 rem
2013 3754 2355 3825 dignitatem
2379 3752 2688 3809 ecclesiam
2712 3752 2813 3807 Dei
2833 3751 3176 3822 optinuerit,
3197 3751 3509 3821 deiciatur,

1865 3846 1924 3899 et
1948 3843 2070 3914 ipse
2092 3848 2152 3899 et
2174 3841 2479 3899 ordinator
2501 3840 2626 3909 ejus
2650 3854 2678 3895 a
2698 3839 3101 3896 communione
3126 3838 3314 3895 modis
3328 3840 3509 3895 omni-

1866 3932 1974 3987 bus
1997 3931 2359 3996 abscidatur,
2381 3932 2438 3985 et
2472 3929 2586 3986 sint
2610 3929 2719 3985 sub
2738 3928 3104 3983 anathemate
3128 3927 3279 3984 sicut
3305 3928 3500 3983 Simon

1863 4035 2067 4091 magus
2098 4035 2127 4075 a
2160 4021 2355 4075 Petro.
2390 4040 2416 4068 ι)
2456 4020 2513 4072 In
2547 4018 2836 4073 electione
2870 4017 3049 4086 igitur
3099 4024 3159 4072 et
3207 4031 3516 4074 consecra-

1868 4108 2024 4163 tione
2056 4107 2251 4163 domni
2282 4106 2515 4163 Diensis
2541 4106 2846 4161 evidenter
2891 4105 3226 4161 ostenditur
3272 4111 3515 4176 operata

1866 4196 2162 4266 divinitas,
2198 4196 2331 4265 quia
2382 4209 2486 4265 per
2535 4193 2682 4248 hanc
2733 4193 3096 4248 occasionem
3147 4199 3365 4250 sanctae
3413 4195 3513 4250 Dei

1865 4284 2147 4340 tecetesize
2175 4284 2285 4340 sub
2316 4288 2531 4355 papatu
2565 4281 2761 4336 domui
2801 4281 3066 4351 Gregorii
3118 4281 3320 4337 multis
3351 4288 3514 4338 retro

1865 4373 2034 4429 annis
2050 4371 2391 4429 obnubilata
2410 4369 2736 4426 mlectionis
2751 4368 3195 4425 tecclesiasticae
3219 4371 3519 4440 splenduit

1863 4463 2103 4519 veritas.
2128 4461 2393 4517 Viderint
2420 4460 2600 4530 igitur
2621 4457 2732 4515 viri
2755 4457 2982 4515 cordati
3008 4458 3144 4527 quid
3165 4458 3316 4527 juris
3339 4459 3516 4530 impe-

1864 4551 2187 4620 ratoribus,
2213 4549 2449 4619 regibus
2470 4552 2527 4604 et
2564 4546 2925 4619 principibus
2958 4546 3012 4600 in
3044 4545 3351 4603 zclcctione
3376 4562 3515 4617 pon-

138 5359 223 5395 ⁸³⁹
257 5355 637 5430 Coaequalior
664 5372 710 5417 ο.

1686 5467 1909 5523 NOTAE.

1858 5561 1976 5619 Kal.
2012 5561 2372 5634 April.,pind,
2408 5565 2494 5629 12,
2525 5560 2568 5634 _i.
2623 5574 2681 5634 e._
2728 5559 2858 5634 ipso
2903 5536 3508 5634 consecrationishdie

131 5552 312 5627 (128)
351 5553 512 5627 Hugo
543 5567 691 5611 anno
722 5556 952 5615 demum
980 5561 1119 5615 1106
1148 5560 1312 5616 obiit.

1858 5638 1940 5688 16.
1979 5630 2274 5688 mIMartii
2310 5634 2488 5698 1001i;
2523 5630 2738 5686 Pascha
2771 5630 3130 5686 celebratum
3161 5635 3254 5685 est
3299 5630 3392 5685 die
3439 5635 3509 5687 20

133 5624 314 5701 (129)
344 5624 414 5678 At
437 5629 640 5701 contra
666 5627 982 5697 Gregorius
1004 5630 1060 5685 in
1085 5630 1304 5687 litteris
1326 5632 1394 5688 ad
1413 5633 1742 5690 Anselmum

48 5698 208 5778 Luc.
250 5698 584 5778 Regest..l,
610 5700 906 5778 21-5119th
938 5714 1008 5778 ne
1042 5702 1113 5778 ab
1142 5703 1393 5778 _lienrico
1424 5720 1560 5778 rege
1590 5706 1747 5762 inve-
1856 5704 2073 5778 Aprilis
2107 5705 2168 5778 Κ.

44 5774 383 5846 suturam“
404 5769 651 5840 accipiat
684 5769 805 5846 Kal.
844 5771 1024 5846 Sept,
1061 5772 1178 5846 ind.
1218 5777 1284 5846 12
1314 5769 1517 5843 (1073):
1547 5777 1608 5831 Κ.
1909 5769 2078 5845 ’(131)
2113 5774 2392 5846 Sequenti
2424 5788 2574 5829 anno
2605 5776 2761 5842 1075,
2796 5777 2862 5828 ut
2893 5771 3093 5829 docuit
3120 5772 3333 5842 Pagius
3364 5769 3431 5826 ad
3469 5770 3505 5825 h

129 5838 428 5913 (130)_De
456 5838 898 5913 consecratione
920 5838 1188 5911 'Hugonis
1218 5838 1532 5913 Gregorius
1564 5847 1619 5903 in
1643 5848 1749 5903 Re-
1857 5860 1908 5902 a.
1939 5838 2005 5901 Κ.

37 5908 292 5989 εθὲιτσ
318 5908 368 5978 Ι,
401 5909 469 5965 69
498 5909 728 5968 litteras
757 5911 920 5969 dedit
949 5908 1624 5974 ad'comitem'Diensem
1671 5933 1751 5974 vn
1932 5914 2078 5988 (132)
2114 5915 2195 5972 Cl‘.
2227 5915 2403 5988 epist.
2440 5914 2701 5985 Gregorii
2732 5914 2955 5984 Regist.
2992 5915 3033 5984 I,
3063 5917 3152 5969 79.
3189 5914 3252 5967 Κ.
