  <div class='ocr_page' id='page_1' title='image "/cluster/home/n/w/nwhite01/storage/ocr_20150623/153-154/uc1.31175019678096/731.png"; bbox 0 0 3922 6450; ppageno 0'>
   <div class='ocr_carea' id='block_1_1' title="bbox 381 613 499 677">
    <p class='ocr_par' dir='ltr' id='par_1_1' title="bbox 381 613 499 677">
     <span class='ocr_line' id='line_1_1' title="bbox 381 613 499 677; baseline 0.017 -2"><span class='ocrx_word' id='word_1_1' title='bbox 381 613 499 677; x_wconf 79' lang='grc'><strong>2³19</strong></span> 
     </span>
    </p>
   </div>
   <div class='ocr_carea' id='block_1_2' title="bbox 1322 599 2843 672">
    <p class='ocr_par' dir='ltr' id='par_1_2' title="bbox 1322 599 2843 672">
     <span class='ocr_line' id='line_1_2' title="bbox 1322 599 2843 672; baseline -0.003 -3"><span class='ocrx_word' id='word_1_2' title='bbox 1322 607 1690 672; x_wconf 86' lang='lat' dir='ltr'><strong>HUGONIS</strong></span> <span class='ocrx_word' id='word_1_3' title='bbox 1731 602 2090 669; x_wconf 89' lang='lat' dir='ltr'><strong>ABBATIS</strong></span> <span class='ocrx_word' id='word_1_4' title='bbox 2135 599 2843 666; x_wconf 76' lang='lat' dir='ltr'><strong>FLAVINIACENSES</strong></span> 
     </span>
    </p>
   </div>
   <div class='ocr_carea' id='block_1_3' title="bbox 3665 606 3772 667">
    <p class='ocr_par' dir='ltr' id='par_1_3' title="bbox 3665 606 3772 667">
     <span class='ocr_line' id='line_1_3' title="bbox 3665 606 3772 667; baseline 0 -1"><span class='ocrx_word' id='word_1_5' title='bbox 3665 606 3772 667; x_wconf 77' lang='lat'><strong>280</strong></span> 
     </span>
    </p>
   </div>
   <div class='ocr_carea' id='block_1_4' title="bbox 377 738 3769 823">
    <p class='ocr_par' dir='ltr' id='par_1_4' title="bbox 377 738 3769 823">
     <span class='ocr_line' id='line_1_4' title="bbox 377 738 3769 823; baseline -0.001 -14"><span class='ocrx_word' id='word_1_6' title='bbox 377 747 739 823; x_wconf 87' lang='lat' dir='ltr'><strong>dampnanda</strong></span> <span class='ocrx_word' id='word_1_7' title='bbox 764 747 1072 819; x_wconf 79' lang='lat' dir='ltr'><strong>recideret,</strong></span> <span class='ocrx_word' id='word_1_8' title='bbox 1097 752 1299 805; x_wconf 89' lang='lat' dir='ltr'><strong>sancta</strong></span> <span class='ocrx_word' id='word_1_9' title='bbox 1325 752 1383 804; x_wconf 89' lang='lat' dir='ltr'><strong>et</strong></span> <span class='ocrx_word' id='word_1_10' title='bbox 1404 745 1650 803; x_wconf 89' lang='lat' dir='ltr'><strong>honesta</strong></span> <span class='ocrx_word' id='word_1_11' title='bbox 1675 746 1934 817; x_wconf 81' lang='lat' dir='ltr'><strong>doceret,</strong></span> <span class='ocrx_word' id='word_1_12' title='bbox 1958 748 2017 802; x_wconf 91' lang='lat' dir='ltr'><strong>et</strong></span> <span class='ocrx_word' id='word_1_13' title='bbox 2047 740 2102 801; x_wconf 89' lang='lat' dir='ltr'><strong>A</strong></span> <span class='ocrx_word' id='word_1_14' title='bbox 2132 756 2269 800; x_wconf 83' lang='lat' dir='ltr'><strong>sane</strong></span> <span class='ocrx_word' id='word_1_15' title='bbox 2302 741 2371 798; x_wconf 91' lang='lat' dir='ltr'><strong>de</strong></span> <span class='ocrx_word' id='word_1_16' title='bbox 2401 756 2470 797; x_wconf 89' lang='lat' dir='ltr'><strong>eo</strong></span> <span class='ocrx_word' id='word_1_17' title='bbox 2500 754 2699 797; x_wconf 88' lang='lat' dir='ltr'><strong>omnes</strong></span> <span class='ocrx_word' id='word_1_18' title='bbox 2734 738 2831 812; x_wconf 89' lang='lat' dir='ltr'><strong>qui</strong></span> <span class='ocrx_word' id='word_1_19' title='bbox 2862 743 3151 798; x_wconf 89' lang='lat' dir='ltr'><strong>noverunt</strong></span> <span class='ocrx_word' id='word_1_20' title='bbox 3180 738 3488 814; x_wconf 89' lang='lat' dir='ltr'><strong>perhibent</strong></span> <span class='ocrx_word' id='word_1_21' title='bbox 3519 743 3769 804; x_wconf 86' lang='lat' dir='ltr'><strong>testimo-</strong></span> 
     </span>
    </p>
   </div>
   <div class='ocr_carea' id='block_1_5' title="bbox 380 836 2026 910">
    <p class='ocr_par' dir='ltr' id='par_1_5' title="bbox 380 836 2026 910">
     <span class='ocr_line' id='line_1_5' title="bbox 380 836 2026 910; baseline -0.001 -12"><span class='ocrx_word' id='word_1_22' title='bbox 380 839 638 898; x_wconf 89' lang='lat' dir='ltr'><strong>docenda</strong></span> <span class='ocrx_word' id='word_1_23' title='bbox 674 839 910 897; x_wconf 88' lang='lat' dir='ltr'><strong>faceret.</strong></span> <span class='ocrx_word' id='word_1_24' title='bbox 946 837 1191 910; x_wconf 75' lang='lat' dir='ltr'><strong>Scripsit</strong></span> <span class='ocrx_word' id='word_1_25' title='bbox 1221 842 1282 895; x_wconf 92' lang='lat' dir='ltr'><strong>et</strong></span> <span class='ocrx_word' id='word_1_26' title='bbox 1311 837 1381 894; x_wconf 90' lang='lat' dir='ltr'><strong>ad</strong></span> <span class='ocrx_word' id='word_1_27' title='bbox 1405 836 1686 910; x_wconf 67' lang='lat' dir='ltr'><strong>praelatos</strong></span> <span class='ocrx_word' id='word_1_28' title='bbox 1709 837 2026 896; x_wconf 88' lang='lat' dir='ltr'><strong>Gallicana-</strong></span> 
     </span>
    </p>
   </div>
   <div class='ocr_carea' id='block_1_6' title="bbox 378 927 2024 999">
    <p class='ocr_par' dir='ltr' id='par_1_6' title="bbox 378 927 2024 999">
     <span class='ocr_line' id='line_1_6' title="bbox 378 927 2024 999; baseline -0.002 -13"><span class='ocrx_word' id='word_1_29' title='bbox 378 945 504 987; x_wconf 86' lang='lat' dir='ltr'><strong>rum</strong></span> <span class='ocrx_word' id='word_1_30' title='bbox 533 928 932 997; x_wconf 85' lang='lat' dir='ltr'><strong>ecclesiarum,</strong></span> <span class='ocrx_word' id='word_1_31' title='bbox 966 943 1095 999; x_wconf 74' lang='lat' dir='ltr'><strong>quze</strong></span> <span class='ocrx_word' id='word_1_32' title='bbox 1128 931 1259 984; x_wconf 88' lang='lat' dir='ltr'><strong>sunt</strong></span> <span class='ocrx_word' id='word_1_33' title='bbox 1283 927 1437 997; x_wconf 86' lang='lat' dir='ltr'><strong>juris</strong></span> <span class='ocrx_word' id='word_1_34' title='bbox 1466 928 1654 984; x_wconf 84' lang='lat' dir='ltr'><strong>sancti</strong></span> <span class='ocrx_word' id='word_1_35' title='bbox 1698 929 1875 998; x_wconf 88' lang='lat' dir='ltr'><strong>Petri,</strong></span> <span class='ocrx_word' id='word_1_36' title='bbox 1904 928 2024 999; x_wconf 92' lang='lat' dir='ltr'><strong>epi-</strong></span> 
     </span>
    </p>
   </div>
   <div class='ocr_carea' id='block_1_7' title="bbox 377 1015 2021 1089">
    <p class='ocr_par' dir='ltr' id='par_1_7' title="bbox 377 1015 2021 1089">
     <span class='ocr_line' id='line_1_7' title="bbox 377 1015 2021 1089; baseline 0 -14"><span class='ocrx_word' id='word_1_37' title='bbox 377 1017 583 1075; x_wconf 71' lang='lat' dir='ltr'><strong>stolam</strong></span> <span class='ocrx_word' id='word_1_38' title='bbox 615 1033 719 1089; x_wconf 93' lang='lat' dir='ltr'><strong>pro</strong></span> <span class='ocrx_word' id='word_1_39' title='bbox 749 1032 855 1075; x_wconf 92' lang='lat' dir='ltr'><strong>suo</strong></span> <span class='ocrx_word' id='word_1_40' title='bbox 883 1032 1060 1073; x_wconf 90' lang='lat' dir='ltr'><strong>censu</strong></span> <span class='ocrx_word' id='word_1_41' title='bbox 1100 1015 1300 1073; x_wconf 92' lang='lat' dir='ltr'><strong>debito</strong></span> <span class='ocrx_word' id='word_1_42' title='bbox 1353 1017 1524 1073; x_wconf 89' lang='lat' dir='ltr'><strong>beato</strong></span> <span class='ocrx_word' id='word_1_43' title='bbox 1566 1018 1742 1072; x_wconf 87' lang='lat' dir='ltr'><strong>Petro</strong></span> <span class='ocrx_word' id='word_1_44' title='bbox 1793 1017 1849 1074; x_wconf 90' lang='lat' dir='ltr'><strong>in</strong></span> <span class='ocrx_word' id='word_1_45' title='bbox 1897 1018 2021 1075; x_wconf 58' lang='lat' dir='ltr'><strong>haec</strong></span> 
     </span>
    </p>
   </div>
   <div class='ocr_carea' id='block_1_8' title="bbox 377 1105 2020 1177">
    <p class='ocr_par' dir='ltr' id='par_1_8' title="bbox 377 1105 2020 1177">
     <span class='ocr_line' id='line_1_8' title="bbox 377 1105 2020 1177; baseline -0.001 -12"><span class='ocrx_word' id='word_1_46' title='bbox 377 1108 584 1165; x_wconf 90' lang='lat' dir='ltr'><strong>verba:</strong></span> <span class='ocrx_word' id='word_1_47' title='bbox 604 1127 633 1161; x_wconf 86' lang='grc'><em>‹‹</em></span> <span class='ocrx_word' id='word_1_48' title='bbox 647 1105 993 1176; x_wconf 83' lang='lat' dir='ltr'><strong>Gregorius(</strong></span> <span class='ocrx_word' id='word_1_49' title='bbox 1004 1106 1120 1176; x_wconf 89' lang='lat' dir='ltr'><strong>I33)</strong></span> <span class='ocrx_word' id='word_1_50' title='bbox 1135 1106 1460 1177; x_wconf 86' lang='lat' dir='ltr'><strong>episcopus,</strong></span> <span class='ocrx_word' id='word_1_51' title='bbox 1479 1122 1687 1164; x_wconf 89' lang='lat' dir='ltr'><strong>servus</strong></span> <span class='ocrx_word' id='word_1_52' title='bbox 1719 1122 2020 1164; x_wconf 91' lang='lat' dir='ltr'><strong>servorum</strong></span> 
     </span>
    </p>
   </div>
   <div class='ocr_carea' id='block_1_9' title="bbox 379 1194 2024 1267">
    <p class='ocr_par' dir='ltr' id='par_1_9' title="bbox 379 1194 2024 1267">
     <span class='ocr_line' id='line_1_9' title="bbox 379 1194 2024 1267; baseline 0 -15"><span class='ocrx_word' id='word_1_53' title='bbox 379 1196 499 1267; x_wconf 86' lang='lat' dir='ltr'><strong>Dei,</strong></span> <span class='ocrx_word' id='word_1_54' title='bbox 535 1195 803 1254; x_wconf 91' lang='lat' dir='ltr'><strong>omnibus</strong></span> <span class='ocrx_word' id='word_1_55' title='bbox 835 1194 1148 1252; x_wconf 88' lang='lat' dir='ltr'><strong>abbatibus</strong></span> <span class='ocrx_word' id='word_1_56' title='bbox 1179 1199 1238 1249; x_wconf 90' lang='lat' dir='ltr'><strong>et</strong></span> <span class='ocrx_word' id='word_1_57' title='bbox 1273 1194 1530 1266; x_wconf 73' lang='lat' dir='ltr'><strong>praelatis</strong></span> <span class='ocrx_word' id='word_1_58' title='bbox 1562 1199 1677 1251; x_wconf 89' lang='lat' dir='ltr'><strong>tam</strong></span> <span class='ocrx_word' id='word_1_59' title='bbox 1719 1197 2024 1252; x_wconf 85' lang='lat' dir='ltr'><strong>monacho-</strong></span> 
     </span>
    </p>
   </div>
   <div class='ocr_carea' id='block_1_10' title="bbox 382 1284 2018 1358">
    <p class='ocr_par' dir='ltr' id='par_1_10' title="bbox 382 1284 2018 1358">
     <span class='ocr_line' id='line_1_10' title="bbox 382 1284 2018 1358; baseline 0 -17"><span class='ocrx_word' id='word_1_60' title='bbox 382 1300 507 1343; x_wconf 90' lang='lat' dir='ltr'><strong>rum</strong></span> <span class='ocrx_word' id='word_1_61' title='bbox 542 1301 710 1358; x_wconf 92' lang='lat' dir='ltr'><strong>quam</strong></span> <span class='ocrx_word' id='word_1_62' title='bbox 743 1288 799 1341; x_wconf 94' lang='lat' dir='ltr'><strong>et</strong></span> <span class='ocrx_word' id='word_1_63' title='bbox 832 1284 1240 1342; x_wconf 89' lang='lat' dir='ltr'><strong>canonicorum</strong></span> <span class='ocrx_word' id='word_1_64' title='bbox 1272 1298 1379 1355; x_wconf 89' lang='lat' dir='ltr'><strong>per</strong></span> <span class='ocrx_word' id='word_1_65' title='bbox 1408 1284 1623 1340; x_wconf 86' lang='lat' dir='ltr'><strong>Gallias</strong></span> <span class='ocrx_word' id='word_1_66' title='bbox 1654 1285 2018 1355; x_wconf 83' lang='lat' dir='ltr'><strong>constitutis,</strong></span> 
     </span>
    </p>
   </div>
   <div class='ocr_carea' id='block_1_11' title="bbox 382 1372 2023 1446">
    <p class='ocr_par' dir='ltr' id='par_1_11' title="bbox 382 1372 2023 1446">
     <span class='ocr_line' id='line_1_11' title="bbox 382 1372 2023 1446; baseline -0.001 -14"><span class='ocrx_word' id='word_1_67' title='bbox 382 1374 630 1432; x_wconf 83' lang='lat' dir='ltr'><strong>salutem</strong></span> <span class='ocrx_word' id='word_1_68' title='bbox 663 1378 718 1431; x_wconf 91' lang='lat' dir='ltr'><strong>et</strong></span> <span class='ocrx_word' id='word_1_69' title='bbox 762 1372 1141 1446; x_wconf 87' lang='lat' dir='ltr'><strong>apostolicam</strong></span> <span class='ocrx_word' id='word_1_70' title='bbox 1194 1373 1677 1430; x_wconf 87' lang='lat' dir='ltr'><strong>benedictionem.</strong></span> <span class='ocrx_word' id='word_1_71' title='bbox 1732 1374 2023 1431; x_wconf 89' lang='lat' dir='ltr'><strong>Fraterni-</strong></span> 
     </span>
    </p>
   </div>
   <div class='ocr_carea' id='block_1_12' title="bbox 379 1461 2017 1533">
    <p class='ocr_par' dir='ltr' id='par_1_12' title="bbox 379 1461 2017 1533">
     <span class='ocr_line' id='line_1_12' title="bbox 379 1461 2017 1533; baseline 0 -15"><span class='ocrx_word' id='word_1_72' title='bbox 379 1468 562 1521; x_wconf 87' lang='lat' dir='ltr'><strong>tatem</strong></span> <span class='ocrx_word' id='word_1_73' title='bbox 590 1468 867 1533; x_wconf 83' lang='lat' dir='ltr'><strong>vestram,</strong></span> <span class='ocrx_word' id='word_1_74' title='bbox 903 1461 1264 1519; x_wconf 86' lang='lat' dir='ltr'><strong>dilectissimi</strong></span> <span class='ocrx_word' id='word_1_75' title='bbox 1300 1463 1534 1533; x_wconf 87' lang='lat' dir='ltr'><strong>fratres,</strong></span> <span class='ocrx_word' id='word_1_76' title='bbox 1570 1461 1752 1519; x_wconf 91' lang='lat' dir='ltr'><strong>latere</strong></span> <span class='ocrx_word' id='word_1_77' title='bbox 1786 1463 2017 1518; x_wconf 90' lang='lat' dir='ltr'><strong>minime</strong></span> 
     </span>
    </p>
   </div>
   <div class='ocr_carea' id='block_1_13' title="bbox 381 1552 2015 1625">
    <p class='ocr_par' dir='ltr' id='par_1_13' title="bbox 381 1552 2015 1625">
     <span class='ocr_line' id='line_1_13' title="bbox 381 1552 2015 1625; baseline -0.001 -14"><span class='ocrx_word' id='word_1_78' title='bbox 381 1554 677 1611; x_wconf 89' lang='lat' dir='ltr'><strong>credimus</strong></span> <span class='ocrx_word' id='word_1_79' title='bbox 716 1553 993 1625; x_wconf 90' lang='lat' dir='ltr'><strong>quasdam</strong></span> <span class='ocrx_word' id='word_1_80' title='bbox 1034 1552 1432 1609; x_wconf 72' lang='lat' dir='ltr'><strong>zecclesiarum</strong></span> <span class='ocrx_word' id='word_1_81' title='bbox 1470 1555 1799 1608; x_wconf 91' lang='lat' dir='ltr'><strong>vestrarum</strong></span> <span class='ocrx_word' id='word_1_82' title='bbox 1843 1553 2015 1610; x_wconf 88' lang='lat' dir='ltr'><strong>beato</strong></span> 
     </span>
    </p>
   </div>
   <div class='ocr_carea' id='block_1_14' title="bbox 383 1640 2022 1713">
    <p class='ocr_par' dir='ltr' id='par_1_14' title="bbox 383 1640 2022 1713">
     <span class='ocr_line' id='line_1_14' title="bbox 383 1640 2022 1713; baseline 0 -15"><span class='ocrx_word' id='word_1_83' title='bbox 383 1643 559 1699; x_wconf 89' lang='lat' dir='ltr'><strong>Petro</strong></span> <span class='ocrx_word' id='word_1_84' title='bbox 577 1647 633 1698; x_wconf 89' lang='lat' dir='ltr'><strong>et</strong></span> <span class='ocrx_word' id='word_1_85' title='bbox 658 1643 826 1698; x_wconf 91' lang='lat' dir='ltr'><strong>nobis</strong></span> <span class='ocrx_word' id='word_1_86' title='bbox 848 1656 1072 1697; x_wconf 90' lang='lat' dir='ltr'><strong>annuos</strong></span> <span class='ocrx_word' id='word_1_87' title='bbox 1095 1655 1305 1697; x_wconf 83' lang='lat' dir='ltr'><strong>census</strong></span> <span class='ocrx_word' id='word_1_88' title='bbox 1347 1640 1680 1711; x_wconf 87' lang='lat' dir='ltr'><strong>persolvere</strong></span> <span class='ocrx_word' id='word_1_89' title='bbox 1703 1656 1777 1696; x_wconf 79' lang='lat' dir='ltr'><strong>ex</strong></span> <span class='ocrx_word' id='word_1_90' title='bbox 1807 1656 2022 1713; x_wconf 72' lang='lat' dir='ltr'><strong>praece-</strong></span> 
     </span>
    </p>
   </div>
   <div class='ocr_carea' id='block_1_15' title="bbox 386 1729 2020 1801">
    <p class='ocr_par' dir='ltr' id='par_1_15' title="bbox 386 1729 2020 1801">
     <span class='ocr_line' id='line_1_15' title="bbox 386 1729 2020 1801; baseline -0.001 -13"><span class='ocrx_word' id='word_1_91' title='bbox 386 1730 647 1788; x_wconf 88' lang='lat' dir='ltr'><strong>dentium</strong></span> <span class='ocrx_word' id='word_1_92' title='bbox 670 1731 909 1786; x_wconf 88' lang='lat' dir='ltr'><strong>Patrum</strong></span> <span class='ocrx_word' id='word_1_93' title='bbox 939 1729 1411 1787; x_wconf 87' lang='lat' dir='ltr'><strong>institutionibus</strong></span> <span class='ocrx_word' id='word_1_94' title='bbox 1450 1729 1686 1786; x_wconf 88' lang='lat' dir='ltr'><strong>debere.</strong></span> <span class='ocrx_word' id='word_1_95' title='bbox 1732 1730 1839 1786; x_wconf 90' lang='lat' dir='ltr'><strong>Sed</strong></span> <span class='ocrx_word' id='word_1_96' title='bbox 1887 1730 2020 1801; x_wconf 90' lang='lat' dir='ltr'><strong>quia</strong></span> 
     </span>
    </p>
   </div>
   <div class='ocr_carea' id='block_1_16' title="bbox 389 1817 2024 1890">
    <p class='ocr_par' dir='ltr' id='par_1_16' title="bbox 389 1817 2024 1890">
     <span class='ocr_line' id='line_1_16' title="bbox 389 1817 2024 1890; baseline -0.001 -14"><span class='ocrx_word' id='word_1_97' title='bbox 389 1818 619 1890; x_wconf 91' lang='lat' dir='ltr'><strong>quidam</strong></span> <span class='ocrx_word' id='word_1_98' title='bbox 652 1823 913 1874; x_wconf 90' lang='lat' dir='ltr'><strong>vestrum</strong></span> <span class='ocrx_word' id='word_1_99' title='bbox 956 1817 1166 1889; x_wconf 82' lang='lat' dir='ltr'><strong>partim</strong></span> <span class='ocrx_word' id='word_1_100' title='bbox 1216 1817 1589 1888; x_wconf 79' lang='lat' dir='ltr'><strong>negligentia,</strong></span> <span class='ocrx_word' id='word_1_101' title='bbox 1627 1820 1835 1890; x_wconf 92' lang='lat' dir='ltr'><strong>partim</strong></span> <span class='ocrx_word' id='word_1_102' title='bbox 1887 1834 2024 1875; x_wconf 90' lang='lat' dir='ltr'><strong>vero</strong></span> 
     </span>
    </p>
   </div>
   <div class='ocr_carea' id='block_1_17' title="bbox 387 1906 2023 1979">
    <p class='ocr_par' dir='ltr' id='par_1_17' title="bbox 387 1906 2023 1979">
     <span class='ocr_line' id='line_1_17' title="bbox 387 1906 2023 1979; baseline 0.001 -16"><span class='ocrx_word' id='word_1_103' title='bbox 387 1907 579 1965; x_wconf 86' lang='lat' dir='ltr'><strong>tenaci</strong></span> <span class='ocrx_word' id='word_1_104' title='bbox 612 1906 981 1964; x_wconf 90' lang='lat' dir='ltr'><strong>induratione</strong></span> <span class='ocrx_word' id='word_1_105' title='bbox 1001 1907 1127 1963; x_wconf 66' lang='lat' dir='ltr'><strong>haec</strong></span> <span class='ocrx_word' id='word_1_106' title='bbox 1150 1906 1428 1964; x_wconf 89' lang='lat' dir='ltr'><strong>hactenus</strong></span> <span class='ocrx_word' id='word_1_107' title='bbox 1449 1908 1638 1963; x_wconf 91' lang='lat' dir='ltr'><strong>minus</strong></span> <span class='ocrx_word' id='word_1_108' title='bbox 1662 1907 1828 1977; x_wconf 84' lang='lat' dir='ltr'><strong>plene</strong></span> <span class='ocrx_word' id='word_1_109' title='bbox 1854 1922 2023 1979; x_wconf 92' lang='lat' dir='ltr'><strong>quam</strong></span> 
     </span>
    </p>
   </div>
   <div class='ocr_carea' id='block_1_18' title="bbox 388 1996 2023 2069">
    <p class='ocr_par' dir='ltr' id='par_1_18' title="bbox 388 1996 2023 2069">
     <span class='ocr_line' id='line_1_18' title="bbox 388 1996 2023 2069; baseline 0 -16"><span class='ocrx_word' id='word_1_110' title='bbox 388 2000 692 2069; x_wconf 90' lang='lat' dir='ltr'><strong>oporteret</strong></span> <span class='ocrx_word' id='word_1_111' title='bbox 712 2000 979 2067; x_wconf 86' lang='lat' dir='ltr'><strong>egerunt,</strong></span> <span class='ocrx_word' id='word_1_112' title='bbox 998 1996 1101 2052; x_wconf 91' lang='lat' dir='ltr'><strong>hos</strong></span> <span class='ocrx_word' id='word_1_113' title='bbox 1114 2000 1173 2053; x_wconf 93' lang='lat' dir='ltr'><strong>ut</strong></span> <span class='ocrx_word' id='word_1_114' title='bbox 1189 1996 1484 2053; x_wconf 89' lang='lat' dir='ltr'><strong>emendari</strong></span> <span class='ocrx_word' id='word_1_115' title='bbox 1499 2001 1559 2052; x_wconf 91' lang='lat' dir='ltr'><strong>et</strong></span> <span class='ocrx_word' id='word_1_116' title='bbox 1574 1996 1767 2053; x_wconf 90' lang='lat' dir='ltr'><strong>debita</strong></span> <span class='ocrx_word' id='word_1_117' title='bbox 1795 1997 2023 2054; x_wconf 88' lang='lat' dir='ltr'><strong>solvere</strong></span> 
     </span>
    </p>
   </div>
   <div class='ocr_carea' id='block_1_19' title="bbox 2134 830 3764 908">
    <p class='ocr_par' dir='ltr' id='par_1_19' title="bbox 2134 830 3764 908">
     <span class='ocr_line' id='line_1_19' title="bbox 2134 830 3764 908; baseline 0.004 -21"><span class='ocrx_word' id='word_1_118' title='bbox 2134 832 2313 902; x_wconf 86' lang='lat' dir='ltr'><strong>nium,</strong></span> <span class='ocrx_word' id='word_1_119' title='bbox 2348 830 2702 888; x_wconf 89' lang='lat' dir='ltr'><strong>levissimum</strong></span> <span class='ocrx_word' id='word_1_120' title='bbox 2739 830 2970 900; x_wconf 90' lang='lat' dir='ltr'><strong>quidem</strong></span> <span class='ocrx_word' id='word_1_121' title='bbox 3002 846 3132 887; x_wconf 91' lang='lat' dir='ltr'><strong>eum</strong></span> <span class='ocrx_word' id='word_1_122' title='bbox 3166 836 3358 889; x_wconf 89' lang='lat' dir='ltr'><strong>mente</strong></span> <span class='ocrx_word' id='word_1_123' title='bbox 3399 836 3458 889; x_wconf 90' lang='lat' dir='ltr'><strong>et</strong></span> <span class='ocrx_word' id='word_1_124' title='bbox 3508 849 3764 908; x_wconf 91' lang='lat' dir='ltr'><strong>corpore,</strong></span> 
     </span>
    </p>
   </div>
   <div class='ocr_carea' id='block_1_20' title="bbox 2134 919 3768 996">
    <p class='ocr_par' dir='ltr' id='par_1_20' title="bbox 2134 919 3768 996">
     <span class='ocr_line' id='line_1_20' title="bbox 2134 919 3768 996; baseline 0.002 -19"><span class='ocrx_word' id='word_1_125' title='bbox 2134 925 2190 977; x_wconf 93' lang='lat' dir='ltr'><strong>et</strong></span> <span class='ocrx_word' id='word_1_126' title='bbox 2223 925 2412 977; x_wconf 91' lang='lat' dir='ltr'><strong>tamen</strong></span> <span class='ocrx_word' id='word_1_127' title='bbox 2446 924 2676 991; x_wconf 86' lang='lat' dir='ltr'><strong>gratum</strong></span> <span class='ocrx_word' id='word_1_128' title='bbox 2712 919 2912 990; x_wconf 90' lang='lat' dir='ltr'><strong>fuisse,</strong></span> <span class='ocrx_word' id='word_1_129' title='bbox 2945 923 3001 975; x_wconf 91' lang='lat' dir='ltr'><strong>et</strong></span> <span class='ocrx_word' id='word_1_130' title='bbox 3038 920 3117 976; x_wconf 91' lang='lat' dir='ltr'><strong>ita</strong></span> <span class='ocrx_word' id='word_1_131' title='bbox 3151 920 3351 978; x_wconf 89' lang='lat' dir='ltr'><strong>seculo</strong></span> <span class='ocrx_word' id='word_1_132' title='bbox 3396 922 3672 996; x_wconf 91' lang='lat' dir='ltr'><strong>deditum,</strong></span> <span class='ocrx_word' id='word_1_133' title='bbox 3710 931 3768 983; x_wconf 93' lang='lat' dir='ltr'><strong>ut</strong></span> 
     </span>
    </p>
   </div>
   <div class='ocr_carea' id='block_1_21' title="bbox 2132 1010 3767 1080">
    <p class='ocr_par' dir='ltr' id='par_1_21' title="bbox 2132 1010 3767 1080">
     <span class='ocr_line' id='line_1_21' title="bbox 2132 1010 3767 1080; baseline 0.002 -13"><span class='ocrx_word' id='word_1_134' title='bbox 2132 1010 2261 1080; x_wconf 91' lang='lat' dir='ltr'><strong>ejus</strong></span> <span class='ocrx_word' id='word_1_135' title='bbox 2286 1010 2403 1080; x_wconf 91' lang='lat' dir='ltr'><strong>jam</strong></span> <span class='ocrx_word' id='word_1_136' title='bbox 2436 1011 2585 1065; x_wconf 88' lang='lat' dir='ltr'><strong>facta</strong></span> <span class='ocrx_word' id='word_1_137' title='bbox 2633 1010 2940 1066; x_wconf 90' lang='lat' dir='ltr'><strong>conversio</strong></span> <span class='ocrx_word' id='word_1_138' title='bbox 2992 1010 3259 1067; x_wconf 92' lang='lat' dir='ltr'><strong>omnibus</strong></span> <span class='ocrx_word' id='word_1_139' title='bbox 3304 1011 3606 1070; x_wconf 85' lang='lat' dir='ltr'><strong>videretur</strong></span> <span class='ocrx_word' id='word_1_140' title='bbox 3650 1029 3767 1071; x_wconf 89' lang='lat' dir='ltr'><strong>esse</strong></span> 
     </span>
    </p>
   </div>
   <div class='ocr_carea' id='block_1_22' title="bbox 2135 1098 3762 1175">
    <p class='ocr_par' dir='ltr' id='par_1_22' title="bbox 2135 1098 3762 1175">
     <span class='ocr_line' id='line_1_22' title="bbox 2135 1098 3762 1175; baseline 0.002 -20"><span class='ocrx_word' id='word_1_141' title='bbox 2135 1099 2437 1155; x_wconf 87' lang='lat' dir='ltr'><strong>miraculo.</strong></span> <span class='ocrx_word' id='word_1_142' title='bbox 2478 1099 2581 1155; x_wconf 71' lang='lat' dir='ltr'><strong>l‘bi</strong></span> <span class='ocrx_word' id='word_1_143' title='bbox 2614 1114 2754 1155; x_wconf 90' lang='lat' dir='ltr'><strong>vero</strong></span> <span class='ocrx_word' id='word_1_144' title='bbox 2783 1098 3072 1155; x_wconf 89' lang='lat' dir='ltr'><strong>voluntati</strong></span> <span class='ocrx_word' id='word_1_145' title='bbox 3107 1099 3466 1158; x_wconf 83' lang='lat' dir='ltr'><strong>satisfecisse</strong></span> <span class='ocrx_word' id='word_1_146' title='bbox 3498 1117 3558 1159; x_wconf 90' lang='lat' dir='ltr'><strong>se</strong></span> <span class='ocrx_word' id='word_1_147' title='bbox 3606 1102 3762 1175; x_wconf 88' lang='lat' dir='ltr'><strong>vidit,</strong></span> 
     </span>
    </p>
   </div>
   <div class='ocr_carea' id='block_1_23' title="bbox 2132 1188 3764 1261">
    <p class='ocr_par' dir='ltr' id='par_1_23' title="bbox 2132 1188 3764 1261">
     <span class='ocr_line' id='line_1_23' title="bbox 2132 1188 3764 1261; baseline 0.003 -17"><span class='ocrx_word' id='word_1_148' title='bbox 2132 1190 2310 1261; x_wconf 88' lang='lat' dir='ltr'><strong>coepit</strong></span> <span class='ocrx_word' id='word_1_149' title='bbox 2352 1189 2467 1257; x_wconf 91' lang='lat' dir='ltr'><strong>jam</strong></span> <span class='ocrx_word' id='word_1_150' title='bbox 2516 1188 2828 1259; x_wconf 88' lang='lat' dir='ltr'><strong>aliquando</strong></span> <span class='ocrx_word' id='word_1_151' title='bbox 2880 1188 3083 1245; x_wconf 91' lang='lat' dir='ltr'><strong>tedere</strong></span> <span class='ocrx_word' id='word_1_152' title='bbox 3134 1190 3287 1260; x_wconf 92' lang='lat' dir='ltr'><strong>quod</strong></span> <span class='ocrx_word' id='word_1_153' title='bbox 3338 1189 3608 1248; x_wconf 90' lang='lat' dir='ltr'><strong>libuerat.</strong></span> <span class='ocrx_word' id='word_1_154' title='bbox 3663 1193 3764 1249; x_wconf 87' lang='lat' dir='ltr'><strong>Sed</strong></span> 
     </span>
    </p>
   </div>
   <div class='ocr_carea' id='block_1_24' title="bbox 2134 1278 3766 1351">
    <p class='ocr_par' dir='ltr' id='par_1_24' title="bbox 2134 1278 3766 1351">
     <span class='ocr_line' id='line_1_24' title="bbox 2134 1278 3766 1351; baseline 0.003 -16"><span class='ocrx_word' id='word_1_155' title='bbox 2134 1278 2660 1348; x_wconf 89' lang='lat' dir='ltr'><strong>rursusinteripsa</strong></span> <span class='ocrx_word' id='word_1_156' title='bbox 2697 1278 3099 1335; x_wconf 87' lang='lat' dir='ltr'><strong>conversionis</strong></span> <span class='ocrx_word' id='word_1_157' title='bbox 3144 1279 3461 1351; x_wconf 89' lang='lat' dir='ltr'><strong>primordia</strong></span> <span class='ocrx_word' id='word_1_158' title='bbox 3501 1280 3633 1338; x_wconf 91' lang='lat' dir='ltr'><strong>dum</strong></span> <span class='ocrx_word' id='word_1_159' title='bbox 3674 1297 3766 1340; x_wconf 88' lang='lat' dir='ltr'><strong>cu-</strong></span> 
     </span>
    </p>
   </div>
   <div class='ocr_carea' id='block_1_25' title="bbox 2133 1366 3764 1439">
    <p class='ocr_par' dir='ltr' id='par_1_25' title="bbox 2133 1366 3764 1439">
     <span class='ocr_line' id='line_1_25' title="bbox 2133 1366 3764 1439; baseline 0.002 -17"><span class='ocrx_word' id='word_1_160' title='bbox 2133 1371 2298 1439; x_wconf 87' lang='lat' dir='ltr'><strong>peret</strong></span> <span class='ocrx_word' id='word_1_161' title='bbox 2330 1383 2392 1423; x_wconf 93' lang='lat' dir='ltr'><strong>se</strong></span> <span class='ocrx_word' id='word_1_162' title='bbox 2422 1368 2741 1423; x_wconf 82' lang='lat' dir='ltr'><strong>extendere</strong></span> <span class='ocrx_word' id='word_1_163' title='bbox 2786 1367 2857 1423; x_wconf 93' lang='lat' dir='ltr'><strong>ad</strong></span> <span class='ocrx_word' id='word_1_164' title='bbox 2906 1366 3158 1437; x_wconf 90' lang='lat' dir='ltr'><strong>insolita,</strong></span> <span class='ocrx_word' id='word_1_165' title='bbox 3195 1371 3609 1428; x_wconf 89' lang='lat' dir='ltr'><strong>reverberatus</strong></span> <span class='ocrx_word' id='word_1_166' title='bbox 3654 1372 3764 1429; x_wconf 88' lang='lat' dir='ltr'><strong>ani-</strong></span> 
     </span>
    </p>
   </div>
   <div class='ocr_carea' id='block_1_26' title="bbox 2134 1456 3763 1528">
    <p class='ocr_par' dir='ltr' id='par_1_26' title="bbox 2134 1456 3763 1528">
     <span class='ocr_line' id='line_1_26' title="bbox 2134 1456 3763 1528; baseline 0.003 -16"><span class='ocrx_word' id='word_1_167' title='bbox 2134 1473 2224 1514; x_wconf 94' lang='lat' dir='ltr'><strong>mo</strong></span> <span class='ocrx_word' id='word_1_168' title='bbox 2250 1456 2563 1528; x_wconf 86' lang='lat' dir='ltr'><strong>proclivior</strong></span> <span class='ocrx_word' id='word_1_169' title='bbox 2589 1457 2813 1513; x_wconf 89' lang='lat' dir='ltr'><strong>redibat</strong></span> <span class='ocrx_word' id='word_1_170' title='bbox 2835 1456 2906 1513; x_wconf 93' lang='lat' dir='ltr'><strong>ad</strong></span> <span class='ocrx_word' id='word_1_171' title='bbox 2931 1456 3122 1513; x_wconf 89' lang='lat' dir='ltr'><strong>solita.</strong></span> <span class='ocrx_word' id='word_1_172' title='bbox 3151 1458 3299 1514; x_wconf 84' lang='lat' dir='ltr'><strong>Vicit</strong></span> <span class='ocrx_word' id='word_1_173' title='bbox 3323 1460 3556 1516; x_wconf 88' lang='lat' dir='ltr'><strong>tandem</strong></span> <span class='ocrx_word' id='word_1_174' title='bbox 3583 1465 3763 1517; x_wconf 89' lang='lat' dir='ltr'><strong>metus</strong></span> 
     </span>
    </p>
   </div>
   <div class='ocr_carea' id='block_1_27' title="bbox 2132 1544 3767 1615">
    <p class='ocr_par' dir='ltr' id='par_1_27' title="bbox 2132 1544 3767 1615">
     <span class='ocr_line' id='line_1_27' title="bbox 2132 1544 3767 1615; baseline 0.003 -14"><span class='ocrx_word' id='word_1_175' title='bbox 2132 1546 2339 1602; x_wconf 89' lang='lat' dir='ltr'><strong>mortis</strong></span> <span class='ocrx_word' id='word_1_176' title='bbox 2369 1550 2425 1601; x_wconf 91' lang='lat' dir='ltr'><strong>et</strong></span> <span class='ocrx_word' id='word_1_177' title='bbox 2460 1545 2738 1615; x_wconf 77' lang='lat' dir='ltr'><strong>gehennze</strong></span> <span class='ocrx_word' id='word_1_178' title='bbox 2769 1544 3074 1601; x_wconf 89' lang='lat' dir='ltr'><strong>hominem.</strong></span> <span class='ocrx_word' id='word_1_179' title='bbox 3105 1547 3363 1604; x_wconf 87' lang='lat' dir='ltr'><strong>Credidit</strong></span> <span class='ocrx_word' id='word_1_180' title='bbox 3388 1563 3450 1604; x_wconf 88' lang='lat' dir='ltr'><strong>se</strong></span> <span class='ocrx_word' id='word_1_181' title='bbox 3475 1550 3617 1606; x_wconf 90' lang='lat' dir='ltr'><strong>satis</strong></span> <span class='ocrx_word' id='word_1_182' title='bbox 3647 1555 3767 1607; x_wconf 90' lang='lat' dir='ltr'><strong>tuto</strong></span> 
     </span>
    </p>
   </div>
   <div class='ocr_carea' id='block_1_28' title="bbox 2138 1634 3771 1710">
    <p class='ocr_par' dir='ltr' id='par_1_28' title="bbox 2138 1634 3771 1710">
     <span class='ocr_line' id='line_1_28' title="bbox 2138 1634 3771 1710; baseline 0.004 -21"><span class='ocrx_word' id='word_1_183' title='bbox 2138 1635 2415 1707; x_wconf 88' lang='lat' dir='ltr'><strong>periculo,</strong></span> <span class='ocrx_word' id='word_1_184' title='bbox 2452 1634 2663 1691; x_wconf 84' lang='lat' dir='ltr'><strong>Christi</strong></span> <span class='ocrx_word' id='word_1_185' title='bbox 2698 1639 3000 1706; x_wconf 87' lang='lat' dir='ltr'><strong>protectus</strong></span> <span class='ocrx_word' id='word_1_186' title='bbox 3027 1636 3263 1693; x_wconf 77' lang='lat' dir='ltr'><strong>auxilio.</strong></span> <span class='ocrx_word' id='word_1_187' title='bbox 3314 1637 3512 1693; x_wconf 89' lang='lat' dir='ltr'><strong>Omnia</strong></span> <span class='ocrx_word' id='word_1_188' title='bbox 3546 1643 3771 1710; x_wconf 87' lang='lat' dir='ltr'><strong>postpo-</strong></span> 
     </span>
    </p>
   </div>
   <div class='ocr_carea' id='block_1_29' title="bbox 2138 1724 3766 1799">
    <p class='ocr_par' dir='ltr' id='par_1_29' title="bbox 2138 1724 3766 1799">
     <span class='ocr_line' id='line_1_29' title="bbox 2138 1724 3766 1799; baseline 0.002 -19"><span class='ocrx_word' id='word_1_189' title='bbox 2138 1724 2276 1793; x_wconf 86' lang='lat' dir='ltr'><strong>suit,</strong></span> <span class='ocrx_word' id='word_1_190' title='bbox 2310 1738 2500 1780; x_wconf 84' lang='lat' dir='ltr'><strong>omnia</strong></span> <span class='ocrx_word' id='word_1_191' title='bbox 2532 1724 2815 1795; x_wconf 90' lang='lat' dir='ltr'><strong>deseruit,</strong></span> <span class='ocrx_word' id='word_1_192' title='bbox 2851 1727 2908 1779; x_wconf 91' lang='lat' dir='ltr'><strong>et</strong></span> <span class='ocrx_word' id='word_1_193' title='bbox 2943 1724 3013 1781; x_wconf 90' lang='lat' dir='ltr'><strong>ad</strong></span> <span class='ocrx_word' id='word_1_194' title='bbox 3046 1726 3244 1781; x_wconf 89' lang='lat' dir='ltr'><strong>Casam</strong></span> <span class='ocrx_word' id='word_1_195' title='bbox 3278 1726 3376 1781; x_wconf 86' lang='lat' dir='ltr'><strong>Dei</strong></span> <span class='ocrx_word' id='word_1_196' title='bbox 3411 1740 3473 1782; x_wconf 88' lang='lat' dir='ltr'><strong>se</strong></span> <span class='ocrx_word' id='word_1_197' title='bbox 3503 1728 3766 1799; x_wconf 86' lang='lat' dir='ltr'><strong>contulit,</strong></span> 
     </span>
    </p>
   </div>
   <div class='ocr_carea' id='block_1_30' title="bbox 2136 1813 3768 1887">
    <p class='ocr_par' dir='ltr' id='par_1_30' title="bbox 2136 1813 3768 1887">
     <span class='ocr_line' id='line_1_30' title="bbox 2136 1813 3768 1887; baseline 0.002 -17"><span class='ocrx_word' id='word_1_198' title='bbox 2136 1815 2235 1870; x_wconf 88' lang='lat' dir='ltr'><strong>ubi</strong></span> <span class='ocrx_word' id='word_1_199' title='bbox 2259 1817 2402 1870; x_wconf 91' lang='lat' dir='ltr'><strong>tunc</strong></span> <span class='ocrx_word' id='word_1_200' title='bbox 2435 1814 2714 1885; x_wconf 88' lang='lat' dir='ltr'><strong>temporis</strong></span> <span class='ocrx_word' id='word_1_201' title='bbox 2748 1813 2920 1871; x_wconf 64' lang='lat' dir='ltr'><strong>nulla)</strong></span> <span class='ocrx_word' id='word_1_202' title='bbox 2954 1813 3192 1885; x_wconf 76' lang='lat' dir='ltr'><strong>divitize,</strong></span> <span class='ocrx_word' id='word_1_203' title='bbox 3231 1815 3386 1872; x_wconf 88' lang='lat' dir='ltr'><strong>nulla</strong></span> <span class='ocrx_word' id='word_1_204' title='bbox 3417 1816 3624 1887; x_wconf 81' lang='lat' dir='ltr'><strong>gloria,</strong></span> <span class='ocrx_word' id='word_1_205' title='bbox 3653 1819 3768 1875; x_wconf 92' lang='lat' dir='ltr'><strong>sola</strong></span> 
     </span>
    </p>
   </div>
   <div class='ocr_carea' id='block_1_31' title="bbox 2137 1904 3768 1977">
    <p class='ocr_par' dir='ltr' id='par_1_31' title="bbox 2137 1904 3768 1977">
     <span class='ocr_line' id='line_1_31' title="bbox 2137 1904 3768 1977; baseline 0.004 -19"><span class='ocrx_word' id='word_1_206' title='bbox 2137 1904 2539 1959; x_wconf 88' lang='lat' dir='ltr'><strong>habitantibus</strong></span> <span class='ocrx_word' id='word_1_207' title='bbox 2562 1904 2886 1960; x_wconf 68' lang='lat' dir='ltr'><strong>sufficiebat</strong></span> <span class='ocrx_word' id='word_1_208' title='bbox 2914 1904 3124 1976; x_wconf 91' lang='lat' dir='ltr'><strong>inopia.</strong></span> <span class='ocrx_word' id='word_1_209' title='bbox 3147 1905 3317 1962; x_wconf 87' lang='lat' dir='ltr'><strong>Vasta</strong></span> <span class='ocrx_word' id='word_1_210' title='bbox 3339 1909 3469 1962; x_wconf 89' lang='lat' dir='ltr'><strong>erat</strong></span> <span class='ocrx_word' id='word_1_211' title='bbox 3488 1906 3768 1977; x_wconf 90' lang='lat' dir='ltr'><strong>heremus,</strong></span> 
     </span>
    </p>
   </div>
   <div class='ocr_carea' id='block_1_32' title="bbox 2138 1994 3770 2064">
    <p class='ocr_par' dir='ltr' id='par_1_32' title="bbox 2138 1994 3770 2064">
     <span class='ocr_line' id='line_1_32' title="bbox 2138 1994 3770 2064; baseline 0.002 -14"><span class='ocrx_word' id='word_1_212' title='bbox 2138 1997 2342 2064; x_wconf 87' lang='lat' dir='ltr'><strong>utpote</strong></span> <span class='ocrx_word' id='word_1_213' title='bbox 2366 2008 2493 2064; x_wconf 73' lang='lat' dir='ltr'><strong>quae</strong></span> <span class='ocrx_word' id='word_1_214' title='bbox 2518 1996 2650 2048; x_wconf 90' lang='lat' dir='ltr'><strong>ante</strong></span> <span class='ocrx_word' id='word_1_215' title='bbox 2670 2008 2852 2049; x_wconf 86' lang='lat' dir='ltr'><strong>annos</strong></span> <span class='ocrx_word' id='word_1_216' title='bbox 2865 1999 2934 2050; x_wconf 77' lang='lat'><strong>20</strong></span> <span class='ocrx_word' id='word_1_217' title='bbox 2950 1994 3346 2050; x_wconf 89' lang='lat' dir='ltr'><strong>habitationes</strong></span> <span class='ocrx_word' id='word_1_218' title='bbox 3362 1994 3649 2052; x_wconf 89' lang='lat' dir='ltr'><strong>hominum</strong></span> <span class='ocrx_word' id='word_1_219' title='bbox 3665 2011 3770 2053; x_wconf 91' lang='lat' dir='ltr'><strong>non</strong></span> 
     </span>
    </p>
   </div>
   <div class='ocr_carea' id='block_1_33' title="bbox 387 2081 3770 2164">
    <p class='ocr_par' dir='ltr' id='par_1_33' title="bbox 387 2081 3770 2164">
     <span class='ocr_line' id='line_1_33' title="bbox 387 2081 3770 2164; baseline -0.001 -22"><span class='ocrx_word' id='word_1_220' title='bbox 387 2085 454 2120; x_wconf 75' lang='grc'><strong>³⁴⁰</strong></span> <span class='ocrx_word' id='word_1_221' title='bbox 476 2086 769 2156; x_wconf 87' lang='lat' dir='ltr'><strong>studeant,</strong></span> <span class='ocrx_word' id='word_1_222' title='bbox 798 2100 997 2142; x_wconf 90' lang='lat' dir='ltr'><strong>omnes</strong></span> <span class='ocrx_word' id='word_1_223' title='bbox 1018 2088 1209 2141; x_wconf 89' lang='lat' dir='ltr'><strong>autem</strong></span> <span class='ocrx_word' id='word_1_224' title='bbox 1240 2088 1298 2142; x_wconf 89' lang='lat' dir='ltr'><strong>ut</strong></span> <span class='ocrx_word' id='word_1_225' title='bbox 1329 2084 1656 2156; x_wconf 90' lang='lat' dir='ltr'><strong>apostolico</strong></span> <span class='ocrx_word' id='word_1_226' title='bbox 1693 2092 2020 2158; x_wconf 64' lang='lat' dir='ltr'><strong>praecepto:</strong></span> <span class='ocrx_word' id='word_1_227' title='bbox 2058 2105 2108 2164; x_wconf 79' lang='grc' dir='ltr'><strong><em>Β</em></strong></span> <span class='ocrx_word' id='word_1_228' title='bbox 2140 2086 2401 2138; x_wconf 89' lang='lat' dir='ltr'><strong>noverat.</strong></span> <span class='ocrx_word' id='word_1_229' title='bbox 2439 2083 2688 2138; x_wconf 89' lang='lat' dir='ltr'><strong>Sanctus</strong></span> <span class='ocrx_word' id='word_1_230' title='bbox 2720 2081 2874 2138; x_wconf 92' lang='lat' dir='ltr'><strong>illam</strong></span> <span class='ocrx_word' id='word_1_231' title='bbox 2909 2084 3202 2139; x_wconf 88' lang='lat' dir='ltr'><strong>Robertus</strong></span> <span class='ocrx_word' id='word_1_232' title='bbox 3246 2083 3465 2154; x_wconf 90' lang='lat' dir='ltr'><strong>primus</strong></span> <span class='ocrx_word' id='word_1_233' title='bbox 3514 2085 3770 2156; x_wconf 90' lang='lat' dir='ltr'><strong>incoluit,</strong></span> 
     </span>
    </p>
   </div>
   <div class='ocr_carea' id='block_1_34' title="bbox 394 2174 2030 2248">
    <p class='ocr_par' dir='ltr' id='par_1_34' title="bbox 394 2174 2030 2248">
     <span class='ocr_line' id='line_1_34' title="bbox 394 2174 2030 2248; baseline -0.001 -15"><span class='ocrx_word' id='word_1_234' title='bbox 394 2175 509 2233; x_wconf 76' lang='lat' dir='ltr'><strong>Cui</strong></span> <span class='ocrx_word' id='word_1_235' title='bbox 521 2174 1064 2248; x_wconf 71' lang='lat' dir='ltr'><strong>vectigalvectigal,</strong></span> <span class='ocrx_word' id='word_1_236' title='bbox 1080 2175 1179 2232; x_wconf 85' lang='lat' dir='ltr'><strong>cui</strong></span> <span class='ocrx_word' id='word_1_237' title='bbox 1191 2174 1481 2232; x_wconf 77' lang='lat' dir='ltr'><strong>tribu-tum</strong></span> <span class='ocrx_word' id='word_1_238' title='bbox 1492 2175 2030 2247; x_wconf 56' lang='lat' dir='ltr'><strong>h‘ibutumpptem-</strong></span> 
     </span>
    </p>
   </div>
   <div class='ocr_carea' id='block_1_35' title="bbox 395 2265 2031 2337">
    <p class='ocr_par' dir='ltr' id='par_1_35' title="bbox 395 2265 2031 2337">
     <span class='ocr_line' id='line_1_35' title="bbox 395 2265 2031 2337; baseline 0.001 -16"><span class='ocrx_word' id='word_1_239' title='bbox 395 2266 614 2336; x_wconf 90' lang='lat' dir='ltr'><strong>peretis</strong></span> <span class='ocrx_word' id='word_1_240' title='bbox 638 2280 1090 2322; x_wconf 91' lang='lat' dir='ltr'><strong>commonemus.</strong></span> <span class='ocrx_word' id='word_1_241' title='bbox 1121 2265 1524 2337; x_wconf 76' lang='lat' dir='ltr'><strong>l’nusquisque</strong></span> <span class='ocrx_word' id='word_1_242' title='bbox 1547 2265 1696 2321; x_wconf 92' lang='lat' dir='ltr'><strong>enim</strong></span> <span class='ocrx_word' id='word_1_243' title='bbox 1730 2281 1840 2322; x_wconf 90' lang='lat' dir='ltr'><strong>non</strong></span> <span class='ocrx_word' id='word_1_244' title='bbox 1877 2267 2031 2336; x_wconf 93' lang='lat' dir='ltr'><strong>quod</strong></span> 
     </span>
    </p>
   </div>
   <div class='ocr_carea' id='block_1_36' title="bbox 390 2352 2033 2425">
    <p class='ocr_par' dir='ltr' id='par_1_36' title="bbox 390 2352 2033 2425">
     <span class='ocr_line' id='line_1_36' title="bbox 390 2352 2033 2425; baseline 0.001 -16"><span class='ocrx_word' id='word_1_245' title='bbox 390 2370 555 2411; x_wconf 87' lang='lat' dir='ltr'><strong>suum</strong></span> <span class='ocrx_word' id='word_1_246' title='bbox 580 2358 688 2423; x_wconf 91' lang='lat' dir='ltr'><strong>est,</strong></span> <span class='ocrx_word' id='word_1_247' title='bbox 711 2357 800 2409; x_wconf 91' lang='lat' dir='ltr'><strong>set</strong></span> <span class='ocrx_word' id='word_1_248' title='bbox 819 2354 969 2424; x_wconf 93' lang='lat' dir='ltr'><strong>quod</strong></span> <span class='ocrx_word' id='word_1_249' title='bbox 996 2352 1259 2424; x_wconf 90' lang='lat' dir='ltr'><strong>alterius,</strong></span> <span class='ocrx_word' id='word_1_250' title='bbox 1286 2357 1527 2425; x_wconf 90' lang='lat' dir='ltr'><strong>querat;</strong></span> <span class='ocrx_word' id='word_1_251' title='bbox 1552 2354 1820 2424; x_wconf 89' lang='lat' dir='ltr'><strong>quoniam</strong></span> <span class='ocrx_word' id='word_1_252' title='bbox 1862 2355 1907 2411; x_wconf 92' lang='lat' dir='ltr'><strong>si</strong></span> <span class='ocrx_word' id='word_1_253' title='bbox 1951 2355 2033 2411; x_wconf 88' lang='lat' dir='ltr'><strong>di-</strong></span> 
     </span>
    </p>
   </div>
   <div class='ocr_carea' id='block_1_37' title="bbox 393 2442 2034 2514">
    <p class='ocr_par' dir='ltr' id='par_1_37' title="bbox 393 2442 2034 2514">
     <span class='ocr_line' id='line_1_37' title="bbox 393 2442 2034 2514; baseline 0.001 -15"><span class='ocrx_word' id='word_1_254' title='bbox 393 2457 503 2513; x_wconf 79' lang='lat' dir='ltr'><strong>gne</strong></span> <span class='ocrx_word' id='word_1_255' title='bbox 523 2442 916 2512; x_wconf 84' lang='lat' dir='ltr'><strong>redarguitur,</strong></span> <span class='ocrx_word' id='word_1_256' title='bbox 946 2442 1041 2513; x_wconf 94' lang='lat' dir='ltr'><strong>qui</strong></span> <span class='ocrx_word' id='word_1_257' title='bbox 1067 2445 1239 2514; x_wconf 90' lang='lat' dir='ltr'><strong>prout</strong></span> <span class='ocrx_word' id='word_1_258' title='bbox 1264 2446 1497 2514; x_wconf 91' lang='lat' dir='ltr'><strong>oportet</strong></span> <span class='ocrx_word' id='word_1_259' title='bbox 1523 2443 1756 2514; x_wconf 90' lang='lat' dir='ltr'><strong>propria</strong></span> <span class='ocrx_word' id='word_1_260' title='bbox 1780 2459 1891 2499; x_wconf 91' lang='lat' dir='ltr'><strong>non</strong></span> <span class='ocrx_word' id='word_1_261' title='bbox 1923 2442 2034 2500; x_wconf 90' lang='lat' dir='ltr'><strong>lar-</strong></span> 
     </span>
    </p>
   </div>
   <div class='ocr_carea' id='block_1_38' title="bbox 396 2531 2034 2603">
    <p class='ocr_par' dir='ltr' id='par_1_38' title="bbox 396 2531 2034 2603">
     <span class='ocr_line' id='line_1_38' title="bbox 396 2531 2034 2603; baseline 0.001 -16"><span class='ocrx_word' id='word_1_262' title='bbox 396 2533 572 2603; x_wconf 75' lang='lat' dir='ltr'><strong>gitur,</strong></span> <span class='ocrx_word' id='word_1_263' title='bbox 610 2546 717 2602; x_wconf 89' lang='lat' dir='ltr'><strong>qua</strong></span> <span class='ocrx_word' id='word_1_264' title='bbox 753 2531 1043 2587; x_wconf 87' lang='lat' dir='ltr'><strong>sententia</strong></span> <span class='ocrx_word' id='word_1_265' title='bbox 1076 2532 1287 2601; x_wconf 86' lang='lat' dir='ltr'><strong>dignus</strong></span> <span class='ocrx_word' id='word_1_266' title='bbox 1315 2534 1428 2601; x_wconf 92' lang='lat' dir='ltr'><strong>est,</strong></span> <span class='ocrx_word' id='word_1_267' title='bbox 1465 2532 1561 2602; x_wconf 92' lang='lat' dir='ltr'><strong>qui</strong></span> <span class='ocrx_word' id='word_1_268' title='bbox 1592 2548 1698 2588; x_wconf 92' lang='lat' dir='ltr'><strong>nec</strong></span> <span class='ocrx_word' id='word_1_269' title='bbox 1729 2533 1914 2589; x_wconf 89' lang='lat' dir='ltr'><strong>aliena</strong></span> <span class='ocrx_word' id='word_1_270' title='bbox 1948 2548 2034 2589; x_wconf 89' lang='lat' dir='ltr'><strong>ra-</strong></span> 
     </span>
    </p>
   </div>
   <div class='ocr_carea' id='block_1_39' title="bbox 400 2620 2030 2692">
    <p class='ocr_par' dir='ltr' id='par_1_39' title="bbox 400 2620 2030 2692">
     <span class='ocr_line' id='line_1_39' title="bbox 400 2620 2030 2692; baseline 0 -15"><span class='ocrx_word' id='word_1_271' title='bbox 400 2637 553 2692; x_wconf 84' lang='lat' dir='ltr'><strong>pere,</strong></span> <span class='ocrx_word' id='word_1_272' title='bbox 584 2636 690 2676; x_wconf 87' lang='lat' dir='ltr'><strong>nec</strong></span> <span class='ocrx_word' id='word_1_273' title='bbox 719 2620 916 2677; x_wconf 88' lang='lat' dir='ltr'><strong>debita</strong></span> <span class='ocrx_word' id='word_1_274' title='bbox 946 2620 1149 2676; x_wconf 86' lang='lat' dir='ltr'><strong>metuit</strong></span> <span class='ocrx_word' id='word_1_275' title='bbox 1185 2620 1461 2689; x_wconf 88' lang='lat' dir='ltr'><strong>retinere,</strong></span> <span class='ocrx_word' id='word_1_276' title='bbox 1493 2621 1725 2677; x_wconf 90' lang='lat' dir='ltr'><strong>dicente</strong></span> <span class='ocrx_word' id='word_1_277' title='bbox 1755 2622 1992 2679; x_wconf 88' lang='lat' dir='ltr'><strong>Domino</strong></span> <span class='ocrx_word' id='word_1_278' title='bbox 2019 2641 2030 2677; x_wconf 78' lang='grc' dir='ltr'><strong><em>τ</em></strong></span> 
     </span>
    </p>
   </div>
   <div class='ocr_carea' id='block_1_40' title="bbox 400 2708 2028 2784">
    <p class='ocr_par' dir='ltr' id='par_1_40' title="bbox 400 2708 2028 2784">
     <span class='ocr_line' id='line_1_40' title="bbox 400 2708 2028 2784; baseline -0.001 -18"><span class='ocrx_word' id='word_1_279' title='bbox 400 2711 536 2776; x_wconf 74' lang='lat' dir='ltr'><strong>Quae</strong></span> <span class='ocrx_word' id='word_1_280' title='bbox 557 2711 743 2767; x_wconf 72' lang='lat' dir='ltr'><strong>cultis</strong></span> <span class='ocrx_word' id='word_1_281' title='bbox 762 2710 833 2765; x_wconf 80' lang='lat' dir='ltr'><strong>ut</strong></span> <span class='ocrx_word' id='word_1_282' title='bbox 832 2710 1091 2781; x_wconf 80' lang='lat' dir='ltr'><strong>faciant</strong></span> <span class='ocrx_word' id='word_1_283' title='bbox 1106 2708 1293 2780; x_wconf 74' lang='lat' dir='ltr'><strong>vobis,</strong></span> <span class='ocrx_word' id='word_1_284' title='bbox 1318 2709 1439 2768; x_wconf 70' lang='grc' dir='ltr'><strong>Ιιωο</strong></span> <span class='ocrx_word' id='word_1_285' title='bbox 1444 2710 1647 2784; x_wconf 82' lang='lat' dir='ltr'><strong>facite</strong></span> <span class='ocrx_word' id='word_1_286' title='bbox 1668 2710 1727 2767; x_wconf 79' lang='lat' dir='ltr'><strong>et</strong></span> <span class='ocrx_word' id='word_1_287' title='bbox 1750 2726 1849 2768; x_wconf 75' lang='lat' dir='ltr'><strong>eos</strong></span> <span class='ocrx_word' id='word_1_288' title='bbox 1878 2712 2028 2769; x_wconf 85' lang='lat' dir='ltr'><strong>illis.</strong></span> 
     </span>
    </p>
   </div>
   <div class='ocr_carea' id='block_1_41' title="bbox 400 2797 2031 2871">
    <p class='ocr_par' dir='ltr' id='par_1_41' title="bbox 400 2797 2031 2871">
     <span class='ocr_line' id='line_1_41' title="bbox 400 2797 2031 2871; baseline 0.001 -16"><span class='ocrx_word' id='word_1_289' title='bbox 400 2801 499 2855; x_wconf 86' lang='lat' dir='ltr'><strong>Et:</strong></span> <span class='ocrx_word' id='word_1_290' title='bbox 527 2799 691 2864; x_wconf 78' lang='lat' dir='ltr'><strong>Quod</strong></span> <span class='ocrx_word' id='word_1_291' title='bbox 712 2797 823 2855; x_wconf 78' lang='lat' dir='ltr'><strong>tibi</strong></span> <span class='ocrx_word' id='word_1_292' title='bbox 844 2813 960 2854; x_wconf 74' lang='lat' dir='ltr'><strong>non</strong></span> <span class='ocrx_word' id='word_1_293' title='bbox 979 2800 1092 2869; x_wconf 73' lang='lat' dir='ltr'><strong>eis,</strong></span> <span class='ocrx_word' id='word_1_294' title='bbox 1119 2799 1235 2855; x_wconf 82' lang='lat' dir='ltr'><strong>alii</strong></span> <span class='ocrx_word' id='word_1_295' title='bbox 1255 2813 1371 2856; x_wconf 78' lang='lat' dir='ltr'><strong>non</strong></span> <span class='ocrx_word' id='word_1_296' title='bbox 1370 2800 1619 2871; x_wconf 77' lang='lat' dir='ltr'><strong>feceris.</strong></span> <span class='ocrx_word' id='word_1_297' title='bbox 1645 2801 1806 2857; x_wconf 90' lang='lat' dir='ltr'><strong>Nunc</strong></span> <span class='ocrx_word' id='word_1_298' title='bbox 1832 2801 2031 2871; x_wconf 83' lang='lat' dir='ltr'><strong>igitur,</strong></span> 
     </span>
    </p>
   </div>
   <div class='ocr_carea' id='block_1_42' title="bbox 398 2886 2034 2958">
    <p class='ocr_par' dir='ltr' id='par_1_42' title="bbox 398 2886 2034 2958">
     <span class='ocr_line' id='line_1_42' title="bbox 398 2886 2034 2958; baseline 0.001 -16"><span class='ocrx_word' id='word_1_299' title='bbox 398 2888 528 2958; x_wconf 85' lang='lat' dir='ltr'><strong>quia</strong></span> <span class='ocrx_word' id='word_1_300' title='bbox 562 2887 842 2943; x_wconf 79' lang='lat' dir='ltr'><strong>dilectum</strong></span> <span class='ocrx_word' id='word_1_301' title='bbox 886 2886 1064 2943; x_wconf 86' lang='lat' dir='ltr'><strong>filium</strong></span> <span class='ocrx_word' id='word_1_302' title='bbox 1108 2891 1369 2945; x_wconf 91' lang='lat' dir='ltr'><strong>nostrum</strong></span> <span class='ocrx_word' id='word_1_303' title='bbox 1424 2891 1717 2957; x_wconf 83' lang='lat' dir='ltr'><strong>llugonem</strong></span> <span class='ocrx_word' id='word_1_304' title='bbox 1769 2890 2034 2946; x_wconf 90' lang='lat' dir='ltr'><strong>Diensem</strong></span> 
     </span>
    </p>
   </div>
   <div class='ocr_carea' id='block_1_43' title="bbox 395 2974 2037 3048">
    <p class='ocr_par' dir='ltr' id='par_1_43' title="bbox 395 2974 2037 3048">
     <span class='ocr_line' id='line_1_43' title="bbox 395 2974 2037 3048; baseline 0.002 -17"><span class='ocrx_word' id='word_1_305' title='bbox 395 2976 735 3048; x_wconf 90' lang='lat' dir='ltr'><strong>episcopum</strong></span> <span class='ocrx_word' id='word_1_306' title='bbox 760 2976 835 3031; x_wconf 90' lang='lat' dir='ltr'><strong>oh</strong></span> <span class='ocrx_word' id='word_1_307' title='bbox 857 2974 1293 3032; x_wconf 65' lang='lat' dir='ltr'><strong>{ecclesiasticm</strong></span> <span class='ocrx_word' id='word_1_308' title='bbox 1320 2976 1593 3034; x_wconf 86' lang='lat' dir='ltr'><strong>utilitatis</strong></span> <span class='ocrx_word' id='word_1_309' title='bbox 1617 2977 1843 3035; x_wconf 89' lang='lat' dir='ltr'><strong>diversa</strong></span> <span class='ocrx_word' id='word_1_310' title='bbox 1866 2994 2037 3048; x_wconf 86' lang='lat' dir='ltr'><strong>nego-</strong></span> 
     </span>
    </p>
   </div>
   <div class='ocr_carea' id='block_1_44' title="bbox 397 3062 2034 3138">
    <p class='ocr_par' dir='ltr' id='par_1_44' title="bbox 397 3062 2034 3138">
     <span class='ocr_line' id='line_1_44' title="bbox 397 3062 2034 3138; baseline 0.003 -20"><span class='ocrx_word' id='word_1_311' title='bbox 397 3064 486 3119; x_wconf 82' lang='lat' dir='ltr'><strong>eia</strong></span> <span class='ocrx_word' id='word_1_312' title='bbox 519 3063 573 3118; x_wconf 90' lang='lat' dir='ltr'><strong>in</strong></span> <span class='ocrx_word' id='word_1_313' title='bbox 608 3062 822 3119; x_wconf 90' lang='lat' dir='ltr'><strong>Gallias</strong></span> <span class='ocrx_word' id='word_1_314' title='bbox 840 3062 1000 3118; x_wconf 89' lang='lat' dir='ltr'><strong>vices</strong></span> <span class='ocrx_word' id='word_1_315' title='bbox 1023 3068 1253 3120; x_wconf 88' lang='lat' dir='ltr'><strong>nostras</strong></span> <span class='ocrx_word' id='word_1_316' title='bbox 1274 3070 1704 3134; x_wconf 87' lang='lat' dir='ltr'><strong>exequuturum</strong></span> <span class='ocrx_word' id='word_1_317' title='bbox 1730 3066 2034 3138; x_wconf 91' lang='lat' dir='ltr'><strong>mittimus,</strong></span> 
     </span>
    </p>
   </div>
   <div class='ocr_carea' id='block_1_45' title="bbox 395 3150 2036 3225">
    <p class='ocr_par' dir='ltr' id='par_1_45' title="bbox 395 3150 2036 3225">
     <span class='ocr_line' id='line_1_45' title="bbox 395 3150 2036 3225; baseline 0.002 -17"><span class='ocrx_word' id='word_1_318' title='bbox 395 3156 452 3208; x_wconf 91' lang='lat' dir='ltr'><strong>et</strong></span> <span class='ocrx_word' id='word_1_319' title='bbox 488 3152 619 3223; x_wconf 90' lang='lat' dir='ltr'><strong>quia</strong></span> <span class='ocrx_word' id='word_1_320' title='bbox 654 3150 864 3207; x_wconf 88' lang='lat' dir='ltr'><strong>nemini</strong></span> <span class='ocrx_word' id='word_1_321' title='bbox 897 3151 1091 3223; x_wconf 88' lang='lat' dir='ltr'><strong>potius</strong></span> <span class='ocrx_word' id='word_1_322' title='bbox 1138 3152 1379 3209; x_wconf 83' lang='lat' dir='ltr'><strong>credere</strong></span> <span class='ocrx_word' id='word_1_323' title='bbox 1428 3154 1728 3223; x_wconf 89' lang='lat' dir='ltr'><strong>debemus,</strong></span> <span class='ocrx_word' id='word_1_324' title='bbox 1765 3169 1933 3225; x_wconf 94' lang='lat' dir='ltr'><strong>quem</strong></span> <span class='ocrx_word' id='word_1_325' title='bbox 1981 3156 2036 3211; x_wconf 91' lang='lat' dir='ltr'><strong>in</strong></span> 
     </span>
    </p>
   </div>
   <div class='ocr_carea' id='block_1_46' title="bbox 394 3240 2039 3313">
    <p class='ocr_par' dir='ltr' id='par_1_46' title="bbox 394 3240 2039 3313">
     <span class='ocr_line' id='line_1_46' title="bbox 394 3240 2039 3313; baseline 0.002 -16"><span class='ocrx_word' id='word_1_326' title='bbox 394 3240 662 3297; x_wconf 90' lang='lat' dir='ltr'><strong>omnibus</strong></span> <span class='ocrx_word' id='word_1_327' title='bbox 690 3255 721 3296; x_wconf 92' lang='lat' dir='ltr'><strong>a</strong></span> <span class='ocrx_word' id='word_1_328' title='bbox 756 3240 923 3297; x_wconf 92' lang='lat' dir='ltr'><strong>nobis</strong></span> <span class='ocrx_word' id='word_1_329' title='bbox 953 3240 1064 3297; x_wconf 92' lang='lat' dir='ltr'><strong>sibi</strong></span> <span class='ocrx_word' id='word_1_330' title='bbox 1098 3240 1373 3310; x_wconf 88' lang='lat' dir='ltr'><strong>injunctis</strong></span> <span class='ocrx_word' id='word_1_331' title='bbox 1404 3241 1656 3299; x_wconf 87' lang='lat' dir='ltr'><strong>fideliter</strong></span> <span class='ocrx_word' id='word_1_332' title='bbox 1677 3244 1865 3313; x_wconf 81' lang='lat' dir='ltr'><strong>egisse</strong></span> <span class='ocrx_word' id='word_1_333' title='bbox 1887 3260 2039 3301; x_wconf 90' lang='lat' dir='ltr'><strong>com-</strong></span> 
     </span>
    </p>
   </div>
   <div class='ocr_carea' id='block_1_47' title="bbox 395 3330 2036 3405">
    <p class='ocr_par' dir='ltr' id='par_1_47' title="bbox 395 3330 2036 3405">
     <span class='ocr_line' id='line_1_47' title="bbox 395 3330 2036 3405; baseline 0.002 -18"><span class='ocrx_word' id='word_1_334' title='bbox 395 3331 669 3402; x_wconf 87' lang='lat' dir='ltr'><strong>perimus,</strong></span> <span class='ocrx_word' id='word_1_335' title='bbox 699 3346 826 3402; x_wconf 68' lang='lat' dir='ltr'><strong>quaa</strong></span> <span class='ocrx_word' id='word_1_336' title='bbox 859 3330 1030 3386; x_wconf 89' lang='lat' dir='ltr'><strong>nobis</strong></span> <span class='ocrx_word' id='word_1_337' title='bbox 1061 3346 1133 3386; x_wconf 87' lang='lat' dir='ltr'><strong>ex</strong></span> <span class='ocrx_word' id='word_1_338' title='bbox 1165 3331 1432 3388; x_wconf 89' lang='lat' dir='ltr'><strong>ecclesiis</strong></span> <span class='ocrx_word' id='word_1_339' title='bbox 1461 3333 1676 3389; x_wconf 91' lang='lat' dir='ltr'><strong>vestris</strong></span> <span class='ocrx_word' id='word_1_340' title='bbox 1699 3333 2036 3405; x_wconf 90' lang='lat' dir='ltr'><strong>specialiter</strong></span> 
     </span>
    </p>
   </div>
   <div class='ocr_carea' id='block_1_48' title="bbox 398 3419 2035 3494">
    <p class='ocr_par' dir='ltr' id='par_1_48' title="bbox 398 3419 2035 3494">
     <span class='ocr_line' id='line_1_48' title="bbox 398 3419 2035 3494; baseline 0.002 -18"><span class='ocrx_word' id='word_1_341' title='bbox 398 3419 644 3491; x_wconf 89' lang='lat' dir='ltr'><strong>debetis,</strong></span> <span class='ocrx_word' id='word_1_342' title='bbox 683 3435 782 3476; x_wconf 91' lang='lat' dir='ltr'><strong>vos</strong></span> <span class='ocrx_word' id='word_1_343' title='bbox 814 3419 896 3475; x_wconf 93' lang='lat' dir='ltr'><strong>illi</strong></span> <span class='ocrx_word' id='word_1_344' title='bbox 927 3419 997 3475; x_wconf 88' lang='lat' dir='ltr'><strong>ad</strong></span> <span class='ocrx_word' id='word_1_345' title='bbox 1033 3435 1139 3476; x_wconf 92' lang='lat' dir='ltr'><strong>nos</strong></span> <span class='ocrx_word' id='word_1_346' title='bbox 1187 3420 1529 3491; x_wconf 83' lang='lat' dir='ltr'><strong>perferenda</strong></span> <span class='ocrx_word' id='word_1_347' title='bbox 1583 3421 1937 3494; x_wconf 89' lang='lat' dir='ltr'><strong>persolvere,</strong></span> <span class='ocrx_word' id='word_1_348' title='bbox 1971 3438 2035 3479; x_wconf 89' lang='lat' dir='ltr'><strong>ac</strong></span> 
     </span>
    </p>
   </div>
   <div class='ocr_carea' id='block_1_49' title="bbox 403 3508 1504 3579">
    <p class='ocr_par' dir='ltr' id='par_1_49' title="bbox 403 3508 1504 3579">
     <span class='ocr_line' id='line_1_49' title="bbox 403 3508 1504 3579; baseline 0.002 -15"><span class='ocrx_word' id='word_1_349' title='bbox 403 3509 473 3565; x_wconf 89' lang='lat' dir='ltr'><strong>de</strong></span> <span class='ocrx_word' id='word_1_350' title='bbox 508 3508 757 3565; x_wconf 91' lang='lat' dir='ltr'><strong>retentis</strong></span> <span class='ocrx_word' id='word_1_351' title='bbox 788 3509 1133 3565; x_wconf 80' lang='lat' dir='ltr'><strong>satisfacere</strong></span> <span class='ocrx_word' id='word_1_352' title='bbox 1154 3509 1445 3579; x_wconf 88' lang='lat' dir='ltr'><strong>juhemus.</strong></span> <span class='ocrx_word' id='word_1_353' title='bbox 1478 3533 1504 3559; x_wconf 73' lang='grc' dir='ltr'><strong>ιν</strong></span> 
     </span>
    </p>
   </div>
   <div class='ocr_carea' id='block_1_50' title="bbox 470 3598 2045 3669">
    <p class='ocr_par' dir='ltr' id='par_1_50' title="bbox 470 3598 2045 3669">
     <span class='ocr_line' id='line_1_50' title="bbox 470 3598 2045 3669; baseline 0.002 -16"><span class='ocrx_word' id='word_1_354' title='bbox 470 3599 604 3669; x_wconf 87' lang='lat' dir='ltr'><strong>Ipso</strong></span> <span class='ocrx_word' id='word_1_355' title='bbox 630 3612 780 3654; x_wconf 90' lang='lat' dir='ltr'><strong>anno</strong></span> <span class='ocrx_word' id='word_1_356' title='bbox 805 3598 958 3669; x_wconf 90' lang='lat' dir='ltr'><strong>apud</strong></span> <span class='ocrx_word' id='word_1_357' title='bbox 983 3599 1183 3655; x_wconf 89' lang='lat' dir='ltr'><strong>Casam</strong></span> <span class='ocrx_word' id='word_1_358' title='bbox 1211 3598 1307 3654; x_wconf 90' lang='lat' dir='ltr'><strong>Dei</strong></span> <span class='ocrx_word' id='word_1_359' title='bbox 1333 3598 1479 3662; x_wconf 76' lang='grc'>(134)</span> <span class='ocrx_word' id='word_1_360' title='bbox 1504 3600 1887 3657; x_wconf 88' lang='lat' dir='ltr'><strong>monasticum</strong></span> <span class='ocrx_word' id='word_1_361' title='bbox 1919 3616 2045 3656; x_wconf 89' lang='lat' dir='ltr'><strong>sus-</strong></span> 
     </span>
    </p>
   </div>
   <div class='ocr_carea' id='block_1_51' title="bbox 398 3685 2043 3757">
    <p class='ocr_par' dir='ltr' id='par_1_51' title="bbox 398 3685 2043 3757">
     <span class='ocr_line' id='line_1_51' title="bbox 398 3685 2043 3757; baseline 0.001 -15"><span class='ocrx_word' id='word_1_362' title='bbox 398 3688 633 3757; x_wconf 88' lang='lat' dir='ltr'><strong>ceperat</strong></span> <span class='ocrx_word' id='word_1_363' title='bbox 665 3685 927 3740; x_wconf 90' lang='lat' dir='ltr'><strong>habitum</strong></span> <span class='ocrx_word' id='word_1_364' title='bbox 982 3686 1228 3742; x_wconf 89' lang='lat' dir='ltr'><strong>domnus</strong></span> <span class='ocrx_word' id='word_1_365' title='bbox 1271 3687 1525 3753; x_wconf 87' lang='lat' dir='ltr'><strong>Jerento,</strong></span> <span class='ocrx_word' id='word_1_366' title='bbox 1563 3702 1758 3743; x_wconf 88' lang='lat' dir='ltr'><strong>mense</strong></span> <span class='ocrx_word' id='word_1_367' title='bbox 1807 3690 2043 3744; x_wconf 86' lang='lat' dir='ltr'><strong>Novem-</strong></span> 
     </span>
    </p>
   </div>
   <div class='ocr_carea' id='block_1_52' title="bbox 402 3772 2044 3849">
    <p class='ocr_par' dir='ltr' id='par_1_52' title="bbox 402 3772 2044 3849">
     <span class='ocr_line' id='line_1_52' title="bbox 402 3772 2044 3849; baseline 0.001 -19"><span class='ocrx_word' id='word_1_368' title='bbox 402 3775 547 3845; x_wconf 88' lang='lat' dir='ltr'><strong>brio,</strong></span> <span class='ocrx_word' id='word_1_369' title='bbox 583 3773 675 3830; x_wconf 89' lang='lat' dir='ltr'><strong>die</strong></span> <span class='ocrx_word' id='word_1_370' title='bbox 707 3779 755 3829; x_wconf 91' lang='lat'><strong>1.</strong></span> <span class='ocrx_word' id='word_1_371' title='bbox 810 3772 910 3829; x_wconf 86' lang='lat' dir='ltr'><strong>Hic</strong></span> <span class='ocrx_word' id='word_1_372' title='bbox 944 3778 1111 3829; x_wconf 88' lang='lat' dir='ltr'><strong>ortus</strong></span> <span class='ocrx_word' id='word_1_373' title='bbox 1144 3774 1442 3829; x_wconf 90' lang='lat' dir='ltr'><strong>territorio</strong></span> <span class='ocrx_word' id='word_1_374' title='bbox 1489 3775 1824 3846; x_wconf 88' lang='lat' dir='ltr'><strong>Viennensi,</strong></span> <span class='ocrx_word' id='word_1_375' title='bbox 1882 3781 2044 3849; x_wconf 90' lang='lat' dir='ltr'><strong>patre</strong></span> 
     </span>
    </p>
   </div>
   <div class='ocr_carea' id='block_1_53' title="bbox 403 3860 2047 3929">
    <p class='ocr_par' dir='ltr' id='par_1_53' title="bbox 403 3860 2047 3929">
     <span class='ocr_line' id='line_1_53' title="bbox 403 3860 2047 3929; baseline 0.001 -12"><span class='ocrx_word' id='word_1_376' title='bbox 403 3860 679 3929; x_wconf 86' lang='lat' dir='ltr'><strong>Arnaldo,</strong></span> <span class='ocrx_word' id='word_1_377' title='bbox 716 3864 902 3916; x_wconf 90' lang='lat' dir='ltr'><strong>matre</strong></span> <span class='ocrx_word' id='word_1_378' title='bbox 934 3862 1129 3929; x_wconf 88' lang='lat' dir='ltr'><strong>Agnes</strong></span> <span class='ocrx_word' id='word_1_379' title='bbox 1174 3860 1422 3929; x_wconf 90' lang='lat' dir='ltr'><strong>nomine,</strong></span> <span class='ocrx_word' id='word_1_380' title='bbox 1475 3862 1735 3918; x_wconf 89' lang='lat' dir='ltr'><strong>nutritus</strong></span> <span class='ocrx_word' id='word_1_381' title='bbox 1781 3867 1868 3920; x_wconf 87' lang='lat' dir='ltr'><strong>est</strong></span> <span class='ocrx_word' id='word_1_382' title='bbox 1920 3864 2047 3919; x_wconf 90' lang='lat' dir='ltr'><strong>dili-</strong></span> 
     </span>
    </p>
   </div>
   <div class='ocr_carea' id='block_1_54' title="bbox 399 3948 2049 4021">
    <p class='ocr_par' dir='ltr' id='par_1_54' title="bbox 399 3948 2049 4021">
     <span class='ocr_line' id='line_1_54' title="bbox 399 3948 2049 4021; baseline 0.002 -16"><span class='ocrx_word' id='word_1_383' title='bbox 399 3950 559 4021; x_wconf 80' lang='lat' dir='ltr'><strong>genti</strong></span> <span class='ocrx_word' id='word_1_384' title='bbox 591 3962 730 4005; x_wconf 90' lang='lat' dir='ltr'><strong>cura</strong></span> <span class='ocrx_word' id='word_1_385' title='bbox 763 3954 819 4005; x_wconf 90' lang='lat' dir='ltr'><strong>et</strong></span> <span class='ocrx_word' id='word_1_386' title='bbox 846 3948 1132 4005; x_wconf 90' lang='lat' dir='ltr'><strong>industria</strong></span> <span class='ocrx_word' id='word_1_387' title='bbox 1159 3964 1189 4005; x_wconf 92' lang='lat' dir='ltr'><strong>a</strong></span> <span class='ocrx_word' id='word_1_388' title='bbox 1213 3949 1423 4005; x_wconf 89' lang='lat' dir='ltr'><strong>domno</strong></span> <span class='ocrx_word' id='word_1_389' title='bbox 1449 3952 1689 4021; x_wconf 86' lang='lat' dir='ltr'><strong>Hugono</strong></span> <span class='ocrx_word' id='word_1_390' title='bbox 1713 3951 2049 4009; x_wconf 77' lang='lat' dir='ltr'><strong>Cluniacen-</strong></span> 
     </span>
    </p>
   </div>
   <div class='ocr_carea' id='block_1_55' title="bbox 401 4035 2047 4110">
    <p class='ocr_par' dir='ltr' id='par_1_55' title="bbox 401 4035 2047 4110">
     <span class='ocr_line' id='line_1_55' title="bbox 401 4035 2047 4110; baseline 0.001 -15"><span class='ocrx_word' id='word_1_391' title='bbox 401 4038 548 4095; x_wconf 89' lang='lat' dir='ltr'><strong>sium</strong></span> <span class='ocrx_word' id='word_1_392' title='bbox 580 4041 767 4110; x_wconf 90' lang='lat' dir='ltr'><strong>patre,</strong></span> <span class='ocrx_word' id='word_1_393' title='bbox 805 4035 927 4106; x_wconf 91' lang='lat' dir='ltr'><strong>(fol.</strong></span> <span class='ocrx_word' id='word_1_394' title='bbox 964 4040 1053 4108; x_wconf 86' lang='lat'><strong>98)</strong></span> <span class='ocrx_word' id='word_1_395' title='bbox 1086 4036 1300 4093; x_wconf 88' lang='lat' dir='ltr'><strong>litteris</strong></span> <span class='ocrx_word' id='word_1_396' title='bbox 1325 4038 1499 4095; x_wconf 88' lang='lat' dir='ltr'><strong>etiam</strong></span> <span class='ocrx_word' id='word_1_397' title='bbox 1552 4038 1811 4095; x_wconf 89' lang='lat' dir='ltr'><strong>imbutus</strong></span> <span class='ocrx_word' id='word_1_398' title='bbox 1852 4044 1941 4096; x_wconf 90' lang='lat' dir='ltr'><strong>est</strong></span> <span class='ocrx_word' id='word_1_399' title='bbox 1977 4042 2047 4097; x_wconf 90' lang='lat' dir='ltr'><strong>ab</strong></span> 
     </span>
    </p>
   </div>
   <div class='ocr_carea' id='block_1_56' title="bbox 400 4126 2041 4199">
    <p class='ocr_par' dir='ltr' id='par_1_56' title="bbox 400 4126 2041 4199">
     <span class='ocr_line' id='line_1_56' title="bbox 400 4126 2041 4199; baseline 0.003 -16"><span class='ocrx_word' id='word_1_400' title='bbox 400 4129 489 4184; x_wconf 91' lang='lat' dir='ltr'><strong>his</strong></span> <span class='ocrx_word' id='word_1_401' title='bbox 517 4127 612 4199; x_wconf 92' lang='lat' dir='ltr'><strong>qui</strong></span> <span class='ocrx_word' id='word_1_402' title='bbox 648 4126 889 4197; x_wconf 87' lang='lat' dir='ltr'><strong>majoris</strong></span> <span class='ocrx_word' id='word_1_403' title='bbox 912 4127 1284 4184; x_wconf 88' lang='lat' dir='ltr'><strong>auctoritatis</strong></span> <span class='ocrx_word' id='word_1_404' title='bbox 1302 4128 1652 4186; x_wconf 87' lang='lat' dir='ltr'><strong>videbantur</strong></span> <span class='ocrx_word' id='word_1_405' title='bbox 1675 4130 1726 4185; x_wconf 94' lang='lat' dir='ltr'><strong>in</strong></span> <span class='ocrx_word' id='word_1_406' title='bbox 1749 4130 2041 4188; x_wconf 85' lang='lat' dir='ltr'><strong>Cluniaco.</strong></span> 
     </span>
    </p>
   </div>
   <div class='ocr_carea' id='block_1_57' title="bbox 400 4216 2045 4289">
    <p class='ocr_par' dir='ltr' id='par_1_57' title="bbox 400 4216 2045 4289">
     <span class='ocr_line' id='line_1_57' title="bbox 400 4216 2045 4289; baseline 0.004 -17"><span class='ocrx_word' id='word_1_407' title='bbox 400 4219 712 4287; x_wconf 87' lang='lat' dir='ltr'><strong>Postquam</strong></span> <span class='ocrx_word' id='word_1_408' title='bbox 746 4231 885 4274; x_wconf 90' lang='lat' dir='ltr'><strong>vero</strong></span> <span class='ocrx_word' id='word_1_409' title='bbox 918 4216 1196 4289; x_wconf 90' lang='lat' dir='ltr'><strong>adolevit,</strong></span> <span class='ocrx_word' id='word_1_410' title='bbox 1229 4217 1430 4275; x_wconf 90' lang='lat' dir='ltr'><strong>seculo</strong></span> <span class='ocrx_word' id='word_1_411' title='bbox 1462 4219 1711 4287; x_wconf 89' lang='lat' dir='ltr'><strong>adhesit,</strong></span> <span class='ocrx_word' id='word_1_412' title='bbox 1746 4224 1804 4276; x_wconf 91' lang='lat' dir='ltr'><strong>et</strong></span> <span class='ocrx_word' id='word_1_413' title='bbox 1857 4222 2045 4278; x_wconf 86' lang='lat' dir='ltr'><strong>factus</strong></span> 
     </span>
    </p>
   </div>
   <div class='ocr_carea' id='block_1_58' title="bbox 400 4304 2050 4379">
    <p class='ocr_par' dir='ltr' id='par_1_58' title="bbox 400 4304 2050 4379">
     <span class='ocr_line' id='line_1_58' title="bbox 400 4304 2050 4379; baseline 0.002 -18"><span class='ocrx_word' id='word_1_414' title='bbox 400 4309 495 4361; x_wconf 89' lang='lat' dir='ltr'><strong>est</strong></span> <span class='ocrx_word' id='word_1_415' title='bbox 522 4304 682 4361; x_wconf 90' lang='lat' dir='ltr'><strong>velut</strong></span> <span class='ocrx_word' id='word_1_416' title='bbox 716 4319 928 4376; x_wconf 87' lang='lat' dir='ltr'><strong>expers</strong></span> <span class='ocrx_word' id='word_1_417' title='bbox 954 4304 1159 4375; x_wconf 71' lang='lat' dir='ltr'><strong>gratiae</strong></span> <span class='ocrx_word' id='word_1_418' title='bbox 1192 4320 1360 4376; x_wconf 93' lang='lat' dir='ltr'><strong>quam</strong></span> <span class='ocrx_word' id='word_1_419' title='bbox 1394 4306 1643 4379; x_wconf 90' lang='lat' dir='ltr'><strong>adeptus</strong></span> <span class='ocrx_word' id='word_1_420' title='bbox 1677 4308 1882 4379; x_wconf 86' lang='lat' dir='ltr'><strong>fuerat,</strong></span> <span class='ocrx_word' id='word_1_421' title='bbox 1911 4308 2050 4365; x_wconf 86' lang='lat' dir='ltr'><strong>levi-</strong></span> 
     </span>
    </p>
   </div>
   <div class='ocr_carea' id='block_1_59' title="bbox 400 4392 2047 4467">
    <p class='ocr_par' dir='ltr' id='par_1_59' title="bbox 400 4392 2047 4467">
     <span class='ocr_line' id='line_1_59' title="bbox 400 4392 2047 4467; baseline 0.002 -18"><span class='ocrx_word' id='word_1_422' title='bbox 400 4393 508 4450; x_wconf 88' lang='lat' dir='ltr'><strong>tati</strong></span> <span class='ocrx_word' id='word_1_423' title='bbox 534 4392 768 4449; x_wconf 92' lang='lat' dir='ltr'><strong>omnino</strong></span> <span class='ocrx_word' id='word_1_424' title='bbox 794 4393 1059 4463; x_wconf 90' lang='lat' dir='ltr'><strong>studens,</strong></span> <span class='ocrx_word' id='word_1_425' title='bbox 1078 4394 1371 4451; x_wconf 77' lang='lat' dir='ltr'><strong>canonicae</strong></span> <span class='ocrx_word' id='word_1_426' title='bbox 1392 4395 1767 4467; x_wconf 81' lang='lat' dir='ltr'><strong>professionis</strong></span> <span class='ocrx_word' id='word_1_427' title='bbox 1789 4412 2047 4454; x_wconf 88' lang='lat' dir='ltr'><strong>normam</strong></span> 
     </span>
    </p>
   </div>
   <div class='ocr_carea' id='block_1_60' title="bbox 402 4481 2048 4558">
    <p class='ocr_par' dir='ltr' id='par_1_60' title="bbox 402 4481 2048 4558">
     <span class='ocr_line' id='line_1_60' title="bbox 402 4481 2048 4558; baseline 0.002 -18"><span class='ocrx_word' id='word_1_428' title='bbox 402 4482 691 4553; x_wconf 88' lang='lat' dir='ltr'><strong>rejiciens,</strong></span> <span class='ocrx_word' id='word_1_429' title='bbox 746 4481 1019 4539; x_wconf 90' lang='lat' dir='ltr'><strong>militaria</strong></span> <span class='ocrx_word' id='word_1_430' title='bbox 1069 4483 1264 4554; x_wconf 89' lang='lat' dir='ltr'><strong>potius</strong></span> <span class='ocrx_word' id='word_1_431' title='bbox 1310 4483 1695 4542; x_wconf 89' lang='lat' dir='ltr'><strong>instrumenta</strong></span> <span class='ocrx_word' id='word_1_432' title='bbox 1743 4490 2048 4558; x_wconf 88' lang='lat' dir='ltr'><strong>appetens.</strong></span> 
     </span>
    </p>
   </div>
   <div class='ocr_carea' id='block_1_61' title="bbox 408 4570 2052 4643">
    <p class='ocr_par' dir='ltr' id='par_1_61' title="bbox 408 4570 2052 4643">
     <span class='ocr_line' id='line_1_61' title="bbox 408 4570 2052 4643; baseline 0.002 -13"><span class='ocrx_word' id='word_1_433' title='bbox 408 4570 810 4642; x_wconf 91' lang='lat' dir='ltr'><strong>Studebatque</strong></span> <span class='ocrx_word' id='word_1_434' title='bbox 861 4570 1060 4629; x_wconf 88' lang='lat' dir='ltr'><strong>seculo</strong></span> <span class='ocrx_word' id='word_1_435' title='bbox 1128 4585 1414 4643; x_wconf 89' lang='lat' dir='ltr'><strong>crescere,</strong></span> <span class='ocrx_word' id='word_1_436' title='bbox 1468 4589 1577 4630; x_wconf 89' lang='lat' dir='ltr'><strong>non</strong></span> <span class='ocrx_word' id='word_1_437' title='bbox 1624 4576 1758 4632; x_wconf 90' lang='lat' dir='ltr'><strong>Deo.</strong></span> <span class='ocrx_word' id='word_1_438' title='bbox 1813 4575 2052 4633; x_wconf 83' lang='lat' dir='ltr'><strong>Animus</strong></span> 
     </span>
    </p>
   </div>
   <div class='ocr_carea' id='block_1_62' title="bbox 403 4660 2052 4738">
    <p class='ocr_par' dir='ltr' id='par_1_62' title="bbox 403 4660 2052 4738">
     <span class='ocr_line' id='line_1_62' title="bbox 403 4660 2052 4738; baseline 0.002 -20"><span class='ocrx_word' id='word_1_439' title='bbox 403 4661 621 4733; x_wconf 87' lang='lat' dir='ltr'><strong>quietis</strong></span> <span class='ocrx_word' id='word_1_440' title='bbox 653 4660 986 4732; x_wconf 87' lang='lat' dir='ltr'><strong>impatiens,</strong></span> <span class='ocrx_word' id='word_1_441' title='bbox 1014 4660 1232 4717; x_wconf 90' lang='lat' dir='ltr'><strong>laboris</strong></span> <span class='ocrx_word' id='word_1_442' title='bbox 1262 4661 1526 4733; x_wconf 79' lang='lat' dir='ltr'><strong>impiger,</strong></span> <span class='ocrx_word' id='word_1_443' title='bbox 1555 4663 1776 4720; x_wconf 89' lang='lat' dir='ltr'><strong>domari</strong></span> <span class='ocrx_word' id='word_1_444' title='bbox 1812 4681 1919 4721; x_wconf 89' lang='lat' dir='ltr'><strong>non</strong></span> <span class='ocrx_word' id='word_1_445' title='bbox 1954 4682 2052 4738; x_wconf 91' lang='lat' dir='ltr'><strong>po-</strong></span> 
     </span>
    </p>
   </div>
   <div class='ocr_carea' id='block_1_63' title="bbox 404 4747 2053 4824">
    <p class='ocr_par' dir='ltr' id='par_1_63' title="bbox 404 4747 2053 4824">
     <span class='ocr_line' id='line_1_63' title="bbox 404 4747 2053 4824; baseline 0.003 -17"><span class='ocrx_word' id='word_1_446' title='bbox 404 4754 580 4807; x_wconf 84' lang='lat' dir='ltr'><strong>terat.</strong></span> <span class='ocrx_word' id='word_1_447' title='bbox 615 4747 973 4821; x_wconf 85' lang='lat' dir='ltr'><strong>Implebatur</strong></span> <span class='ocrx_word' id='word_1_448' title='bbox 1003 4750 1057 4806; x_wconf 92' lang='lat' dir='ltr'><strong>in</strong></span> <span class='ocrx_word' id='word_1_449' title='bbox 1090 4764 1159 4807; x_wconf 91' lang='lat' dir='ltr'><strong>eo</strong></span> <span class='ocrx_word' id='word_1_450' title='bbox 1191 4749 1334 4807; x_wconf 91' lang='lat' dir='ltr'><strong>illud</strong></span> <span class='ocrx_word' id='word_1_451' title='bbox 1370 4752 1588 4809; x_wconf 90' lang='lat' dir='ltr'><strong>ethnici</strong></span> <span class='ocrx_word' id='word_1_452' title='bbox 1641 4753 1784 4824; x_wconf 73' lang='grc'>(135)</span> <span class='ocrx_word' id='word_1_453' title='bbox 1819 4754 2053 4812; x_wconf 84' lang='lat' dir='ltr'><strong>verissi-</strong></span> 
     </span>
    </p>
   </div>
   <div class='ocr_carea' id='block_1_64' title="bbox 2070 3467 2119 3530">
    <p class='ocr_par' dir='ltr' id='par_1_64' title="bbox 2070 3467 2119 3530">
     <span class='ocr_line' id='line_1_64' title="bbox 2070 3467 2119 3530; baseline 0 -4"><span class='ocrx_word' id='word_1_454' title='bbox 2070 3467 2119 3530; x_wconf 91' lang='lat' dir='ltr'><strong>C</strong></span> 
     </span>
    </p>
   </div>
   <div class='ocr_carea' id='block_1_65' title="bbox 2143 2171 3772 2244">
    <p class='ocr_par' dir='ltr' id='par_1_65' title="bbox 2143 2171 3772 2244">
     <span class='ocr_line' id='line_1_65' title="bbox 2143 2171 3772 2244; baseline 0.001 -15"><span class='ocrx_word' id='word_1_455' title='bbox 2143 2172 2240 2244; x_wconf 91' lang='lat' dir='ltr'><strong>qui</strong></span> <span class='ocrx_word' id='word_1_456' title='bbox 2265 2171 2454 2228; x_wconf 85' lang='lat' dir='ltr'><strong>animo</strong></span> <span class='ocrx_word' id='word_1_457' title='bbox 2486 2174 2542 2228; x_wconf 89' lang='lat' dir='ltr'><strong>et</strong></span> <span class='ocrx_word' id='word_1_458' title='bbox 2570 2188 2817 2243; x_wconf 89' lang='lat' dir='ltr'><strong>corpore</strong></span> <span class='ocrx_word' id='word_1_459' title='bbox 2850 2172 3063 2229; x_wconf 89' lang='lat' dir='ltr'><strong>mundo</strong></span> <span class='ocrx_word' id='word_1_460' title='bbox 3086 2173 3229 2229; x_wconf 88' lang='lat' dir='ltr'><strong>mori</strong></span> <span class='ocrx_word' id='word_1_461' title='bbox 3253 2177 3309 2228; x_wconf 90' lang='lat' dir='ltr'><strong>et</strong></span> <span class='ocrx_word' id='word_1_462' title='bbox 3336 2173 3563 2230; x_wconf 88' lang='lat' dir='ltr'><strong>Christo</strong></span> <span class='ocrx_word' id='word_1_463' title='bbox 3583 2174 3772 2232; x_wconf 88' lang='lat' dir='ltr'><strong>vivere</strong></span> 
     </span>
    </p>
   </div>
   <div class='ocr_carea' id='block_1_66' title="bbox 2144 2261 3771 2336">
    <p class='ocr_par' dir='ltr' id='par_1_66' title="bbox 2144 2261 3771 2336">
     <span class='ocr_line' id='line_1_66' title="bbox 2144 2261 3771 2336; baseline 0.002 -18"><span class='ocrx_word' id='word_1_464' title='bbox 2144 2267 2384 2333; x_wconf 89' lang='lat' dir='ltr'><strong>paratus</strong></span> <span class='ocrx_word' id='word_1_465' title='bbox 2402 2262 2528 2329; x_wconf 89' lang='lat' dir='ltr'><strong>fuit,</strong></span> <span class='ocrx_word' id='word_1_466' title='bbox 2547 2261 2695 2332; x_wconf 86' lang='lat' dir='ltr'><strong>quod</strong></span> <span class='ocrx_word' id='word_1_467' title='bbox 2714 2261 2950 2318; x_wconf 84' lang='lat' dir='ltr'><strong>libellus</strong></span> <span class='ocrx_word' id='word_1_468' title='bbox 2974 2262 3045 2318; x_wconf 90' lang='lat' dir='ltr'><strong>de</strong></span> <span class='ocrx_word' id='word_1_469' title='bbox 3068 2262 3185 2318; x_wconf 88' lang='lat' dir='ltr'><strong>vita</strong></span> <span class='ocrx_word' id='word_1_470' title='bbox 3206 2262 3331 2332; x_wconf 90' lang='lat' dir='ltr'><strong>ejus</strong></span> <span class='ocrx_word' id='word_1_471' title='bbox 3354 2264 3609 2336; x_wconf 90' lang='lat' dir='ltr'><strong>scriptus</strong></span> <span class='ocrx_word' id='word_1_472' title='bbox 3630 2264 3771 2336; x_wconf 87' lang='lat'><strong>(136)</strong></span> 
     </span>
    </p>
   </div>
   <div class='ocr_carea' id='block_1_67' title="bbox 2146 2350 3778 2424">
    <p class='ocr_par' dir='ltr' id='par_1_67' title="bbox 2146 2350 3778 2424">
     <span class='ocr_line' id='line_1_67' title="bbox 2146 2350 3778 2424; baseline 0.002 -18"><span class='ocrx_word' id='word_1_473' title='bbox 2146 2351 2373 2424; x_wconf 88' lang='lat' dir='ltr'><strong>plenius</strong></span> <span class='ocrx_word' id='word_1_474' title='bbox 2400 2350 2651 2406; x_wconf 90' lang='lat' dir='ltr'><strong>elucidat</strong></span> <span class='ocrx_word' id='word_1_475' title='bbox 2679 2351 2830 2407; x_wconf 87' lang='lat' dir='ltr'><strong>scire</strong></span> <span class='ocrx_word' id='word_1_476' title='bbox 2852 2350 3207 2408; x_wconf 83' lang='lat' dir='ltr'><strong>volentibus.</strong></span> <span class='ocrx_word' id='word_1_477' title='bbox 3242 2353 3405 2408; x_wconf 79' lang='lat' dir='ltr'><strong>Anno</strong></span> <span class='ocrx_word' id='word_1_478' title='bbox 3427 2353 3576 2409; x_wconf 85' lang='lat' dir='ltr'><strong>enim</strong></span> <span class='ocrx_word' id='word_1_479' title='bbox 3606 2354 3676 2411; x_wconf 91' lang='lat' dir='ltr'><strong>ab</strong></span> <span class='ocrx_word' id='word_1_480' title='bbox 3700 2353 3778 2409; x_wconf 89' lang='lat' dir='ltr'><strong>in-</strong></span> 
     </span>
    </p>
   </div>
   <div class='ocr_carea' id='block_1_68' title="bbox 2143 2439 3778 2512">
    <p class='ocr_par' dir='ltr' id='par_1_68' title="bbox 2143 2439 3778 2512">
     <span class='ocr_line' id='line_1_68' title="bbox 2143 2439 3778 2512; baseline 0.001 -17"><span class='ocrx_word' id='word_1_481' title='bbox 2143 2454 2300 2496; x_wconf 89' lang='lat' dir='ltr'><strong>carn.</strong></span> <span class='ocrx_word' id='word_1_482' title='bbox 2327 2442 2487 2495; x_wconf 91' lang='lat' dir='ltr'><strong>Dom.</strong></span> <span class='ocrx_word' id='word_1_483' title='bbox 2516 2439 2732 2496; x_wconf 70' lang='grc'><strong>1043³⁵1</strong></span> <span class='ocrx_word' id='word_1_484' title='bbox 2752 2439 2891 2497; x_wconf 90' lang='lat' dir='ltr'><strong>illuc</strong></span> <span class='ocrx_word' id='word_1_485' title='bbox 2916 2440 3095 2509; x_wconf 84' lang='lat' dir='ltr'><strong>venit,</strong></span> <span class='ocrx_word' id='word_1_486' title='bbox 3123 2440 3219 2496; x_wconf 90' lang='lat' dir='ltr'><strong>ubi</strong></span> <span class='ocrx_word' id='word_1_487' title='bbox 3243 2441 3477 2512; x_wconf 65' lang='lat' dir='ltr'><strong>praefuit</strong></span> <span class='ocrx_word' id='word_1_488' title='bbox 3506 2441 3778 2499; x_wconf 66' lang='lat' dir='ltr'><strong>domui“2</strong></span> 
     </span>
    </p>
   </div>
   <div class='ocr_carea' id='block_1_69' title="bbox 2144 2526 3781 2601">
    <p class='ocr_par' dir='ltr' id='par_1_69' title="bbox 2144 2526 3781 2601">
     <span class='ocr_line' id='line_1_69' title="bbox 2144 2526 3781 2601; baseline 0.001 -16"><span class='ocrx_word' id='word_1_489' title='bbox 2144 2529 2310 2586; x_wconf 87' lang='lat' dir='ltr'><strong>annis</strong></span> <span class='ocrx_word' id='word_1_490' title='bbox 2329 2534 2380 2597; x_wconf 88' lang='lat'><strong>9,</strong></span> <span class='ocrx_word' id='word_1_491' title='bbox 2408 2534 2463 2584; x_wconf 91' lang='lat' dir='ltr'><strong>et</strong></span> <span class='ocrx_word' id='word_1_492' title='bbox 2492 2529 2679 2585; x_wconf 89' lang='lat' dir='ltr'><strong>factus</strong></span> <span class='ocrx_word' id='word_1_493' title='bbox 2714 2529 3029 2585; x_wconf 88' lang='lat' dir='ltr'><strong>monachus</strong></span> <span class='ocrx_word' id='word_1_494' title='bbox 3052 2526 3121 2561; x_wconf 77' lang='grc'><strong>³⁸³</strong></span> <span class='ocrx_word' id='word_1_495' title='bbox 3158 2533 3217 2586; x_wconf 91' lang='lat' dir='ltr'><strong>et</strong></span> <span class='ocrx_word' id='word_1_496' title='bbox 3235 2530 3414 2586; x_wconf 91' lang='lat' dir='ltr'><strong>abbas</strong></span> <span class='ocrx_word' id='word_1_497' title='bbox 3433 2531 3662 2601; x_wconf 65' lang='lat' dir='ltr'><strong>praefuit</strong></span> <span class='ocrx_word' id='word_1_498' title='bbox 3685 2547 3781 2588; x_wconf 88' lang='lat' dir='ltr'><strong>an-</strong></span> 
     </span>
    </p>
   </div>
   <div class='ocr_carea' id='block_1_70' title="bbox 2144 2616 3775 2693">
    <p class='ocr_par' dir='ltr' id='par_1_70' title="bbox 2144 2616 3775 2693">
     <span class='ocr_line' id='line_1_70' title="bbox 2144 2616 3775 2693; baseline 0.002 -20"><span class='ocrx_word' id='word_1_499' title='bbox 2144 2618 2236 2673; x_wconf 87' lang='lat' dir='ltr'><strong>nis</strong></span> <span class='ocrx_word' id='word_1_500' title='bbox 2261 2622 2325 2674; x_wconf 78' lang='grc' dir='ltr'><strong>·ιὸ</strong></span> <span class='ocrx_word' id='word_1_501' title='bbox 2347 2616 2414 2650; x_wconf 74' lang='grc'><strong>³⁸⁸</strong></span> <span class='ocrx_word' id='word_1_502' title='bbox 2441 2618 2610 2689; x_wconf 78' lang='grc'>(137),</span> <span class='ocrx_word' id='word_1_503' title='bbox 2638 2622 2695 2673; x_wconf 87' lang='lat' dir='ltr'><strong>et</strong></span> <span class='ocrx_word' id='word_1_504' title='bbox 2730 2618 2999 2688; x_wconf 81' lang='lat' dir='ltr'><strong>migravit</strong></span> <span class='ocrx_word' id='word_1_505' title='bbox 3027 2617 3097 2674; x_wconf 87' lang='lat' dir='ltr'><strong>ad</strong></span> <span class='ocrx_word' id='word_1_506' title='bbox 3124 2618 3424 2675; x_wconf 90' lang='lat' dir='ltr'><strong>Dominum</strong></span> <span class='ocrx_word' id='word_1_507' title='bbox 3453 2633 3600 2676; x_wconf 93' lang='lat' dir='ltr'><strong>anno</strong></span> <span class='ocrx_word' id='word_1_508' title='bbox 3624 2620 3775 2693; x_wconf 89' lang='lat'><strong>1067,</strong></span> 
     </span>
    </p>
   </div>
   <div class='ocr_carea' id='block_1_71' title="bbox 2146 2708 3776 2777">
    <p class='ocr_par' dir='ltr' id='par_1_71' title="bbox 2146 2708 3776 2777">
     <span class='ocr_line' id='line_1_71' title="bbox 2146 2708 3776 2777; baseline 0.001 -15"><span class='ocrx_word' id='word_1_509' title='bbox 2146 2721 2553 2764; x_wconf 87' lang='lat' dir='ltr'><strong>successorem</strong></span> <span class='ocrx_word' id='word_1_510' title='bbox 2606 2722 2770 2764; x_wconf 88' lang='lat' dir='ltr'><strong>suum</strong></span> <span class='ocrx_word' id='word_1_511' title='bbox 2819 2708 3132 2777; x_wconf 82' lang='lat' dir='ltr'><strong>designans</strong></span> <span class='ocrx_word' id='word_1_512' title='bbox 3166 2708 3395 2763; x_wconf 89' lang='lat' dir='ltr'><strong>nomine</strong></span> <span class='ocrx_word' id='word_1_513' title='bbox 3424 2709 3776 2765; x_wconf 90' lang='lat' dir='ltr'><strong>Durannum.</strong></span> 
     </span>
    </p>
   </div>
   <div class='ocr_carea' id='block_1_72' title="bbox 2146 2795 3785 2869">
    <p class='ocr_par' dir='ltr' id='par_1_72' title="bbox 2146 2795 3785 2869">
     <span class='ocr_line' id='line_1_72' title="bbox 2146 2795 3785 2869; baseline 0.002 -19"><span class='ocrx_word' id='word_1_514' title='bbox 2146 2795 2231 2851; x_wconf 87' lang='lat' dir='ltr'><strong>Ad</strong></span> <span class='ocrx_word' id='word_1_515' title='bbox 2263 2797 2416 2853; x_wconf 91' lang='lat' dir='ltr'><strong>hunc</strong></span> <span class='ocrx_word' id='word_1_516' title='bbox 2447 2811 2587 2866; x_wconf 88' lang='lat' dir='ltr'><strong>ergo</strong></span> <span class='ocrx_word' id='word_1_517' title='bbox 2616 2797 2807 2853; x_wconf 90' lang='lat' dir='ltr'><strong>locum</strong></span> <span class='ocrx_word' id='word_1_518' title='bbox 2841 2796 3100 2867; x_wconf 91' lang='lat' dir='ltr'><strong>veniens,</strong></span> <span class='ocrx_word' id='word_1_519' title='bbox 3126 2797 3219 2852; x_wconf 93' lang='lat' dir='ltr'><strong>cui</strong></span> <span class='ocrx_word' id='word_1_520' title='bbox 3246 2799 3376 2867; x_wconf 92' lang='lat' dir='ltr'><strong>post</strong></span> <span class='ocrx_word' id='word_1_521' title='bbox 3396 2796 3615 2853; x_wconf 88' lang='lat' dir='ltr'><strong>obitum</strong></span> <span class='ocrx_word' id='word_1_522' title='bbox 3639 2813 3785 2869; x_wconf 65' lang='lat' dir='ltr'><strong>prae-</strong></span> 
     </span>
    </p>
   </div>
   <div class='ocr_carea' id='block_1_73' title="bbox 2148 2885 3785 2957">
    <p class='ocr_par' dir='ltr' id='par_1_73' title="bbox 2148 2885 3785 2957">
     <span class='ocr_line' id='line_1_73' title="bbox 2148 2885 3785 2957; baseline 0.002 -18"><span class='ocrx_word' id='word_1_523' title='bbox 2148 2885 2249 2940; x_wconf 86' lang='lat' dir='ltr'><strong>fati</strong></span> <span class='ocrx_word' id='word_1_524' title='bbox 2284 2886 2471 2957; x_wconf 90' lang='lat' dir='ltr'><strong>patris</strong></span> <span class='ocrx_word' id='word_1_525' title='bbox 2495 2886 2815 2957; x_wconf 75' lang='lat' dir='ltr'><strong>przedictus</strong></span> <span class='ocrx_word' id='word_1_526' title='bbox 2838 2886 2987 2941; x_wconf 89' lang='lat' dir='ltr'><strong>ahha</strong></span> <span class='ocrx_word' id='word_1_527' title='bbox 3011 2887 3318 2943; x_wconf 89' lang='lat' dir='ltr'><strong>Durannus</strong></span> <span class='ocrx_word' id='word_1_528' title='bbox 3337 2890 3608 2957; x_wconf 75' lang='lat' dir='ltr'><strong>praeerat,</strong></span> <span class='ocrx_word' id='word_1_529' title='bbox 3633 2901 3785 2943; x_wconf 89' lang='lat' dir='ltr'><strong>sum-</strong></span> 
     </span>
    </p>
   </div>
   <div class='ocr_carea' id='block_1_74' title="bbox 2147 2973 3785 3047">
    <p class='ocr_par' dir='ltr' id='par_1_74' title="bbox 2147 2973 3785 3047">
     <span class='ocr_line' id='line_1_74' title="bbox 2147 2973 3785 3047; baseline 0.001 -19"><span class='ocrx_word' id='word_1_530' title='bbox 2147 2975 2267 3045; x_wconf 88' lang='lat' dir='ltr'><strong>psit</strong></span> <span class='ocrx_word' id='word_1_531' title='bbox 2296 2975 2548 3029; x_wconf 87' lang='lat' dir='ltr'><strong>animum</strong></span> <span class='ocrx_word' id='word_1_532' title='bbox 2581 2979 2637 3030; x_wconf 92' lang='lat' dir='ltr'><strong>et</strong></span> <span class='ocrx_word' id='word_1_533' title='bbox 2666 2976 2905 3031; x_wconf 89' lang='lat' dir='ltr'><strong>formam</strong></span> <span class='ocrx_word' id='word_1_534' title='bbox 2930 2973 3222 3046; x_wconf 90' lang='lat' dir='ltr'><strong>discipuli,</strong></span> <span class='ocrx_word' id='word_1_535' title='bbox 3253 2973 3355 3031; x_wconf 91' lang='lat' dir='ltr'><strong>sed</strong></span> <span class='ocrx_word' id='word_1_536' title='bbox 3379 2990 3509 3032; x_wconf 86' lang='lat' dir='ltr'><strong>mox</strong></span> <span class='ocrx_word' id='word_1_537' title='bbox 3531 2975 3785 3047; x_wconf 91' lang='lat' dir='ltr'><strong>compul-</strong></span> 
     </span>
    </p>
   </div>
   <div class='ocr_carea' id='block_1_75' title="bbox 2150 3063 3785 3135">
    <p class='ocr_par' dir='ltr' id='par_1_75' title="bbox 2150 3063 3785 3135">
     <span class='ocr_line' id='line_1_75' title="bbox 2150 3063 3785 3135; baseline 0.003 -18"><span class='ocrx_word' id='word_1_538' title='bbox 2150 3078 2247 3117; x_wconf 89' lang='lat' dir='ltr'><strong>sus</strong></span> <span class='ocrx_word' id='word_1_539' title='bbox 2270 3067 2357 3119; x_wconf 85' lang='lat' dir='ltr'><strong>est</strong></span> <span class='ocrx_word' id='word_1_540' title='bbox 2385 3064 2661 3133; x_wconf 86' lang='lat' dir='ltr'><strong>magister</strong></span> <span class='ocrx_word' id='word_1_541' title='bbox 2687 3064 2832 3132; x_wconf 87' lang='lat' dir='ltr'><strong>fieri,</strong></span> <span class='ocrx_word' id='word_1_542' title='bbox 2859 3069 2915 3119; x_wconf 91' lang='lat' dir='ltr'><strong>et</strong></span> <span class='ocrx_word' id='word_1_543' title='bbox 2944 3064 3240 3135; x_wconf 88' lang='lat' dir='ltr'><strong>prioratus</strong></span> <span class='ocrx_word' id='word_1_544' title='bbox 3261 3063 3785 3135; x_wconf 79' lang='lat' dir='ltr'><strong>suscepitoﬂicium</strong></span> 
     </span>
    </p>
   </div>
   <div class='ocr_carea' id='block_1_76' title="bbox 2142 3150 3784 3224">
    <p class='ocr_par' dir='ltr' id='par_1_76' title="bbox 2142 3150 3784 3224">
     <span class='ocr_line' id='line_1_76' title="bbox 2142 3150 3784 3224; baseline 0.001 -18"><span class='ocrx_word' id='word_1_545' title='bbox 2142 3150 2310 3219; x_wconf 74' lang='lat' dir='ltr'><strong>jussu</strong></span> <span class='ocrx_word' id='word_1_546' title='bbox 2337 3153 2565 3208; x_wconf 88' lang='lat' dir='ltr'><strong>abbatis</strong></span> <span class='ocrx_word' id='word_1_547' title='bbox 2588 3157 2647 3207; x_wconf 87' lang='lat' dir='ltr'><strong>et</strong></span> <span class='ocrx_word' id='word_1_548' title='bbox 2672 3153 2854 3209; x_wconf 90' lang='lat' dir='ltr'><strong>totius</strong></span> <span class='ocrx_word' id='word_1_549' title='bbox 2878 3152 3371 3222; x_wconf 88' lang='lat' dir='ltr'><strong>congregationis.</strong></span> <span class='ocrx_word' id='word_1_550' title='bbox 3397 3152 3784 3224; x_wconf 89' lang='lat' dir='ltr'><strong>Tristabatur,</strong></span> 
     </span>
    </p>
   </div>
   <div class='ocr_carea' id='block_1_77' title="bbox 2149 3240 3788 3312">
    <p class='ocr_par' dir='ltr' id='par_1_77' title="bbox 2149 3240 3788 3312">
     <span class='ocr_line' id='line_1_77' title="bbox 2149 3240 3788 3312; baseline 0.001 -15"><span class='ocrx_word' id='word_1_551' title='bbox 2149 3241 2280 3311; x_wconf 88' lang='lat' dir='ltr'><strong>quia</strong></span> <span class='ocrx_word' id='word_1_552' title='bbox 2314 3240 2468 3311; x_wconf 85' lang='lat' dir='ltr'><strong>quod</strong></span> <span class='ocrx_word' id='word_1_553' title='bbox 2503 3241 2873 3297; x_wconf 89' lang='lat' dir='ltr'><strong>desiderabat</strong></span> <span class='ocrx_word' id='word_1_554' title='bbox 2905 3257 3035 3299; x_wconf 87' lang='lat' dir='ltr'><strong>esse</strong></span> <span class='ocrx_word' id='word_1_555' title='bbox 3066 3242 3345 3312; x_wconf 89' lang='lat' dir='ltr'><strong>nequibat</strong></span> <span class='ocrx_word' id='word_1_556' title='bbox 3372 3261 3383 3295; x_wconf 91' lang='lat'><strong>:</strong></span> <span class='ocrx_word' id='word_1_557' title='bbox 3411 3246 3470 3297; x_wconf 91' lang='lat' dir='ltr'><strong>et</strong></span> <span class='ocrx_word' id='word_1_558' title='bbox 3492 3241 3624 3312; x_wconf 88' lang='lat' dir='ltr'><strong>quia</strong></span> <span class='ocrx_word' id='word_1_559' title='bbox 3656 3241 3788 3298; x_wconf 90' lang='lat' dir='ltr'><strong>aliis</strong></span> 
     </span>
    </p>
   </div>
   <div class='ocr_carea' id='block_1_78' title="bbox 2149 3329 3782 3402">
    <p class='ocr_par' dir='ltr' id='par_1_78' title="bbox 2149 3329 3782 3402">
     <span class='ocr_line' id='line_1_78' title="bbox 2149 3329 3782 3402; baseline 0.002 -19"><span class='ocrx_word' id='word_1_560' title='bbox 2149 3345 2403 3400; x_wconf 66' lang='lat' dir='ltr'><strong>praeesse</strong></span> <span class='ocrx_word' id='word_1_561' title='bbox 2434 3332 2771 3401; x_wconf 88' lang='lat' dir='ltr'><strong>rogabatur,</strong></span> <span class='ocrx_word' id='word_1_562' title='bbox 2820 3331 2945 3402; x_wconf 90' lang='lat' dir='ltr'><strong>ipse</strong></span> <span class='ocrx_word' id='word_1_563' title='bbox 2997 3331 3052 3386; x_wconf 90' lang='lat' dir='ltr'><strong>in</strong></span> <span class='ocrx_word' id='word_1_564' title='bbox 3100 3345 3163 3386; x_wconf 90' lang='lat' dir='ltr'><strong>se</strong></span> <span class='ocrx_word' id='word_1_565' title='bbox 3211 3330 3282 3386; x_wconf 89' lang='lat' dir='ltr'><strong>de</strong></span> <span class='ocrx_word' id='word_1_566' title='bbox 3332 3344 3392 3386; x_wconf 89' lang='lat' dir='ltr'><strong>se</strong></span> <span class='ocrx_word' id='word_1_567' title='bbox 3440 3329 3782 3387; x_wconf 89' lang='lat' dir='ltr'><strong>mirabatur.</strong></span> 
     </span>
    </p>
   </div>
   <div class='ocr_carea' id='block_1_79' title="bbox 2146 3419 3795 3492">
    <p class='ocr_par' dir='ltr' id='par_1_79' title="bbox 2146 3419 3795 3492">
     <span class='ocr_line' id='line_1_79' title="bbox 2146 3419 3795 3492; baseline 0.001 -18"><span class='ocrx_word' id='word_1_568' title='bbox 2146 3420 2474 3475; x_wconf 90' lang='lat' dir='ltr'><strong>Triennium</strong></span> <span class='ocrx_word' id='word_1_569' title='bbox 2511 3421 2565 3475; x_wconf 91' lang='lat' dir='ltr'><strong>in</strong></span> <span class='ocrx_word' id='word_1_570' title='bbox 2600 3421 2728 3492; x_wconf 93' lang='lat' dir='ltr'><strong>ipso</strong></span> <span class='ocrx_word' id='word_1_571' title='bbox 2761 3422 2974 3476; x_wconf 89' lang='lat' dir='ltr'><strong>mansit</strong></span> <span class='ocrx_word' id='word_1_572' title='bbox 3005 3420 3193 3477; x_wconf 81' lang='lat' dir='ltr'><strong>cilicio</strong></span> <span class='ocrx_word' id='word_1_573' title='bbox 3217 3421 3326 3477; x_wconf 89' lang='lat' dir='ltr'><strong>sub</strong></span> <span class='ocrx_word' id='word_1_574' title='bbox 3352 3419 3580 3476; x_wconf 89' lang='lat' dir='ltr'><strong>abbatis</strong></span> <span class='ocrx_word' id='word_1_575' title='bbox 3613 3419 3795 3491; x_wconf 89' lang='lat' dir='ltr'><strong>impe-</strong></span> 
     </span>
    </p>
   </div>
   <div class='ocr_carea' id='block_1_80' title="bbox 2154 3509 3796 3581">
    <p class='ocr_par' dir='ltr' id='par_1_80' title="bbox 2154 3509 3796 3581">
     <span class='ocr_line' id='line_1_80' title="bbox 2154 3509 3796 3581; baseline 0.001 -17"><span class='ocrx_word' id='word_1_576' title='bbox 2154 3509 2257 3577; x_wconf 93' lang='lat' dir='ltr'><strong>rio,</strong></span> <span class='ocrx_word' id='word_1_577' title='bbox 2286 3510 2599 3581; x_wconf 91' lang='lat' dir='ltr'><strong>providens</strong></span> <span class='ocrx_word' id='word_1_578' title='bbox 2622 3526 2729 3581; x_wconf 94' lang='lat' dir='ltr'><strong>pro</strong></span> <span class='ocrx_word' id='word_1_579' title='bbox 2753 3526 2924 3581; x_wconf 85' lang='lat' dir='ltr'><strong>posse</strong></span> <span class='ocrx_word' id='word_1_580' title='bbox 2950 3516 3008 3566; x_wconf 88' lang='lat' dir='ltr'><strong>et</strong></span> <span class='ocrx_word' id='word_1_581' title='bbox 3031 3526 3201 3566; x_wconf 91' lang='lat' dir='ltr'><strong>nosse</strong></span> <span class='ocrx_word' id='word_1_582' title='bbox 3226 3509 3553 3566; x_wconf 90' lang='lat' dir='ltr'><strong>necessaria</strong></span> <span class='ocrx_word' id='word_1_583' title='bbox 3575 3522 3796 3581; x_wconf 86' lang='lat' dir='ltr'><strong>paupe-</strong></span> 
     </span>
    </p>
   </div>
   <div class='ocr_carea' id='block_1_81' title="bbox 2155 3598 3795 3668">
    <p class='ocr_par' dir='ltr' id='par_1_81' title="bbox 2155 3598 3795 3668">
     <span class='ocr_line' id='line_1_81' title="bbox 2155 3598 3795 3668; baseline 0.002 -16"><span class='ocrx_word' id='word_1_584' title='bbox 2155 3599 2315 3654; x_wconf 87' lang='lat' dir='ltr'><strong>ribus</strong></span> <span class='ocrx_word' id='word_1_585' title='bbox 2340 3599 2575 3668; x_wconf 88' lang='lat' dir='ltr'><strong>Christi,</strong></span> <span class='ocrx_word' id='word_1_586' title='bbox 2602 3604 2658 3654; x_wconf 91' lang='lat' dir='ltr'><strong>et</strong></span> <span class='ocrx_word' id='word_1_587' title='bbox 2680 3599 2959 3656; x_wconf 90' lang='lat' dir='ltr'><strong>insudans</strong></span> <span class='ocrx_word' id='word_1_588' title='bbox 2984 3598 3795 3657; x_wconf 71' lang='lat' dir='ltr'><strong>utilitatiaecclesim.Promo-</strong></span> 
     </span>
    </p>
   </div>
   <div class='ocr_carea' id='block_1_82' title="bbox 2158 3686 3791 3759">
    <p class='ocr_par' dir='ltr' id='par_1_82' title="bbox 2158 3686 3791 3759">
     <span class='ocr_line' id='line_1_82' title="bbox 2158 3686 3791 3759; baseline 0.001 -19"><span class='ocrx_word' id='word_1_589' title='bbox 2158 3686 2344 3742; x_wconf 90' lang='lat' dir='ltr'><strong>tiones</strong></span> <span class='ocrx_word' id='word_1_590' title='bbox 2375 3687 2925 3743; x_wconf 76' lang='lat' dir='ltr'><strong>:ecclcsiasticorum</strong></span> <span class='ocrx_word' id='word_1_591' title='bbox 2957 3688 3240 3757; x_wconf 85' lang='lat' dir='ltr'><strong>graduum</strong></span> <span class='ocrx_word' id='word_1_592' title='bbox 3275 3687 3524 3759; x_wconf 89' lang='lat' dir='ltr'><strong>adeptus</strong></span> <span class='ocrx_word' id='word_1_593' title='bbox 3554 3690 3638 3743; x_wconf 91' lang='lat' dir='ltr'><strong>est</strong></span> <span class='ocrx_word' id='word_1_594' title='bbox 3682 3702 3791 3758; x_wconf 91' lang='lat' dir='ltr'><strong>per</strong></span> 
     </span>
    </p>
   </div>
   <div class='ocr_carea' id='block_1_83' title="bbox 2157 3775 3797 3848">
    <p class='ocr_par' dir='ltr' id='par_1_83' title="bbox 2157 3775 3797 3848">
     <span class='ocr_line' id='line_1_83' title="bbox 2157 3775 3797 3848; baseline 0.002 -19"><span class='ocrx_word' id='word_1_595' title='bbox 2157 3789 2386 3831; x_wconf 89' lang='lat' dir='ltr'><strong>manum</strong></span> <span class='ocrx_word' id='word_1_596' title='bbox 2423 3775 2614 3831; x_wconf 90' lang='lat' dir='ltr'><strong>domui</strong></span> <span class='ocrx_word' id='word_1_597' title='bbox 2647 3776 2906 3845; x_wconf 85' lang='lat' dir='ltr'><strong>Hugonis</strong></span> <span class='ocrx_word' id='word_1_598' title='bbox 2937 3776 3163 3831; x_wconf 88' lang='lat' dir='ltr'><strong>Diensis</strong></span> <span class='ocrx_word' id='word_1_599' title='bbox 3193 3776 3475 3848; x_wconf 87' lang='lat' dir='ltr'><strong>episcopi,</strong></span> <span class='ocrx_word' id='word_1_600' title='bbox 3531 3790 3561 3831; x_wconf 92' lang='lat' dir='ltr'><strong>a</strong></span> <span class='ocrx_word' id='word_1_601' title='bbox 3608 3775 3797 3847; x_wconf 88' lang='lat' dir='ltr'><strong>primo</strong></span> 
     </span>
    </p>
   </div>
   <div class='ocr_carea' id='block_1_84' title="bbox 2160 3863 3799 3934">
    <p class='ocr_par' dir='ltr' id='par_1_84' title="bbox 2160 3863 3799 3934">
     <span class='ocr_line' id='line_1_84' title="bbox 2160 3863 3799 3934; baseline 0.001 -15"><span class='ocrx_word' id='word_1_602' title='bbox 2160 3878 2341 3934; x_wconf 89' lang='lat' dir='ltr'><strong>usque</strong></span> <span class='ocrx_word' id='word_1_603' title='bbox 2374 3864 2441 3919; x_wconf 86' lang='lat' dir='ltr'><strong>ad</strong></span> <span class='ocrx_word' id='word_1_604' title='bbox 2477 3864 2807 3934; x_wconf 89' lang='lat' dir='ltr'><strong>septimum.</strong></span> <span class='ocrx_word' id='word_1_605' title='bbox 2846 3863 3189 3932; x_wconf 86' lang='lat' dir='ltr'><strong>Invigilabat</strong></span> <span class='ocrx_word' id='word_1_606' title='bbox 3226 3864 3376 3919; x_wconf 89' lang='lat' dir='ltr'><strong>enim</strong></span> <span class='ocrx_word' id='word_1_607' title='bbox 3407 3865 3555 3921; x_wconf 91' lang='lat' dir='ltr'><strong>idem</strong></span> <span class='ocrx_word' id='word_1_608' title='bbox 3581 3863 3799 3921; x_wconf 89' lang='lat' dir='ltr'><strong>sollici-</strong></span> 
     </span>
    </p>
   </div>
   <div class='ocr_carea' id='block_1_85' title="bbox 2157 3951 3801 4022">
    <p class='ocr_par' dir='ltr' id='par_1_85' title="bbox 2157 3951 3801 4022">
     <span class='ocr_line' id='line_1_85' title="bbox 2157 3951 3801 4022; baseline 0.001 -15"><span class='ocrx_word' id='word_1_609' title='bbox 2157 3956 2254 4008; x_wconf 81' lang='lat' dir='ltr'><strong>tus</strong></span> <span class='ocrx_word' id='word_1_610' title='bbox 2270 3952 2430 4022; x_wconf 83' lang='lat' dir='ltr'><strong>gregi</strong></span> <span class='ocrx_word' id='word_1_611' title='bbox 2457 3952 2568 4007; x_wconf 86' lang='lat' dir='ltr'><strong>sibi</strong></span> <span class='ocrx_word' id='word_1_612' title='bbox 2594 3952 2836 4017; x_wconf 78' lang='lat' dir='ltr'><strong>credito,</strong></span> <span class='ocrx_word' id='word_1_613' title='bbox 2862 3958 2920 4007; x_wconf 90' lang='lat' dir='ltr'><strong>et</strong></span> <span class='ocrx_word' id='word_1_614' title='bbox 2947 3951 3252 4021; x_wconf 88' lang='lat' dir='ltr'><strong>legationis</strong></span> <span class='ocrx_word' id='word_1_615' title='bbox 3286 3953 3392 4008; x_wconf 90' lang='lat' dir='ltr'><strong>sibi</strong></span> <span class='ocrx_word' id='word_1_616' title='bbox 3420 3954 3656 4010; x_wconf 67' lang='lat' dir='ltr'><strong>creditae</strong></span> <span class='ocrx_word' id='word_1_617' title='bbox 3680 3954 3801 4010; x_wconf 83' lang='lat' dir='ltr'><strong>sol-</strong></span> 
     </span>
    </p>
   </div>
   <div class='ocr_carea' id='block_1_86' title="bbox 2158 4038 3803 4110">
    <p class='ocr_par' dir='ltr' id='par_1_86' title="bbox 2158 4038 3803 4110">
     <span class='ocr_line' id='line_1_86' title="bbox 2158 4038 3803 4110; baseline 0.002 -18"><span class='ocrx_word' id='word_1_618' title='bbox 2158 4038 2351 4095; x_wconf 85' lang='lat' dir='ltr'><strong>licitas</strong></span> <span class='ocrx_word' id='word_1_619' title='bbox 2374 4054 2616 4095; x_wconf 88' lang='lat' dir='ltr'><strong>servans</strong></span> <span class='ocrx_word' id='word_1_620' title='bbox 2631 4040 2930 4105; x_wconf 78' lang='lat' dir='ltr'><strong>excubias,</strong></span> <span class='ocrx_word' id='word_1_621' title='bbox 2952 4039 3197 4110; x_wconf 91' lang='lat' dir='ltr'><strong>primum</strong></span> <span class='ocrx_word' id='word_1_622' title='bbox 3215 4040 3524 4097; x_wconf 90' lang='lat' dir='ltr'><strong>concilium</strong></span> <span class='ocrx_word' id='word_1_623' title='bbox 3539 4039 3803 4096; x_wconf 89' lang='lat' dir='ltr'><strong>celebra-</strong></span> 
     </span>
    </p>
   </div>
   <div class='ocr_carea' id='block_1_87' title="bbox 2157 4128 3803 4200">
    <p class='ocr_par' dir='ltr' id='par_1_87' title="bbox 2157 4128 3803 4200">
     <span class='ocr_line' id='line_1_87' title="bbox 2157 4128 3803 4200; baseline 0 -15"><span class='ocrx_word' id='word_1_624' title='bbox 2157 4129 2241 4185; x_wconf 90' lang='lat' dir='ltr'><strong>vit</strong></span> <span class='ocrx_word' id='word_1_625' title='bbox 2287 4128 2438 4200; x_wconf 89' lang='lat' dir='ltr'><strong>apud</strong></span> <span class='ocrx_word' id='word_1_626' title='bbox 2511 4132 2739 4199; x_wconf 85' lang='lat' dir='ltr'><strong>Ansam,</strong></span> <span class='ocrx_word' id='word_1_627' title='bbox 2812 4129 3129 4185; x_wconf 90' lang='lat' dir='ltr'><strong>secundum</strong></span> <span class='ocrx_word' id='word_1_628' title='bbox 3188 4130 3340 4200; x_wconf 87' lang='lat' dir='ltr'><strong>apud</strong></span> <span class='ocrx_word' id='word_1_629' title='bbox 3407 4130 3803 4185; x_wconf 84' lang='lat' dir='ltr'><strong>Clarummon-</strong></span> 
     </span>
    </p>
   </div>
   <div class='ocr_carea' id='block_1_88' title="bbox 2157 4217 3800 4289">
    <p class='ocr_par' dir='ltr' id='par_1_88' title="bbox 2157 4217 3800 4289">
     <span class='ocr_line' id='line_1_88' title="bbox 2157 4217 3800 4289; baseline 0.001 -18"><span class='ocrx_word' id='word_1_630' title='bbox 2157 4220 2274 4272; x_wconf 84' lang='lat' dir='ltr'><strong>teni</strong></span> <span class='ocrx_word' id='word_1_631' title='bbox 2307 4219 2475 4288; x_wconf 87' lang='lat'><strong>(138),</strong></span> <span class='ocrx_word' id='word_1_632' title='bbox 2508 4217 2563 4273; x_wconf 91' lang='lat' dir='ltr'><strong>in</strong></span> <span class='ocrx_word' id='word_1_633' title='bbox 2595 4232 2709 4287; x_wconf 93' lang='lat' dir='ltr'><strong>quo</strong></span> <span class='ocrx_word' id='word_1_634' title='bbox 2756 4218 3047 4289; x_wconf 87' lang='lat' dir='ltr'><strong>Stephano</strong></span> <span class='ocrx_word' id='word_1_635' title='bbox 3097 4218 3450 4274; x_wconf 87' lang='lat' dir='ltr'><strong>Arvernensi</strong></span> <span class='ocrx_word' id='word_1_636' title='bbox 3498 4217 3800 4289; x_wconf 90' lang='lat' dir='ltr'><strong>episcopo,</strong></span> 
     </span>
    </p>
   </div>
   <div class='ocr_carea' id='block_1_89' title="bbox 2167 4306 3808 4379">
    <p class='ocr_par' dir='ltr' id='par_1_89' title="bbox 2167 4306 3808 4379">
     <span class='ocr_line' id='line_1_89' title="bbox 2167 4306 3808 4379; baseline -0.001 -17"><span class='ocrx_word' id='word_1_637' title='bbox 2167 4306 2468 4363; x_wconf 90' lang='lat' dir='ltr'><strong>Podiensis</strong></span> <span class='ocrx_word' id='word_1_638' title='bbox 2500 4306 2657 4363; x_wconf 89' lang='lat' dir='ltr'><strong>sedis</strong></span> <span class='ocrx_word' id='word_1_639' title='bbox 2685 4307 2973 4377; x_wconf 86' lang='lat' dir='ltr'><strong>invasore,</strong></span> <span class='ocrx_word' id='word_1_640' title='bbox 3009 4306 3140 4377; x_wconf 87' lang='lat' dir='ltr'><strong>quia</strong></span> <span class='ocrx_word' id='word_1_641' title='bbox 3173 4323 3276 4379; x_wconf 93' lang='lat' dir='ltr'><strong>pro</strong></span> <span class='ocrx_word' id='word_1_642' title='bbox 3307 4306 3618 4363; x_wconf 79' lang='lat' dir='ltr'><strong>ambitione</strong></span> <span class='ocrx_word' id='word_1_643' title='bbox 3650 4306 3808 4362; x_wconf 87' lang='lat' dir='ltr'><strong>male</strong></span> 
     </span>
    </p>
   </div>
   <div class='ocr_carea' id='block_1_90' title="bbox 2163 4395 3809 4468">
    <p class='ocr_par' dir='ltr' id='par_1_90' title="bbox 2163 4395 3809 4468">
     <span class='ocr_line' id='line_1_90' title="bbox 2163 4395 3809 4468; baseline 0 -16"><span class='ocrx_word' id='word_1_644' title='bbox 2163 4397 2360 4454; x_wconf 89' lang='lat' dir='ltr'><strong>sedem</strong></span> <span class='ocrx_word' id='word_1_645' title='bbox 2395 4412 2555 4454; x_wconf 90' lang='lat' dir='ltr'><strong>suam</strong></span> <span class='ocrx_word' id='word_1_646' title='bbox 2587 4396 2950 4467; x_wconf 88' lang='lat' dir='ltr'><strong>deseruerat,</strong></span> <span class='ocrx_word' id='word_1_647' title='bbox 2988 4395 3277 4453; x_wconf 78' lang='lat' dir='ltr'><strong>Willelmo</strong></span> <span class='ocrx_word' id='word_1_648' title='bbox 3330 4410 3558 4467; x_wconf 91' lang='lat' dir='ltr'><strong>quoque</strong></span> <span class='ocrx_word' id='word_1_649' title='bbox 3604 4396 3809 4468; x_wconf 78' lang='lat' dir='ltr'><strong>Symo-</strong></span> 
     </span>
    </p>
   </div>
   <div class='ocr_carea' id='block_1_91' title="bbox 2163 4485 3808 4558">
    <p class='ocr_par' dir='ltr' id='par_1_91' title="bbox 2163 4485 3808 4558">
     <span class='ocr_line' id='line_1_91' title="bbox 2163 4485 3808 4558; baseline -0.001 -16"><span class='ocrx_word' id='word_1_650' title='bbox 2163 4488 2329 4543; x_wconf 88' lang='lat' dir='ltr'><strong>niaco</strong></span> <span class='ocrx_word' id='word_1_651' title='bbox 2351 4491 2411 4543; x_wconf 83' lang='lat' dir='ltr'><strong>et</strong></span> <span class='ocrx_word' id='word_1_652' title='bbox 2430 4487 2700 4543; x_wconf 90' lang='lat' dir='ltr'><strong>invasore</strong></span> <span class='ocrx_word' id='word_1_653' title='bbox 2721 4487 2879 4543; x_wconf 89' lang='lat' dir='ltr'><strong>sedis</strong></span> <span class='ocrx_word' id='word_1_654' title='bbox 2905 4485 3289 4543; x_wconf 89' lang='lat' dir='ltr'><strong>Arvernensis</strong></span> <span class='ocrx_word' id='word_1_655' title='bbox 3308 4485 3596 4558; x_wconf 89' lang='lat' dir='ltr'><strong>deposito,</strong></span> <span class='ocrx_word' id='word_1_656' title='bbox 3613 4485 3808 4555; x_wconf 90' lang='lat'><strong>(1077)</strong></span> 
     </span>
    </p>
   </div>
   <div class='ocr_carea' id='block_1_92' title="bbox 2163 4575 3813 4648">
    <p class='ocr_par' dir='ltr' id='par_1_92' title="bbox 2163 4575 3813 4648">
     <span class='ocr_line' id='line_1_92' title="bbox 2163 4575 3813 4648; baseline -0.002 -16"><span class='ocrx_word' id='word_1_657' title='bbox 2163 4581 2545 4633; x_wconf 85' lang='lat' dir='ltr'><strong>consecratus</strong></span> <span class='ocrx_word' id='word_1_658' title='bbox 2567 4579 2657 4631; x_wconf 89' lang='lat' dir='ltr'><strong>cst</strong></span> <span class='ocrx_word' id='word_1_659' title='bbox 2685 4577 2963 4648; x_wconf 55' lang='lat' dir='ltr'><strong>praefatus</strong></span> <span class='ocrx_word' id='word_1_660' title='bbox 2986 4575 3165 4632; x_wconf 87' lang='lat' dir='ltr'><strong>abbas</strong></span> <span class='ocrx_word' id='word_1_661' title='bbox 3188 4576 3492 4632; x_wconf 88' lang='lat' dir='ltr'><strong>Durannus</strong></span> <span class='ocrx_word' id='word_1_662' title='bbox 3515 4575 3813 4631; x_wconf 87' lang='lat' dir='ltr'><strong>Arverno-</strong></span> 
     </span>
    </p>
   </div>
   <div class='ocr_carea' id='block_1_93' title="bbox 2164 4662 3812 4737">
    <p class='ocr_par' dir='ltr' id='par_1_93' title="bbox 2164 4662 3812 4737">
     <span class='ocr_line' id='line_1_93' title="bbox 2164 4662 3812 4737; baseline -0.001 -15"><span class='ocrx_word' id='word_1_663' title='bbox 2164 4682 2290 4723; x_wconf 89' lang='lat' dir='ltr'><strong>rum</strong></span> <span class='ocrx_word' id='word_1_664' title='bbox 2325 4666 2656 4737; x_wconf 88' lang='lat' dir='ltr'><strong>episcopus,</strong></span> <span class='ocrx_word' id='word_1_665' title='bbox 2694 4670 2930 4736; x_wconf 88' lang='lat' dir='ltr'><strong>peracto</strong></span> <span class='ocrx_word' id='word_1_666' title='bbox 2963 4664 3245 4721; x_wconf 88' lang='lat' dir='ltr'><strong>decennio</strong></span> <span class='ocrx_word' id='word_1_667' title='bbox 3276 4662 3575 4733; x_wconf 87' lang='lat' dir='ltr'><strong>regiminis</strong></span> <span class='ocrx_word' id='word_1_668' title='bbox 3602 4662 3695 4720; x_wconf 87' lang='lat' dir='ltr'><strong>sui</strong></span> <span class='ocrx_word' id='word_1_669' title='bbox 3754 4664 3812 4720; x_wconf 92' lang='lat' dir='ltr'><strong>in</strong></span> 
     </span>
    </p>
   </div>
   <div class='ocr_carea' id='block_1_94' title="bbox 2164 4752 3810 4825">
    <p class='ocr_par' dir='ltr' id='par_1_94' title="bbox 2164 4752 3810 4825">
     <span class='ocr_line' id='line_1_94' title="bbox 2164 4752 3810 4825; baseline -0.001 -15"><span class='ocrx_word' id='word_1_670' title='bbox 2164 4755 2295 4812; x_wconf 87' lang='lat' dir='ltr'><strong>loco</strong></span> <span class='ocrx_word' id='word_1_671' title='bbox 2319 4757 2478 4811; x_wconf 71' lang='lat' dir='ltr'><strong>Casae</strong></span> <span class='ocrx_word' id='word_1_672' title='bbox 2503 4753 2621 4823; x_wconf 80' lang='lat' dir='ltr'><strong>Dei,</strong></span> <span class='ocrx_word' id='word_1_673' title='bbox 2649 4753 2744 4823; x_wconf 92' lang='lat' dir='ltr'><strong>qui</strong></span> <span class='ocrx_word' id='word_1_674' title='bbox 2768 4754 2943 4809; x_wconf 90' lang='lat' dir='ltr'><strong>etiam</strong></span> <span class='ocrx_word' id='word_1_675' title='bbox 2968 4756 3100 4825; x_wconf 92' lang='lat' dir='ltr'><strong>post</strong></span> <span class='ocrx_word' id='word_1_676' title='bbox 3129 4752 3421 4810; x_wconf 89' lang='lat' dir='ltr'><strong>biennium</strong></span> <span class='ocrx_word' id='word_1_677' title='bbox 3441 4752 3731 4824; x_wconf 89' lang='lat' dir='ltr'><strong>petitione</strong></span> <span class='ocrx_word' id='word_1_678' title='bbox 3751 4757 3810 4809; x_wconf 87' lang='lat' dir='ltr'><strong>et</strong></span> 
     </span>
    </p>
   </div>
   <div class='ocr_carea' id='block_1_95' title="bbox 404 4829 3819 4914">
    <p class='ocr_par' dir='ltr' id='par_1_95' title="bbox 404 4829 3819 4914">
     <span class='ocr_line' id='line_1_95' title="bbox 404 4829 3819 4914; baseline -0 -18"><span class='ocrx_word' id='word_1_679' title='bbox 404 4854 557 4896; x_wconf 91' lang='lat' dir='ltr'><strong>mum</strong></span> <span class='ocrx_word' id='word_1_680' title='bbox 609 4838 680 4894; x_wconf 90' lang='lat' dir='ltr'><strong>de</strong></span> <span class='ocrx_word' id='word_1_681' title='bbox 720 4836 934 4907; x_wconf 89' lang='lat' dir='ltr'><strong>juvene</strong></span> <span class='ocrx_word' id='word_1_682' title='bbox 986 4838 1212 4895; x_wconf 90' lang='lat' dir='ltr'><strong>inberbi</strong></span> <span class='ocrx_word' id='word_1_683' title='bbox 1262 4840 1679 4912; x_wconf 88' lang='lat' dir='ltr'><strong>testimonium,</strong></span> <span class='ocrx_word' id='word_1_684' title='bbox 1715 4843 1881 4914; x_wconf 88' lang='lat' dir='ltr'><strong>cujus</strong></span> <span class='ocrx_word' id='word_1_685' title='bbox 1913 4844 2043 4914; x_wconf 85' lang='lat' dir='ltr'><strong>quia</strong></span> <span class='ocrx_word' id='word_1_686' title='bbox 2077 4829 2130 4889; x_wconf 81' lang='lat' dir='ltr'><strong>D</strong></span> <span class='ocrx_word' id='word_1_687' title='bbox 2164 4844 2465 4900; x_wconf 89' lang='lat' dir='ltr'><strong>voluntate</strong></span> <span class='ocrx_word' id='word_1_688' title='bbox 2496 4844 2739 4898; x_wconf 84' lang='lat' dir='ltr'><strong>fratrum</strong></span> <span class='ocrx_word' id='word_1_689' title='bbox 2772 4857 2970 4899; x_wconf 90' lang='lat' dir='ltr'><strong>curam</strong></span> <span class='ocrx_word' id='word_1_690' title='bbox 3001 4841 3300 4911; x_wconf 87' lang='lat' dir='ltr'><strong>regiminis</strong></span> <span class='ocrx_word' id='word_1_691' title='bbox 3333 4840 3565 4911; x_wconf 85' lang='lat' dir='ltr'><strong>Siguino</strong></span> <span class='ocrx_word' id='word_1_692' title='bbox 3596 4840 3819 4898; x_wconf 89' lang='lat' dir='ltr'><strong>dereli-</strong></span> 
     </span>
    </p>
   </div>
   <div class='ocr_carea' id='block_1_96' title="bbox 405 4927 2043 5000">
    <p class='ocr_par' dir='ltr' id='par_1_96' title="bbox 405 4927 2043 5000">
     <span class='ocr_line' id='line_1_96' title="bbox 405 4927 2043 5000; baseline 0.003 -16"><span class='ocrx_word' id='word_1_693' title='bbox 405 4929 668 4985; x_wconf 88' lang='lat' dir='ltr'><strong>nostrum</strong></span> <span class='ocrx_word' id='word_1_694' title='bbox 705 4940 816 4982; x_wconf 88' lang='lat' dir='ltr'><strong>non</strong></span> <span class='ocrx_word' id='word_1_695' title='bbox 850 4930 941 4982; x_wconf 92' lang='lat' dir='ltr'><strong>est</strong></span> <span class='ocrx_word' id='word_1_696' title='bbox 976 4927 1326 5000; x_wconf 91' lang='lat' dir='ltr'><strong>meminisse,</strong></span> <span class='ocrx_word' id='word_1_697' title='bbox 1354 4929 1452 4999; x_wconf 91' lang='lat' dir='ltr'><strong>qui</strong></span> <span class='ocrx_word' id='word_1_698' title='bbox 1476 4930 1632 4986; x_wconf 89' lang='lat' dir='ltr'><strong>novit</strong></span> <span class='ocrx_word' id='word_1_699' title='bbox 1662 4931 1897 4987; x_wconf 87' lang='lat' dir='ltr'><strong>recolat.</strong></span> <span class='ocrx_word' id='word_1_700' title='bbox 1926 4934 2043 4989; x_wconf 85' lang='lat' dir='ltr'><strong>Hoc</strong></span> 
     </span>
    </p>
   </div>
   <div class='ocr_carea' id='block_1_97' title="bbox 2155 4929 3808 5004">
    <p class='ocr_par' dir='ltr' id='par_1_97' title="bbox 2155 4929 3808 5004">
     <span class='ocr_line' id='line_1_97' title="bbox 2155 4929 3808 5004; baseline -0.002 -15"><span class='ocrx_word' id='word_1_701' title='bbox 2155 4934 2299 5004; x_wconf 91' lang='lat' dir='ltr'><strong>quit.</strong></span> <span class='ocrx_word' id='word_1_702' title='bbox 2331 4931 2585 4988; x_wconf 90' lang='lat' dir='ltr'><strong>Tertium</strong></span> <span class='ocrx_word' id='word_1_703' title='bbox 2621 4931 2865 4987; x_wconf 92' lang='lat' dir='ltr'><strong>Divioni.</strong></span> <span class='ocrx_word' id='word_1_704' title='bbox 2899 4932 3374 5002; x_wconf 87' lang='lat' dir='ltr'><strong>Persequebatur</strong></span> <span class='ocrx_word' id='word_1_705' title='bbox 3399 4929 3808 5001; x_wconf 83' lang='lat' dir='ltr'><strong>Symoniacos,</strong></span> 
     </span>
    </p>
   </div>
   <div class='ocr_carea' id='block_1_98' title="bbox 1765 5065 2441 5121">
    <p class='ocr_par' dir='ltr' id='par_1_98' title="bbox 1765 5065 2441 5121">
     <span class='ocr_line' id='line_1_98' title="bbox 1765 5065 2441 5121; baseline 0 -1"><span class='ocrx_word' id='word_1_706' title='bbox 1765 5065 2002 5121; x_wconf 75' lang='lat' dir='ltr'><strong>VARUE</strong></span> <span class='ocrx_word' id='word_1_707' title='bbox 2043 5066 2441 5121; x_wconf 78' lang='lat' dir='ltr'><strong>LECTIONES.</strong></span> 
     </span>
    </p>
   </div>
   <div class='ocr_carea' id='block_1_99' title="bbox 476 5173 3828 5249">
    <p class='ocr_par' dir='ltr' id='par_1_99' title="bbox 476 5173 3828 5249">
     <span class='ocr_line' id='line_1_99' title="bbox 476 5173 3828 5249; baseline -0.001 -16"><span class='ocrx_word' id='word_1_708' title='bbox 476 5175 547 5211; x_wconf 82' lang='grc'><strong>³⁴⁰</strong></span> <span class='ocrx_word' id='word_1_709' title='bbox 589 5176 738 5249; x_wconf 58' lang='grc' dir='ltr'><strong>τὺίιει</strong></span> <span class='ocrx_word' id='word_1_710' title='bbox 782 5173 1142 5249; x_wconf 32' lang='lat' dir='ltr'><strong>soi-Lucida.</strong></span> <span class='ocrx_word' id='word_1_711' title='bbox 1221 5174 1289 5210; x_wconf 68' lang='grc' dir='ltr'><strong>³η</strong></span> <span class='ocrx_word' id='word_1_712' title='bbox 1327 5178 1375 5232; x_wconf 86' lang='grc' dir='ltr'><strong>Μ</strong></span> <span class='ocrx_word' id='word_1_713' title='bbox 1425 5217 1439 5232; x_wconf 94' lang='grc'><strong>.</strong></span> <span class='ocrx_word' id='word_1_714' title='bbox 1489 5218 1502 5233; x_wconf 94' lang='grc'><strong>.</strong></span> <span class='ocrx_word' id='word_1_715' title='bbox 1550 5220 1563 5234; x_wconf 92' lang='grc'><strong>.</strong></span> <span class='ocrx_word' id='word_1_716' title='bbox 1598 5193 1688 5249; x_wconf 92' lang='lat' dir='ltr'><strong>c,;</strong></span> <span class='ocrx_word' id='word_1_717' title='bbox 1728 5192 2040 5236; x_wconf 73' lang='lat' dir='ltr'><strong>numerum</strong></span> <span class='ocrx_word' id='word_1_718' title='bbox 2070 5179 2315 5238; x_wconf 74' lang='lat' dir='ltr'><strong>restitui</strong></span> <span class='ocrx_word' id='word_1_719' title='bbox 2353 5194 2429 5236; x_wconf 78' lang='lat' dir='ltr'><strong>ea:</strong></span> <span class='ocrx_word' id='word_1_720' title='bbox 2462 5178 2663 5237; x_wconf 67' lang='lat' dir='ltr'><strong>cleron.</strong></span> <span class='ocrx_word' id='word_1_721' title='bbox 2707 5177 3115 5236; x_wconf 79' lang='lat' dir='ltr'><strong>Malleaceusi.</strong></span> <span class='ocrx_word' id='word_1_722' title='bbox 3194 5175 3263 5211; x_wconf 80' lang='grc'><strong>⁸⁴²</strong></span> <span class='ocrx_word' id='word_1_723' title='bbox 3293 5177 3325 5233; x_wconf 93' lang='lat' dir='ltr'><strong>d</strong></span> <span class='ocrx_word' id='word_1_724' title='bbox 3368 5219 3381 5233; x_wconf 91' lang='lat'><strong>.</strong></span> <span class='ocrx_word' id='word_1_725' title='bbox 3430 5218 3444 5232; x_wconf 97' lang='lat'><strong>.</strong></span> <span class='ocrx_word' id='word_1_726' title='bbox 3488 5217 3501 5231; x_wconf 95' lang='lat'><strong>.</strong></span> <span class='ocrx_word' id='word_1_727' title='bbox 3550 5216 3564 5231; x_wconf 95' lang='lat'><strong>.</strong></span> <span class='ocrx_word' id='word_1_728' title='bbox 3602 5187 3660 5231; x_wconf 86' lang='lat' dir='ltr'><strong>c.</strong></span> <span class='ocrx_word' id='word_1_729' title='bbox 3751 5173 3828 5208; x_wconf 79' lang='grc'><strong>³⁴⁸</strong></span> 
     </span>
    </p>
   </div>
   <div class='ocr_carea' id='block_1_100' title="bbox 409 5245 2355 5335">
    <p class='ocr_par' dir='ltr' id='par_1_100' title="bbox 409 5245 2355 5335">
     <span class='ocr_line' id='line_1_100' title="bbox 409 5245 2355 5335; baseline 0.003 -32"><span class='ocrx_word' id='word_1_730' title='bbox 409 5261 525 5305; x_wconf 71' lang='lat' dir='ltr'><strong>eoa:</strong></span> <span class='ocrx_word' id='word_1_731' title='bbox 552 5247 706 5307; x_wconf 77' lang='lat' dir='ltr'><strong>abso.</strong></span> <span class='ocrx_word' id='word_1_732' title='bbox 720 5261 808 5307; x_wconf 83' lang='lat' dir='ltr'><strong>sa.</strong></span> <span class='ocrx_word' id='word_1_733' title='bbox 887 5245 955 5280; x_wconf 79' lang='grc'><strong>³⁸⁸</strong></span> <span class='ocrx_word' id='word_1_734' title='bbox 981 5260 1292 5305; x_wconf 65' lang='lat' dir='ltr'><strong>numerum</strong></span> <span class='ocrx_word' id='word_1_735' title='bbox 1319 5250 1589 5335; x_wconf 60' lang='grc' dir='ltr'><strong>διαρριευί</strong></span> <span class='ocrx_word' id='word_1_736' title='bbox 1618 5245 1693 5307; x_wconf 70' lang='lat' dir='ltr'><strong>ea:</strong></span> <span class='ocrx_word' id='word_1_737' title='bbox 1717 5250 1917 5308; x_wconf 78' lang='grc' dir='ltr'><strong>οΙινοη.</strong></span> <span class='ocrx_word' id='word_1_738' title='bbox 1945 5251 2355 5309; x_wconf 78' lang='lat' dir='ltr'><strong>Malleacensi.</strong></span> 
     </span>
    </p>
   </div>
   <div class='ocr_carea' id='block_1_101' title="bbox 1992 5374 2213 5431">
    <p class='ocr_par' dir='ltr' id='par_1_101' title="bbox 1992 5374 2213 5431">
     <span class='ocr_line' id='line_1_101' title="bbox 1992 5374 2213 5431; baseline -0.005 0"><span class='ocrx_word' id='word_1_739' title='bbox 1992 5374 2213 5431; x_wconf 75' lang='grc' dir='ltr'><strong>ΝΟΤΑΞ.</strong></span> 
     </span>
    </p>
   </div>
   <div class='ocr_carea' id='block_1_102' title="bbox 481 5466 1857 5557">
    <p class='ocr_par' dir='ltr' id='par_1_102' title="bbox 481 5466 1857 5557">
     <span class='ocr_line' id='line_1_102' title="bbox 481 5466 1857 5557; baseline 0.001 -15"><span class='ocrx_word' id='word_1_740' title='bbox 481 5484 632 5557; x_wconf 86' lang='grc'>(133)</span> <span class='ocrx_word' id='word_1_741' title='bbox 664 5486 1047 5544; x_wconf 90' lang='lat' dir='ltr'><strong>Desideratur</strong></span> <span class='ocrx_word' id='word_1_742' title='bbox 1078 5486 1133 5543; x_wconf 92' lang='lat' dir='ltr'><strong>in</strong></span> <span class='ocrx_word' id='word_1_743' title='bbox 1167 5466 1442 5556; x_wconf 12' lang='lat' dir='ltr'><strong>Revgistro</strong></span> <span class='ocrx_word' id='word_1_744' title='bbox 1473 5487 1756 5557; x_wconf 86' lang='lat' dir='ltr'><strong>Gregorii.</strong></span> <span class='ocrx_word' id='word_1_745' title='bbox 1794 5489 1857 5544; x_wconf 84' lang='lat' dir='ltr'><strong>K.</strong></span> 
     </span>
    </p>
   </div>
   <div class='ocr_carea' id='block_1_103' title="bbox 483 5556 2062 5629">
    <p class='ocr_par' dir='ltr' id='par_1_103' title="bbox 483 5556 2062 5629">
     <span class='ocr_line' id='line_1_103' title="bbox 483 5556 2062 5629; baseline 0.002 -16"><span class='ocrx_word' id='word_1_746' title='bbox 483 5556 636 5625; x_wconf 78' lang='grc'>(134)</span> <span class='ocrx_word' id='word_1_747' title='bbox 684 5557 737 5611; x_wconf 91' lang='lat' dir='ltr'><strong>S.</strong></span> <span class='ocrx_word' id='word_1_748' title='bbox 792 5557 1511 5629; x_wconf 85' lang='lat' dir='ltr'><strong>Robert-la-Chaise-Dieu,</strong></span> <span class='ocrx_word' id='word_1_749' title='bbox 1565 5560 1891 5617; x_wconf 77' lang='lat' dir='ltr'><strong>dioeceseos</strong></span> <span class='ocrx_word' id='word_1_750' title='bbox 1939 5559 2062 5616; x_wconf 89' lang='lat' dir='ltr'><strong>Cla-</strong></span> 
     </span>
    </p>
   </div>
   <div class='ocr_carea' id='block_1_104' title="bbox 414 5630 791 5683">
    <p class='ocr_par' dir='ltr' id='par_1_104' title="bbox 414 5630 791 5683">
     <span class='ocr_line' id='line_1_104' title="bbox 414 5630 791 5683; baseline -0.003 -1"><span class='ocrx_word' id='word_1_751' title='bbox 414 5630 791 5683; x_wconf 67' lang='lat' dir='ltr'><strong>romontanae:</strong></span> 
     </span>
    </p>
   </div>
   <div class='ocr_carea' id='block_1_105' title="bbox 488 5697 1698 5837">
    <p class='ocr_par' dir='ltr' id='par_1_105' title="bbox 488 5697 1698 5837">
     <span class='ocr_line' id='line_1_105' title="bbox 488 5697 1698 5837; baseline 0.002 -84"><span class='ocrx_word' id='word_1_752' title='bbox 488 5697 639 5837; x_wconf 52' lang='lat'><strong>$135)</strong></span> <span class='ocrx_word' id='word_1_753' title='bbox 672 5699 919 5769; x_wconf 85' lang='lat' dir='ltr'><strong>Horatii,</strong></span> <span class='ocrx_word' id='word_1_754' title='bbox 952 5699 1022 5755; x_wconf 92' lang='lat' dir='ltr'><strong>de</strong></span> <span class='ocrx_word' id='word_1_755' title='bbox 1051 5701 1178 5756; x_wconf 91' lang='lat' dir='ltr'><strong>arte</strong></span> <span class='ocrx_word' id='word_1_756' title='bbox 1210 5703 1365 5773; x_wconf 90' lang='lat' dir='ltr'><strong>poet.</strong></span> <span class='ocrx_word' id='word_1_757' title='bbox 1403 5703 1498 5758; x_wconf 83' lang='lat'><strong>161</strong></span> <span class='ocrx_word' id='word_1_758' title='bbox 1536 5715 1698 5773; x_wconf 88' lang='lat' dir='ltr'><strong>seqq.</strong></span> 
     </span>
     <span class='ocr_line' id='line_1_106' title="bbox 516 5769 1697 5837; baseline 0.005 -13"><span class='ocrx_word' id='word_1_759' title='bbox 516 5771 637 5836; x_wconf 86' lang='lat'><strong>136)</strong></span> <span class='ocrx_word' id='word_1_760' title='bbox 669 5771 925 5827; x_wconf 84' lang='lat' dir='ltr'><strong>Auctore</strong></span> <span class='ocrx_word' id='word_1_761' title='bbox 954 5769 1204 5827; x_wconf 83' lang='lat' dir='ltr'><strong>Geraldo</strong></span> <span class='ocrx_word' id='word_1_762' title='bbox 1235 5772 1308 5827; x_wconf 90' lang='lat' dir='ltr'><strong>de</strong></span> <span class='ocrx_word' id='word_1_763' title='bbox 1331 5772 1525 5829; x_wconf 85' lang='lat' dir='ltr'><strong>Venna</strong></span> <span class='ocrx_word' id='word_1_764' title='bbox 1547 5787 1697 5837; x_wconf 79' lang='lat' dir='ltr'><strong>expo</strong></span> 
     </span>
    </p>
   </div>
   <div class='ocr_carea' id='block_1_106' title="bbox 516 5769 2059 5843">
    <p class='ocr_par' dir='ltr' id='par_1_106' title="bbox 516 5769 2059 5843">
     <span class='ocr_line' id='line_1_107' title="bbox 516 5769 2059 5843; baseline 0.005 -18"><span class='ocrx_word' id='word_1_765' title='bbox 516 5771 637 5843; x_wconf 79' lang='lat'><strong>136)</strong></span> <span class='ocrx_word' id='word_1_766' title='bbox 669 5771 925 5843; x_wconf 83' lang='lat' dir='ltr'><strong>Auctore</strong></span> <span class='ocrx_word' id='word_1_767' title='bbox 954 5769 1308 5843; x_wconf 42' lang='lat' dir='ltr'><strong>Geraldofde</strong></span> <span class='ocrx_word' id='word_1_768' title='bbox 1331 5772 1525 5829; x_wconf 85' lang='lat' dir='ltr'><strong>Venna</strong></span> <span class='ocrx_word' id='word_1_769' title='bbox 1547 5769 1804 5843; x_wconf 79' lang='lat' dir='ltr'><strong>expolita</strong></span> <span class='ocrx_word' id='word_1_770' title='bbox 1829 5773 2059 5831; x_wconf 90' lang='lat' dir='ltr'><strong>demum</strong></span> 
     </span>
    </p>
   </div>
   <div class='ocr_carea' id='block_1_107' title="bbox 417 5841 2050 5908">
    <p class='ocr_par' dir='ltr' id='par_1_107' title="bbox 417 5841 2050 5908">
     <span class='ocr_line' id='line_1_108' title="bbox 417 5841 2050 5908; baseline 0.004 -11"><span class='ocrx_word' id='word_1_771' title='bbox 417 5855 445 5897; x_wconf 85' lang='lat' dir='ltr'><strong>a</strong></span> <span class='ocrx_word' id='word_1_772' title='bbox 480 5842 787 5908; x_wconf 88' lang='lat' dir='ltr'><strong>Marbodo;</strong></span> <span class='ocrx_word' id='word_1_773' title='bbox 820 5857 871 5896; x_wconf 89' lang='lat' dir='ltr'><strong>v.</strong></span> <span class='ocrx_word' id='word_1_774' title='bbox 909 5841 1223 5898; x_wconf 86' lang='lat' dir='ltr'><strong>Mabillonii</strong></span> <span class='ocrx_word' id='word_1_775' title='bbox 1260 5844 1401 5900; x_wconf 86' lang='lat' dir='ltr'><strong>Acta</strong></span> <span class='ocrx_word' id='word_1_776' title='bbox 1431 5845 1526 5900; x_wconf 91' lang='lat' dir='ltr'><strong>SS.</strong></span> <span class='ocrx_word' id='word_1_777' title='bbox 1561 5841 1686 5901; x_wconf 87' lang='lat' dir='ltr'><strong>0rd.</strong></span> <span class='ocrx_word' id='word_1_778' title='bbox 1734 5847 1787 5902; x_wconf 95' lang='lat' dir='ltr'><strong>S.</strong></span> <span class='ocrx_word' id='word_1_779' title='bbox 1832 5846 2050 5903; x_wconf 90' lang='lat' dir='ltr'><strong>Bened.</strong></span> 
     </span>
    </p>
   </div>
   <div class='ocr_carea' id='block_1_108' title="bbox 415 5911 1287 5985">
    <p class='ocr_par' dir='ltr' id='par_1_108' title="bbox 415 5911 1287 5985">
     <span class='ocr_line' id='line_1_109' title="bbox 415 5911 1287 5985; baseline 0 -18"><span class='ocrx_word' id='word_1_780' title='bbox 415 5911 563 5968; x_wconf 62' lang='lat' dir='ltr'><strong>Sac.</strong></span> <span class='ocrx_word' id='word_1_781' title='bbox 598 5913 689 5983; x_wconf 85' lang='lat' dir='ltr'><strong>VI,</strong></span> <span class='ocrx_word' id='word_1_782' title='bbox 727 5916 862 5969; x_wconf 91' lang='lat' dir='ltr'><strong>tom.</strong></span> <span class='ocrx_word' id='word_1_783' title='bbox 898 5914 965 5984; x_wconf 87' lang='lat' dir='ltr'><strong>ll,</strong></span> <span class='ocrx_word' id='word_1_784' title='bbox 1001 5926 1130 5985; x_wconf 83' lang='lat' dir='ltr'><strong>pag.</strong></span> <span class='ocrx_word' id='word_1_785' title='bbox 1168 5916 1287 5970; x_wconf 86' lang='lat'><strong>183.</strong></span> 
     </span>
    </p>
   </div>
   <div class='ocr_carea' id='block_1_109' title="bbox 2208 5488 3831 5615">
    <p class='ocr_par' dir='ltr' id='par_1_109' title="bbox 2208 5488 3831 5615">
     <span class='ocr_line' id='line_1_110' title="bbox 2208 5488 3831 5615; baseline -0.001 -69"><span class='ocrx_word' id='word_1_786' title='bbox 2208 5488 2393 5615; x_wconf 30' lang='lat' dir='ltr'><strong>t(13:7)</strong></span> <span class='ocrx_word' id='word_1_787' title='bbox 2427 5488 2662 5547; x_wconf 88' lang='lat' dir='ltr'><strong>Scilicet</strong></span> <span class='ocrx_word' id='word_1_788' title='bbox 2693 5490 2978 5561; x_wconf 78' lang='lat' dir='ltr'><strong>ecclesiae,</strong></span> <span class='ocrx_word' id='word_1_789' title='bbox 3008 5494 3065 5546; x_wconf 91' lang='lat' dir='ltr'><strong>et</strong></span> <span class='ocrx_word' id='word_1_790' title='bbox 3095 5490 3261 5547; x_wconf 68' lang='lat' dir='ltr'><strong>cellae</strong></span> <span class='ocrx_word' id='word_1_791' title='bbox 3292 5502 3472 5563; x_wconf 89' lang='lat' dir='ltr'><strong>prope</strong></span> <span class='ocrx_word' id='word_1_792' title='bbox 3502 5502 3628 5546; x_wconf 90' lang='lat' dir='ltr'><strong>eam</strong></span> <span class='ocrx_word' id='word_1_793' title='bbox 3677 5503 3831 5545; x_wconf 84' lang='lat' dir='ltr'><strong>con-</strong></span> 
     </span>
     <span class='ocr_line' id='line_1_111' title="bbox 2233 5577 2434 5615; baseline 0 0"><span class='ocrx_word' id='word_1_794' title='bbox 2233 5577 2333 5615; x_wconf 88' lang='lat' dir='ltr'><strong>rue</strong></span> <span class='ocrx_word' id='word_1_795' title='bbox 2367 5577 2434 5615; x_wconf 62' lang='grc' dir='ltr'>ω.</span> 
     </span>
    </p>
   </div>
   <div class='ocr_carea' id='block_1_110' title="bbox 2173 5567 2434 5618">
    <p class='ocr_par' dir='ltr' id='par_1_110' title="bbox 2173 5567 2434 5618">
     <span class='ocr_line' id='line_1_112' title="bbox 2173 5567 2434 5618; baseline -0.008 0"><span class='ocrx_word' id='word_1_796' title='bbox 2173 5567 2434 5618; x_wconf 61' lang='lat' dir='ltr'><strong>struem.</strong></span> 
     </span>
    </p>
   </div>
   <div class='ocr_carea' id='block_1_111' title="bbox 2244 5630 3829 5703">
    <p class='ocr_par' dir='ltr' id='par_1_111' title="bbox 2244 5630 3829 5703">
     <span class='ocr_line' id='line_1_113' title="bbox 2244 5630 3829 5703; baseline -0.002 -15"><span class='ocrx_word' id='word_1_797' title='bbox 2244 5634 2392 5703; x_wconf 87' lang='lat'><strong>(138)</strong></span> <span class='ocrx_word' id='word_1_798' title='bbox 2421 5632 2693 5689; x_wconf 85' lang='lat' dir='ltr'><strong>Habitum</strong></span> <span class='ocrx_word' id='word_1_799' title='bbox 2723 5636 2817 5688; x_wconf 89' lang='lat' dir='ltr'><strong>est</strong></span> <span class='ocrx_word' id='word_1_800' title='bbox 2844 5647 2884 5688; x_wconf 84' lang='grc' dir='ltr'><strong>ιι</strong></span> <span class='ocrx_word' id='word_1_801' title='bbox 2913 5633 3113 5688; x_wconf 86' lang='lat' dir='ltr'><strong>idibus</strong></span> <span class='ocrx_word' id='word_1_802' title='bbox 3146 5631 3408 5701; x_wconf 82' lang='lat' dir='ltr'><strong>Augusti,</strong></span> <span class='ocrx_word' id='word_1_803' title='bbox 3443 5634 3507 5688; x_wconf 91' lang='lat' dir='ltr'><strong>ut</strong></span> <span class='ocrx_word' id='word_1_804' title='bbox 3537 5644 3609 5687; x_wconf 80' lang='lat' dir='ltr'><strong>ex</strong></span> <span class='ocrx_word' id='word_1_805' title='bbox 3655 5630 3829 5686; x_wconf 83' lang='lat' dir='ltr'><strong>litte-</strong></span> 
     </span>
    </p>
   </div>
   <div class='ocr_carea' id='block_1_112' title="bbox 2170 5702 3830 5774">
    <p class='ocr_par' dir='ltr' id='par_1_112' title="bbox 2170 5702 3830 5774">
     <span class='ocr_line' id='line_1_114' title="bbox 2170 5702 3830 5774; baseline -0.001 -15"><span class='ocrx_word' id='word_1_806' title='bbox 2170 5702 2259 5760; x_wconf 90' lang='lat' dir='ltr'><strong>ris</strong></span> <span class='ocrx_word' id='word_1_807' title='bbox 2283 5702 2538 5774; x_wconf 75' lang='lat' dir='ltr'><strong>lliigonis</strong></span> <span class='ocrx_word' id='word_1_808' title='bbox 2566 5702 2791 5760; x_wconf 89' lang='lat' dir='ltr'><strong>Diensis</strong></span> <span class='ocrx_word' id='word_1_809' title='bbox 2822 5704 2891 5760; x_wconf 91' lang='lat' dir='ltr'><strong>ad</strong></span> <span class='ocrx_word' id='word_1_810' title='bbox 2926 5703 3236 5761; x_wconf 84' lang='lat' dir='ltr'><strong>Rudolfum</strong></span> <span class='ocrx_word' id='word_1_811' title='bbox 3276 5705 3672 5760; x_wconf 90' lang='lat' dir='ltr'><strong>Turonensem</strong></span> <span class='ocrx_word' id='word_1_812' title='bbox 3729 5715 3830 5757; x_wconf 91' lang='lat' dir='ltr'><strong>ar-</strong></span> 
     </span>
    </p>
   </div>
   <div class='ocr_carea' id='block_1_113' title="bbox 2170 5775 3834 5848">
    <p class='ocr_par' dir='ltr' id='par_1_113' title="bbox 2170 5775 3834 5848">
     <span class='ocr_line' id='line_1_115' title="bbox 2170 5775 3834 5848; baseline -0.001 -18"><span class='ocrx_word' id='word_1_813' title='bbox 2170 5775 2604 5848; x_wconf 88' lang='lat' dir='ltr'><strong>chiepiscopum</strong></span> <span class='ocrx_word' id='word_1_814' title='bbox 2653 5779 2835 5847; x_wconf 89' lang='lat' dir='ltr'><strong>patet.</strong></span> <span class='ocrx_word' id='word_1_815' title='bbox 2895 5775 3072 5831; x_wconf 79' lang='lat' dir='ltr'><strong>Mansi</strong></span> <span class='ocrx_word' id='word_1_816' title='bbox 3121 5776 3233 5844; x_wconf 79' lang='lat' dir='ltr'><strong>XX,</strong></span> <span class='ocrx_word' id='word_1_817' title='bbox 3286 5777 3407 5848; x_wconf 80' lang='grc'>483.</span> <span class='ocrx_word' id='word_1_818' title='bbox 3461 5775 3632 5848; x_wconf 75' lang='lat' dir='ltr'><strong>Anno</strong></span> <span class='ocrx_word' id='word_1_819' title='bbox 3679 5777 3834 5829; x_wconf 84' lang='lat'><strong>1076</strong></span> 
     </span>
    </p>
   </div>
   <div class='ocr_carea' id='block_1_114' title="bbox 2171 5843 3832 5916">
    <p class='ocr_par' dir='ltr' id='par_1_114' title="bbox 2171 5843 3832 5916">
     <span class='ocr_line' id='line_1_116' title="bbox 2171 5843 3832 5916; baseline -0.001 -14"><span class='ocrx_word' id='word_1_820' title='bbox 2171 5847 2278 5903; x_wconf 89' lang='lat' dir='ltr'><strong>hoc</strong></span> <span class='ocrx_word' id='word_1_821' title='bbox 2306 5843 3101 5916; x_wconf 59' lang='lat' dir='ltr'><strong>&#39;conc&#39;ilium&#39;congregatum</strong></span> <span class='ocrx_word' id='word_1_822' title='bbox 3154 5861 3282 5903; x_wconf 85' lang='lat' dir='ltr'><strong>esse</strong></span> <span class='ocrx_word' id='word_1_823' title='bbox 3333 5845 3544 5916; x_wconf 88' lang='lat' dir='ltr'><strong>docent</strong></span> <span class='ocrx_word' id='word_1_824' title='bbox 3590 5843 3832 5916; x_wconf 56' lang='lat' dir='ltr'><strong>litterae</strong></span> 
     </span>
    </p>
   </div>
   <div class='ocr_carea' id='block_1_115' title="bbox 2172 5914 3828 5990">
    <p class='ocr_par' dir='ltr' id='par_1_115' title="bbox 2172 5914 3828 5990">
     <span class='ocr_line' id='line_1_117' title="bbox 2172 5914 3828 5990; baseline -0.002 -16"><span class='ocrx_word' id='word_1_825' title='bbox 2172 5918 2435 5989; x_wconf 82' lang='lat' dir='ltr'><strong>Gregorii</strong></span> <span class='ocrx_word' id='word_1_826' title='bbox 2466 5916 2537 5974; x_wconf 91' lang='lat' dir='ltr'><strong>ad</strong></span> <span class='ocrx_word' id='word_1_827' title='bbox 2567 5914 2876 5990; x_wconf 84' lang='lat' dir='ltr'><strong>episcopos</strong></span> <span class='ocrx_word' id='word_1_828' title='bbox 2903 5914 3123 5988; x_wconf 70' lang='lat' dir='ltr'><strong>Galliae,</strong></span> <span class='ocrx_word' id='word_1_829' title='bbox 3158 5930 3303 5988; x_wconf 89' lang='lat' dir='ltr'><strong>quas</strong></span> <span class='ocrx_word' id='word_1_830' title='bbox 3345 5916 3477 5974; x_wconf 86' lang='lat' dir='ltr'><strong>vide</strong></span> <span class='ocrx_word' id='word_1_831' title='bbox 3521 5914 3699 5973; x_wconf 88' lang='lat' dir='ltr'><strong>infra.</strong></span> <span class='ocrx_word' id='word_1_832' title='bbox 3758 5916 3828 5972; x_wconf 81' lang='grc' dir='ltr'>Κ.</span> 
     </span>
    </p>
   </div>
  </div>
