3922 6474
272 513 390 579 288

1236 522 1604 588 HUGONIS
1645 522 1992 586 ABBATIS
2035 522 2714 588 FLAVINIACENSIS

3581 529 3748 591 284

271 668 469 713 rerum
503 653 830 728 consilium,
861 660 925 714 ut
947 655 1261 715 anxietatis
1281 672 1421 729 suae,
1445 657 1614 731 cujus
1643 662 1769 716 erat
1802 656 1915 716 hoc
1944 657 1999 719 A
2030 671 2118 714 ma
2134 658 2391 717 omnium
2408 658 2770 717 exultatione
2792 664 2850 717 et
2875 659 3152 734 tripudio,
3171 660 3417 720 domnus
3441 660 3745 721 Gebuli-

274 746 581 817 providere
622 750 679 803 et
712 747 1044 818 disponere,
1077 747 1310 819 aliquod
1344 750 1399 804 in
1433 754 1666 807 rectore
1696 747 1916 807 substi.

272 836 508 905 tuendo,
535 836 632 908 qui
658 852 793 893 vere
820 842 1014 893 rector
1036 838 1405 896 dicereturet
1428 846 1606 909 esset,
1625 840 1915 900 inveniret

274 924 566 981 solatium.
594 927 731 982 Cum
757 932 1110 997 perorasset,
1136 932 1192 983 et
1217 943 1246 983 a
1275 928 1471 998 legato
1495 944 1599 1001 spe
1629 930 1913 1001 promissa

274 1013 501 1070 consilii
525 1019 581 1070 et
614 1014 812 1070 auxilii
833 1016 1034 1085 jussus
1063 1021 1225 1072 esset
1254 1017 1503 1087 edicere,
1538 1032 1706 1089 quem
1724 1019 1912 1075 cidem

274 1102 465 1158 efﬁcio
498 1103 733 1172 dignum
776 1103 848 1159 de
882 1105 1469 1175 circumsedentibus,
1517 1107 1648 1177 quia
1682 1107 1737 1162 in
1785 1107 1914 1179 ipsa

276 1192 542 1248 aacclesia
576 1207 686 1249 non
729 1193 1154 1264 inveniebatur,
1196 1194 1375 1250 vellet
1423 1195 1759 1266 praeﬁcere:
1814 1195 1913 1253 ille

274 1280 530 1351 priorem
569 1284 729 1338 Casw
771 1282 869 1339 Dei
920 1297 1087 1338 manu
1149 1283 1478 1354 designans,
1534 1289 1595 1340 et
1638 1285 1810 1342 simul
1855 1284 1911 1341 in

274 1370 473 1426 verbis
512 1371 919 1441 procumbens,
965 1376 1024 1427 et
1060 1386 1246 1441 genua
1290 1373 1564 1429 ﬂectens:
1603 1373 1775 1444 Date,
1810 1373 1910 1444 ait,

273 1458 428 1515 miki
445 1459 602 1517 [tunc
612 1460 838 1530 piscem
859 1460 1111 1531 defonte
1130 1460 1260 1517 Dei.
1288 1462 1355 1516 Et
1376 1467 1439 1517 ut
1465 1461 1692 1518 facilius
1717 1467 1916 1532 postu-

278 1546 394 1604 lata
425 1548 738 1619 acciperet,
767 1551 1061 1617 llugencm
1086 1550 1286 1605 ducem
1307 1550 1419 1605 sibi
1439 1550 1685 1606 sociavit
1712 1551 1764 1605 in
1787 1565 1917 1622 pre-

276 1636 464 1707 cibus,
499 1641 562 1693 ut
592 1637 718 1707 ejus
752 1643 1079 1693 mereretur
1128 1639 1358 1695 bonitas
1394 1640 1543 1709 quod
1596 1654 1659 1695 se
1708 1655 1811 1711 per
1852 1654 1915 1696 se

281 1740 449 1794 posse
481 1725 803 1782 difﬁdebat.
833 1725 997 1782 Oculi
1019 1740 1159 1796 ergo
1189 1728 1443 1783 omnium
1476 1728 1529 1782 in
1554 1742 1684 1784 eum
1709 1729 1805 1799 qui
1830 1744 1919 1786 ro-

277 1815 528 1882 gabatur
574 1814 928 1883 diriguntur.
979 1814 1089 1869 Sed
1129 1815 1261 1884 quia
1321 1816 1600 1887 praefatus
1645 1817 1917 1874 Romanze

280 1902 436 1958 sedis
470 1901 698 1971 legatus
744 1906 1007 1972 noverat,
1040 1903 1227 1959 virum
1268 1903 1422 1960 acris
1452 1918 1585 1960 esse
1620 1904 1830 1974 ingenii
1859 1912 1916 1962 et

2024 762 2131 804 nus
2153 749 2209 804 in
2235 748 2672 818 Lugdunensem
2696 750 3197 823 archiepiscopum
3217 752 3289 807 ab
3316 751 3443 824 ipso
3467 753 3741 809 Roma-

2024 853 2110 895 nas
2127 839 2284 895 sedis
2300 838 2575 908 legato,et
2596 840 2874 910 praefatus
2887 839 3181 897 electusin
3197 841 3465 898 abbatem
3480 843 3565 898 Di
3578 842 3647 898 vi
3660 858 3738 899 o-

2023 942 2259 983 nenscm
2276 943 2302 982 a
2322 928 2605 999 praedicto
2620 927 3007 997 Linguonensi
3025 929 3320 1001 episcopo.
3340 930 3527 987 Multa
3548 935 3734 989 tunc

2025 1015 2188 1071 utilia
2207 1020 2264 1071 et
2290 1020 2509 1072 sanctae
2530 1015 2628 1070 Dei
2652 1015 2921 1073 ecclesia:
2938 1017 3190 1088 proﬁcua
3221 1016 3278 1071 in
3295 1016 3393 1073 illo
3415 1020 3727 1075 tractata

2021 1108 2081 1160 et
2110 1104 2344 1160 deﬁnita
2367 1109 2503 1160 sunt
2533 1103 2802 1160 concilio.
2830 1105 2954 1172 Quo
2978 1104 3190 1175 soluto,
3220 1105 3291 1161 ad
3316 1120 3419 1163 sua
3446 1107 3724 1178 quique

2023 1192 2288 1248 redeunt.
2323 1194 2659 1262 Lugdunum
2685 1192 2898 1264 praesul
2928 1194 3130 1265 adivit,
3156 1195 3721 1268 archiepiscopum

2024 1280 2471 1337 beatiﬁcandum
2495 1281 2551 1336 in
2580 1280 2763 1349 gloria
2804 1281 3027 1338 caelesti
3050 1283 3278 1339 civibus
3301 1285 3713 1354 expectanti-

2026 1371 2135 1426 bus
2156 1375 2214 1425 et
2240 1368 2713 1426 desiderantibus
2737 1370 3079 1440 assignavit,
3111 1386 3280 1442 quem
3308 1386 3437 1429 cum
3460 1373 3719 1443 gaudio

2026 1459 2209 1516 totius
2233 1460 2394 1515 urbis
2417 1460 2469 1513 in
2495 1459 2633 1514 sede
2659 1461 3153 1530 praedecessorum
3178 1461 3304 1532 ejus
3326 1464 3588 1534 Hyrenei
3609 1469 3715 1519 at-

2026 1564 2141 1619 quo
2168 1548 2349 1604 Fetini
2378 1552 2511 1603 ante
2545 1553 2804 1618 tempera
2824 1549 3108 1605 secularia
3128 1549 3489 1621 preelectum
3519 1551 3709 1609 loca-

2028 1639 2134 1696 vit.
2168 1641 2283 1694 Nec
2318 1637 2588 1693 fuitvana
2614 1636 2811 1706 pepuli
2836 1637 3141 1708 exultatio,
3168 1653 3296 1709 qua
3320 1639 3373 1694 in
3394 1638 3528 1696 dies
3546 1656 3709 1710 aug-

2030 1733 2343 1799 mentatur,
2369 1733 2426 1785 et
2460 1729 2570 1783 ﬁne
2599 1727 2848 1797 carebit,
2876 1727 3006 1798 quia
3026 1732 3227 1798 pastor
3248 1743 3447 1783 eorum
3476 1729 3708 1799 benig-

2028 1828 2159 1887 nus,
2186 1818 2241 1873 in
2267 1834 2398 1874 arce
2416 1820 2532 1890 poli
2554 1816 2959 1886 sacerdosjam
2978 1816 3344 1873 beatiﬁcatus
3368 1817 3520 1888 (144)
3545 1817 3702 1874 dum

2029 1906 2174 1962 vixit
2210 1907 2290 1963 illi
2324 1906 2554 1964 adhesit
2579 1908 2675 1979 qui
2700 1911 2787 1963 est
2813 1919 3026 1961 corona
3051 1908 3387 1960 sanctorum
3419 1912 3481 1961 et
3512 1906 3705 1963 exul-

278 1992 472 2061 animi,
490 1997 547 2047 et
573 1990 1014 2048 dissolutionem
1039 1997 1283 2049 noverat
1304 1993 1698 2051 habitatorum
1725 1995 1837 2052 loci
1858 2000 1916 2051 et
1945 2015 2000 2077 Β
2032 1996 2197 2068 tatio,
2226 1997 2321 2066 qui
2345 1996 2470 2053 loco
2496 2012 2607 2053 non
2626 2000 2881 2065 tenetur,
2908 1998 2964 2049 et
2995 1993 3241 2049 termino
3265 2008 3375 2050 non
3401 2000 3700 2064 augusta-

280 2080 724 2137 instabilitatem
746 2084 944 2149 terrae,
978 2096 1224 2153 parcens
1243 2082 1317 2151 ei,
1344 2096 1689 2153 quamquam
1715 2089 1917 2140 nosset

280 2168 612 2239 utillimum,
631 2184 686 2225 in
710 2170 1224 2226 conccdendeerat
1250 2170 1522 2227 difﬁcilis.
1540 2172 1921 2243 Temptabant

276 2258 451 2314 etiam
484 2259 582 2329 qui
612 2275 741 2315 cum
791 2260 984 2331 priore
1014 2274 1044 2315 a
1096 2260 1236 2316 Casa
1270 2260 1368 2315 Dei
1400 2265 1700 2330 venerant,
1736 2262 1922 2319 modis

279 2347 489 2417 quibus
513 2352 783 2418 poterant
806 2348 1076 2405 electioni
1102 2349 1509 2406 contradicere
1528 2368 1542 2416 ;
1559 2350 1660 2406 sed
1679 2352 1808 2421 quia
1824 2367 1921 2408 vo-

279 2433 473 2493 luntas
513 2437 619 2493 fuit
662 2438 904 2508 Domini,
942 2439 999 2492 in
1039 2438 1207 2507 cujus
1256 2454 1424 2495 manu
1457 2440 1633 2495 corda
1665 2447 1801 2496 sunt
1832 2457 1923 2496 re-

276 2539 431 2595 gum,
469 2528 531 2582 ut
565 2525 766 2596 petitis
797 2530 1158 2583 annucretur
1190 2528 1515 2584 auctoritas
1546 2532 1604 2584 ct
1627 2526 1766 2585 'laus
1789 2545 1918 2601 pre-

280 2614 821 2684 mulgavitcencih‘i.
849 2615 968 2672 Illis
986 2631 1127 2684 ergo
1152 2616 1669 2687 tumultuantibus,
1688 2619 1919 2688 vimque

278 2717 393 2772 quo
426 2702 558 2759 nisu
582 2708 853 2774 poterant
872 2704 1087 2760 inferre
1108 2706 1468 2775 parantibus,
1494 2707 1585 2763 hic
1609 2706 1920 2783 dum_clan-

279 2792 412 2850 cule
460 2795 649 2862 fugam
701 2797 957 2865 pararet,
1003 2794 1237 2864 jamque
1277 2795 1633 2864 elaberetur,
1668 2796 1919 2868 capitur,

279 2886 535 2952 tenetur,
557 2886 615 2937 et
640 2884 784 2938 ﬂens
809 2883 1170 2953 multumque
1194 2883 1414 2953 dolens,
1432 2884 1556 2940 suis
1580 2886 1756 2940 etiam
1784 2885 1924 2941 resi-

279 2970 578 3026 stentibus
594 2974 651 3026 et
691 2970 1252 3041 contradicentibus,
1279 2973 1332 3028 in
1363 2972 1924 3039 conciliumjreduci-

279 3064 395 3129 tur,
413 3064 469 3114 et
486 3059 764 3130 episcopo
779 3059 1166 3129 Linguenensi
1182 3060 1351 3117 laude
1367 3061 1921 3118 circumsedentium

280 3163 385 3217 per
399 3162 628 3203 manum
645 3146 939 3204 redditur:
958 3164 987 3204 a
1003 3163 1116 3218 quo
1130 3149 1924 3221 solliciteﬁcustediendus,re-

280 3242 438 3294 meto
462 3252 702 3294 suorum
735 3237 1124 3309 amminiculo,
1155 3238 1315 3294 solus
1339 3238 1547 3295 deduci
1581 3242 1668 3294 est
1697 3240 1916 3309 jussus.

281 3327 537 3397 Cumque
571 3330 907 3383 moneretur
937 3341 965 3381 a
1002 3326 1354 3397 praesidente
1383 3328 1716 3399 episcopus,
1754 3332 1817 3384 ut
1848 3329 1918 3385 de

278 3416 579 3472 concessis
593 3417 707 3472 Deo
719 3415 941 3486 gratias
956 3416 1443 3485 agoret,etvirum
1458 3417 1919 3486 honeredignum

279 3504 391 3559 sibi
411 3505 784 3561 commissum
805 3504 1129 3573 adjuvaret,
1146 3509 1201 3560 et
1228 3505 1282 3559 in
1306 3505 1650 3561 omnibusut
1676 3506 1924 3562 decebat

283 3591 522 3649 honeste
563 3595 868 3660 tractaret,
912 3592 1433 3663 praedecessorum,
1462 3592 1747 3648 Brunonis
1770 3592 1926 3648 scili-

281 3684 372 3735 cet
412 3678 671 3749 episcopi
716 3677 988 3733 Willelmi
1030 3679 1282 3749 abbatis,
1327 3694 1571 3749 quorum
1616 3680 1927 3738 laudabilis

283 3767 905 3837 praedicatursemetas
924 3772 978 3821 et
1005 3767 1274 3823 caritatis
1298 3768 1669 3838 unanimitas,
1688 3770 1928 3826 mentie-

280 3869 407 3911 nem
432 3855 651 3912 faciens
675 3874 687 3910 :
709 3856 804 3924 Si,
824 3855 1031 3925 inquit,
1047 3856 1230 3912 istum
1248 3870 1363 3911 non
1383 3857 1689 3928 adfecere,
1710 3873 1827 3915 non
1841 3862 1931 3917 di-

283 3943 496 4015 lacera,
520 3957 637 3999 non
658 3957 727 4000 ea
748 3944 1084 3999 tractavero
1104 3944 1361 4000 caritate
1382 3946 1441 4001 et
1457 3946 1786 4016 dulcedine,
1805 3962 1929 4019 qua

278 4033 482 4088 Brimo
508 4032 885 4101 Willelmum,
901 4032 1249 4102 depersoner
1264 4032 1338 4089 ab
1351 4033 1713 4091 Iconeremeo.
1731 4036 1922 4093 Divio-

280 4134 490 4177 ncnses
505 4124 697 4176 autem
715 4121 928 4176 fratres
941 4120 1191 4176 concilio
1206 4122 1389 4192 primo
1402 4123 1495 4178 die
1509 4123 1917 4197 interfuerant,

278 4214 334 4265 et
369 4210 500 4280 quia
544 4224 647 4281 per
687 4224 751 4265 se
801 4210 1139 4280 nequibant,
1174 4211 1463 4268 electione
1508 4214 1801 4284 pontiﬁcis
1830 4216 1919 4272 sui

280 4298 554 4354 ordinare
586 4298 915 4355 aacclcsiam
947 4305 1378 4356 concesserant.
1416 4303 1588 4358 Sexta
1621 4307 1747 4360 erat
1779 4304 1919 4361 feria

280 4400 387 4456 qua
422 4387 544 4442 haec
569 4387 717 4442 facta
742 4390 907 4451 sunt;
934 4393 991 4443 et
1012 4388 1142 4458 quia
1168 4387 1381 4445 electio
1417 4391 1682 4462 fratrum,
1708 4393 1922 4462 quibus

280 4490 532 4545 przeesse
565 4476 835 4545 debebat,
864 4481 924 4532 ut
955 4475 1170 4532 assolet
1205 4478 1634 4548 requirebatur,
1673 4481 1779 4537 hec
1812 4481 1921 4537 fuit

279 4563 551 4620 (lifllnitie
566 4563 820 4634 concilii,
839 4568 901 4620 ut
917 4564 965 4621 si
988 4565 1079 4621 die
1094 4566 1392 4622 Dominice
1416 4568 1629 4623 fratres
1643 4569 1919 4625 electioni

278 4653 712 4709 consentientes
743 4653 1138 4724 advenissent,
1164 4653 1391 4711 electus
1430 4656 1877 4714 benediceretur
1905 4678 1916 4713 :

2030 2088 2146 2153 tur,
2182 2100 2287 2141 nec
2328 2086 2437 2141 ﬁne
2483 2084 2872 2142 concluditur.
2920 2085 2964 2138 A
3002 2097 3114 2152 quo
3147 2082 3398 2139 donatus
3429 2082 3696 2153 praemio

2030 2172 2489 2229 immortalitatis
2514 2174 2719 2239 beatae,
2738 2172 2965 2227 civibus
2989 2173 3045 2225 et
3070 2170 3340 2226 omnibus
3365 2171 3433 2226 ad
3450 2185 3515 2227 se
3538 2186 3694 2227 con-

2032 2261 2389 2330 fugientibus
2424 2262 2845 2334 patrocinatur.
2883 2259 3060 2329 Cujus
3100 2259 3231 2329 quia
3276 2258 3391 2328 jam
3442 2260 3499 2314 in
3536 2274 3692 2330 pace

2032 2350 2221 2407 factus
2249 2356 2339 2407 est
2368 2352 2552 2421 locus,
2587 2356 2646 2406 et
2681 2352 2731 2405 in
2765 2352 2913 2420 Syen
2957 2348 3176 2405 czelcsti
3211 2348 3496 2405 habitatio
3528 2347 3687 2417 ejus,

2029 2454 2263 2495 oremus
2294 2455 2444 2509 eum,
2483 2443 2541 2496 ut
2583 2444 2643 2495 et
2674 2454 2797 2508 nos,
2836 2437 2932 2508 qui
2981 2437 3248 2492 felicibus
3283 2436 3411 2506 ejus
3441 2437 3685 2507 gaudiis

2030 2541 2144 2581 non
2178 2527 2522 2597 mvidemus,
2553 2527 2663 2599 piis
2688 2527 2810 2582 suis
2834 2526 3109 2597 precibus
3129 2524 3200 2581 ad
3222 2540 3285 2580 se
3306 2525 3521 2594 trahat,
3544 2540 3686 2581 cur-

2029 2630 2157 2671 sum
2198 2620 2464 2672 nestrum
2500 2616 2555 2671 in
2603 2617 2751 2671 bene
2783 2614 2991 2669 deduci
3024 2619 3081 2669 et
3112 2613 3336 2684 expleri
3368 2613 3629 2685 optineat
3661 2631 3676 2667 :

2035 2720 2187 2769 cum,
2219 2704 2316 2774 qui
2360 2719 2490 2760 cum
2542 2705 2668 2773 ipso
2709 2719 2825 2759 uno
2873 2703 2925 2757 in
2975 2702 3107 2758 l'oce
3158 2701 3417 2769 zelectus,
3457 2716 3569 2757 uno
3616 2706 3681 2757 et

2036 2792 2129 2848 die
2160 2797 2249 2848 est
2280 2796 2665 2848 consecratus
2700 2791 2918 2847 utinam
2952 2795 3069 2845 tam
3113 2794 3275 2845 sorte
3310 2790 3510 2845 beata!
3547 2804 3679 2861 pre-

2033 2882 2204 2937 cibus
2228 2881 2537 2937 indefessis
2564 2884 2857 2953 protegat,
2882 2885 2942 2935 ct
2964 2878 3283 2935 dilectores
3307 2893 3444 2935 suos
3480 2883 3536 2934 et
3577 2892 3678 2935 ve-

2034 2973 2337 3026 neratercs
2359 2984 2553 3026 secum
2578 2970 2633 3025 in
2659 2969 2862 3025 celesti
2886 2968 3070 3037 gloria
3101 2983 3207 3023 nos
3236 2966 3447 3023 ascribi
3477 2966 3670 3022 faciat.

2106 3059 2436 3129 Stephanus
2484 3061 2677 3114 autem
2722 3056 3026 3113 Podiensis
3055 3056 3290 3112 invaser
3317 3070 3444 3112 eum
3477 3055 3671 3111 Diensi

2033 3147 2311 3219 episcopo
2334 3148 2603 3203 Romanae
2621 3147 2780 3202 sedis
2795 3145 2987 3214 legate
3002 3145 3224 3214 Hugeni
3249 3144 3461 3201 multas
3481 3158 3675 3216 paras-

2035 3240 2126 3292 set
2159 3236 2424 3306 insidias,
2461 3235 2778 3291 novissime
2808 3239 3041 3291 euntem
3085 3249 3213 3289 cum
3256 3233 3327 3289 ad
3365 3232 3668 3290 concilium

2034 3325 2184 3396 apud
2239 3323 2468 3381 Clarum
2518 3326 2791 3393 Montem,
2823 3338 2951 3379 cum
2994 3322 3289 3378 canonicis
3327 3326 3459 3377 ante
3490 3319 3669 3377 altare

2034 3417 2253 3469 sanctae
2282 3414 2472 3469 Mariae
2504 3412 2796 3480 convenit,
2831 3416 2887 3467 et
2924 3426 2986 3467 se
3028 3410 3263 3482 placitis
3301 3410 3425 3480 ejus
3456 3408 3523 3464 de
3550 3410 3667 3480 epi-

2034 3505 2277 3573 scopatu
2309 3504 2867 3573 obtemperaturum,
2891 3500 2937 3555 si
2965 3499 3019 3554 in
3049 3498 3299 3555 concilio
3324 3499 3446 3554 fons
3477 3511 3661 3554 causae

2034 3592 2161 3660 ejus
2196 3590 2666 3661 prolongaretur,
2702 3588 2989 3660 promisit.
3009 3586 3217 3643 Clerici
3251 3600 3476 3656 quoque
3498 3585 3661 3641 idem-

2032 3681 2215 3735 tidem
2256 3679 2675 3751 promiserunt,
2710 3678 2755 3735 si
2806 3677 3106 3750 promissis
3139 3676 3305 3732 ﬁdem
3357 3675 3658 3747 episcopus

2037 3782 2272 3825 servare
2305 3767 2506 3836 nollet,
2539 3782 2599 3824 se
2630 3782 2761 3823 eum
2795 3767 3155 3835 deserturos,
3181 3770 3238 3821 et
3261 3765 3523 3820 Romanae
3544 3763 3656 3820 sedi

2036 3857 2405 3926 obeditures,
2440 3857 2622 3925 Igitur
2653 3861 2789 3926 post
2820 3854 3213 3925 expletienem
3243 3851 3473 3909 concilii
3496 3851 3657 3908 Clari-

2038 3946 2375 4016 mentcnsis,
2414 3950 2654 4016 propter
2686 3944 3016 4015 pactionem
3051 3958 3220 4013 quam
3253 3943 3374 4014 ipse
3398 3939 3655 4013 promise

2039 4038 2125 4090 rat
2151 4034 2297 4089 infra
2326 4033 2450 4089 dies
2473 4038 2539 4089 l5
2579 4033 2793 4103 quibus
2815 4047 2843 4088 a
2888 4033 3131 4104 praefato
3175 4031 3366 4087 Diensi
3396 4029 3651 4101 episcopo

2033 4127 2371 4179 moneretur
2385 4124 2457 4179 ab
2476 4122 2749 4193 episcepa
2764 4127 2821 4177 tu
2837 4126 3230 4185 cessaturum,
3248 4124 3380 4175 ante
3394 4116 3652 4189 expletie-

2030 4227 2157 4269 nem
2182 4212 2405 4268 dierum
2430 4215 2809 4281 statutorum,
2836 4226 2967 4266 cum
2986 4209 3102 4281 jam
3128 4208 3462 4278 Lugdunum
3485 4205 3651 4263 venis-

2031 4308 2145 4371 set,
2179 4301 2249 4358 ad
2280 4300 2521 4356 Pedium
2556 4300 2751 4369 rediit,
2781 4299 2982 4371 paucis
3014 4312 3211 4354 secum
3242 4295 3543 4353 comitibus
3570 4310 3649 4351 as-

2032 4383 2304 4461 sumptis,
2340 4389 2566 4444 donnus
2587 4390 2772 4457 Hugo,
2801 4387 2934 4458 quia
2969 4401 3169 4442 omnes
3200 4384 3555 4458 tyrannidem
3576 4383 3647 4438 in-

2016 4478 2259 4535 vaseris
2288 4477 2447 4533 illius
2469 4478 2799 4546 suspectam
2821 4475 3136 4543 habebant,
3161 4478 3221 4530 et
3246 4473 3300 4528 in
3332 4470 3646 4529 celebratio-

2031 4582 2103 4623 ne
2128 4567 2317 4623 missae
2342 4570 2467 4636 post
2494 4564 2806 4620 recitatum
2829 4562 3195 4632 evangelium
3218 4559 3646 4632 intrepiduscle-

2035 4672 2159 4713 rum
2193 4660 2253 4711 et
2305 4654 2598 4726 populum,
2635 4652 2769 4722 quia
2809 4656 2937 4707 (rat
2975 4652 3190 4708 absens
3228 4650 3554 4721 Stephanus,
3583 4648 3644 4703 de

279 4739 325 4794 si
352 4755 464 4795 non
479 4740 692 4796 electio
715 4745 1047 4797 cassaretur
1060 4722 1212 4797 et'ad
1227 4758 1327 4798 sua
1348 4744 1577 4812 regredi
1602 4745 1918 4803 sineretur.
1954 4722 2004 4781 D
2038 4722 2452 4816 pactionevcum
2475 4757 2543 4797 eo
2569 4742 2716 4798 facta
2742 4740 3036 4810 convenit,
3057 4742 3115 4795 et
3140 4754 3208 4795 ne
3230 4739 3283 4795 ei
3303 4739 3357 4793 in
3381 4742 3643 4809 posterum

278 4829 363 4884 Ob
396 4828 452 4884 id
475 4830 546 4885 ab
570 4829 849 4899 episcopo
871 4836 928 4884 et
956 4829 1103 4886 duce
1128 4831 1341 4887 nuncie
1366 4834 1606 4904 praepeti
1632 4849 1807 4891 cursu
1832 4836 1922 4890 Di-

276 4916 431 4973 vieni
464 4918 711 4987 directe,
747 4917 839 4972 die
872 4921 930 4971 et
962 4917 1099 4972 hora
1134 4920 1465 4989 praestituta
1508 4922 1723 4979 fratres
1751 4924 1923 4980 adve-

278 5004 466 5075 niunt,
489 5004 833 5062 electionem
860 5005 1068 5060 factam
1101 5006 1324 5077 scripto
1356 5008 1657 5080 roborant,
1690 5014 1749 5066 et
1787 5013 1921 5068 obe-

278 5092 512 5149 dientiae
559 5094 688 5164 ejus
732 5092 904 5149 subdi
955 5106 1069 5148 non
1114 5094 1513 5152 reformidant.
1559 5099 1816 5155 Laudant
1863 5100 1920 5155 in

272 5180 459 5248 jubile
515 5182 711 5239 cordis
753 5185 812 5237 et
857 5180 977 5236 eris
1018 5182 1316 5238 Dominum
1366 5189 1424 5238 et
1479 5186 1920 5255 magniﬁcantes

277 5281 407 5322 eum
437 5266 598 5307 3‘5-3‘7
624 5270 677 5324 in
702 5284 877 5325 unum
892 5268 1153 5324 exaltant
1178 5284 1383 5325 nomen
1402 5271 1528 5340 ejus
1552 5273 1605 5329 in
1628 5273 1681 5329 id
1708 5274 1918 5345 ipsum.

278 5355 420 5424 (Fel.
453 5354 583 5425 99’.)
618 5359 738 5413 Uno
784 5357 965 5428 igitur
1006 5358 1121 5427 die,
1155 5357 1212 5413 id
1262 5364 1349 5414 est
1383 5358 1478 5416 die
1525 5362 1822 5419 Deminice
1858 5367 1923 5420 15

279 5441 567 5499 Kalendas
597 5444 800 5501 Octob.
836 5447 1170 5504 consecrati
1195 5454 1333 5505 sunt
1355 5448 1509 5520 apud
1532 5451 1749 5507 Eduam
1774 5466 1925 5509 sum-

2033 4832 2340 4890 obedirent
2388 4829 2715 4901 apostolica
2768 4829 3122 4886 auctoritate
3172 4826 3482 4899 prohibuit,
3528 4826 3640 4881 data

2031 4921 2090 4976 in
2120 4935 2251 4977 eum
2302 4919 2399 4990 qui
2450 4933 2512 4974 se
2563 4918 2999 4985 absentaverat,
3056 4913 3643 4972 excommunicationis

2032 5008 2342 5077 sententia,
2378 5008 2427 5063 si
2460 5005 2711 5063 ulterius
2740 5004 3006 5061 ecclesiae
3050 5004 3329 5061 incubare
3368 5017 3642 5074 praesume-

2032 5101 2140 5153 ret.
2177 5096 2357 5162 Quam
2390 5096 2518 5166 ejus
2557 5093 3218 5150 excemmunicatienem
3253 5091 3492 5147 domnus
3518 5105 3641 5163 papa

2031 5184 2417 5255 conﬁrmavit,
2453 5182 2720 5239 scribens
2766 5182 3063 5254 epiSCOpis
3104 5179 3419 5237 Galliarum
3451 5180 3500 5235 in
3535 5180 3639 5239 haec

2032 5273 2210 5331 verba
2238 5292 2250 5327 :
2585 5341 2588 5344 ,

2110 5384 2137 5412 (ι
2159 5360 2474 5431 Gregorius
2494 5357 2822 5431 episcopus,
2850 5371 3059 5415 servus
3079 5371 3384 5415 servorum
3408 5357 3517 5428 Dei,
3537 5358 3642 5414 uni-

2034 5450 2221 5507 versis
2244 5448 2557 5505 Galliarum
2579 5446 2871 5520 episcepis
2893 5450 2951 5503 et
2975 5446 3208 5504 cunctis
3232 5444 3529 5502 ordinibus
3549 5447 3642 5505 sub

1644 5592 1879 5648 νιΑΜ]
1918 5590 2300 5648 LECTIONES

347 5651 509 5694 ³⁴⁸ο³⁴⁷
538 5667 667 5710 cum
697 5668 747 5709 c.

1867 5760 2088 5818 NOTE.

297 5908 303 5914 .
351 5821 477 5887 144)
510 5821 667 5878 Obiit
707 5836 758 5879 a.
793 5819 949 5879 1082.
