3922 6398
539 420 654 484 287

1501 429 1870 493 HUGONIS
1917 429 2079 491 ABB
2103 427 2266 490 \TIS
2307 425 2990 490 FLAVINIACENSIS
3798 431 3860 496 288

540 559 672 618 nice
703 555 948 634 electus,
993 577 1104 622 non
1158 563 1344 639 potuit
1385 565 1654 640 optinere
1702 581 1733 624 a
1784 581 1920 640 rege
1971 566 2266 632 donumA
2297 560 2498 633 positi,
2565 567 2664 620 aut
2709 561 2887 618 etiam
2959 558 3277 634 dampnati,
3355 558 3607 620 libenter
3692 579 3860 624 currunt

539 650 934 724 episcopatus,
981 669 1162 726 usque
1211 654 1347 712 dum
1395 671 1577 728 nepos
1626 657 1798 729 hujus
1847 658 2034 730 ipsius
2077 673 2183 732 per

539 754 803 797 nummos
836 743 1134 814 praefatam
1165 744 1462 801 decaniam
1487 746 1661 802 fuerit
1689 746 1953 818 adeptus.
1981 749 2058 804 De
2093 749 2184 819 Sy-

537 829 724 884 monia
755 831 933 887 etiam
967 831 1140 888 aliter
1171 839 1480 892 accusatus
1503 839 1613 906 est,
1634 836 1765 906 quia
1790 835 2016 892 cuidam
2042 835 2186 893 mili-

539 916 580 971 ti
614 917 816 974 silvam
845 921 1203 992 promiserit,
1239 923 1284 979 si
1312 937 1416 995 pro
1445 924 1791 996 episcopatu
1814 941 1944 982 eum
1999 925 2183 996 juvis-

537 1009 644 1062 set.
682 1001 847 1074 Quod
887 1025 1016 1066 cum
1051 1016 1256 1082 postea
1292 1011 1455 1068 miles
1483 1013 1592 1084 ipsi
1617 1013 2028 1085 improbasset,
2071 1017 2182 1071 An-

535 1093 882 1166 degavensis
904 1099 1222 1172 episcopus
1256 1101 1440 1173 aﬂ‘uit,
1491 1103 1586 1173 qui
1638 1104 1804 1160 nobis
1849 1119 1920 1159 ex
1975 1103 2178 1161 eodem

534 1183 691 1240 clara
726 1199 866 1242 voce
891 1187 1291 1245 testimonium
1323 1191 1633 1262 perhibuit.
1670 1193 1923 1262 Longum
1945 1197 2058 1263 est,
2083 1207 2181 1264 pa-

539 1276 647 1343 ter,
681 1288 1024 1332 enumerare
1055 1279 1258 1334 turbas
1286 1283 1345 1334 et
1375 1279 1704 1352 conﬂictus,
1731 1295 1876 1350 quos
1905 1286 1963 1337 et
2005 1297 2182 1352 quan-

537 1366 644 1430 tas,
675 1365 964 1434 quomodo
988 1368 1043 1420 et
1068 1367 1162 1421 ubi
1188 1367 1279 1423 hic
1299 1369 1648 1424 Turonensis
1681 1369 1848 1425 nobis
1881 1369 2178 1426 intulerit:

537 1450 851 1522 aliquando
886 1469 988 1524 pro
1025 1455 1366 1512 liodouense
1419 1471 1726 1527 numquam
1781 1457 2179 1514 ratiocinando

537 1541 636 1596 sed
663 1557 892 1613 semper
911 1544 1243 1613 garriendo,
1268 1545 1580 1614 aliquando
1605 1547 1796 1618 profse
1820 1547 2182 1603 inclamitan-

539 1629 634 1700 do,
667 1647 797 1688 cum
829 1632 980 1687 omni
1016 1649 1253 1689 suorum
1277 1635 1626 1704 garrulitate
1649 1640 1707 1690 et
1731 1637 2049 1706 impudenti
2082 1652 2180 1693 au-

541 1719 703 1775 dacia
733 1719 1104 1778 clericorum.
1139 1725 1276 1778 Nam
1303 1723 1436 1779 dum
1466 1724 1640 1780 etiam
1672 1725 2178 1796 archiepiscopum

543 1807 982 1877 Lugdunensem
1007 1825 1154 1882 pene
1173 1811 1541 1868 innectereut
1565 1813 1634 1868 ad
1659 1813 1968 1870 tuitionem
1992 1829 2175 1883 suam,

2292 651 2569 718 Romam;
2609 654 2666 708 et
2718 651 2815 707 ubi
2869 649 3152 707 deberent
3198 650 3420 707 sentire
3479 651 3792 724 ampliorem
3826 660 3860 713 ri

2289 753 2490 809 gorem
2535 739 2806 810 justitim,
2857 738 2989 795 inde
3041 743 3348 810 reportant
3402 740 3567 812 quasi
3619 741 3860 800 misericor

2293 827 2444 884 diam
2477 843 2582 900 pro
2611 828 2914 885 voluntate
2947 845 2962 896 ;
2995 832 3053 884 et
3089 828 3184 898 qui
3217 834 3386 886 antea
3442 844 3546 885 nec
3604 829 3656 886 in
3710 831 3860 890 levibui

2293 922 2796 989 praesumpserunt
2875 931 3139 989 peccare,
3215 918 3584 990 postmodum
3666 930 3860 978 exercent

2291 1007 2656 1079 aptissimam
2690 1006 3150 1075 negociationem
3183 1021 3313 1063 cum
3345 1007 3650 1078 tyrannide
3681 1009 3730 1065 in
3769 1027 3860 1066 com.

2291 1094 2488 1152 missis
2517 1095 2630 1152 sibi
2661 1095 2966 1152 ascclesiis.
3020 1096 3153 1165 Ora,
3204 1097 3570 1153 sanctissime
3620 1112 3768 1171 papa,
3805 1116 3860 1172 pit

2292 1199 2402 1253 me,
2438 1185 2628 1241 inutili
2656 1199 2824 1241 servo
2857 1185 3188 1242 sanctitatis
3221 1189 3453 1243 vestrae.

2364 1273 2513 1344 (Fol-
2546 1274 2690 1345 100.)
2724 1275 2940 1330 Domno
2973 1274 3250 1343 Gregorio
3283 1289 3508 1332 summo
3541 1276 3794 1348 pontiﬁci,
3814 1295 3860 1350 pa-

2287 1362 2367 1417 tri
2399 1365 2460 1418 et
2481 1361 2713 1418 domino
2745 1377 2870 1430 suo,
2897 1363 2964 1418 Μ.
3003 1364 3152 1435 (147)
3185 1364 3282 1419 Dei
3309 1364 3496 1433 gratia
3522 1365 3860 1422 Remorumar

2289 1449 2718 1522 chiepiscopus,
2752 1451 2980 1506 ﬁdelem
3018 1451 3328 1508 servitutis
3345 1455 3401 1508 et
3431 1453 3763 1510 obedientire
3782 1458 3860 1511 sui»

2285 1539 2594 1610 jectionem
2618 1543 2672 1595 et
2701 1541 2987 1596 orationis
3011 1540 3396 1598 devotionem.
3427 1543 3654 1612 Vestro,
3675 1543 3860 1599 domine,

2278 1626 2627 1684 interventu
2683 1633 2740 1684 ct
2797 1629 3206 1686 obsecratione
3265 1629 3496 1687 reddidi
3557 1631 3782 1688 dominae
3830 1633 3860 1687 11

2289 1716 2593 1774 ωενοὴὶεεθ
2613 1718 2802 1772 omnia
2838 1733 2966 1788 quae
2995 1718 3065 1774 de
3089 1733 3176 1774 me
3200 1733 3342 1776 suus
3366 1725 3700 1777 antecessor
3721 1723 3860 1778 tenuit

2289 1809 2344 1860 et
2381 1805 2449 1861 ad
2483 1805 2843 1862 defendenda
2877 1805 3077 1863 eadem
3109 1807 3416 1865 consilium
3448 1823 3634 1864 meum
3672 1813 3724 1864 et
3761 1813 3860 1865 auxi.

542 1896 619 1951 ita
651 1899 712 1952 ut
748 1913 852 1968 pro
872 1898 954 1955 eis
970 1904 1167 1956 oraret
1198 1899 1286 1956 vel
1333 1899 1774 1972 obloqueretur,
1813 1903 2035 1960 foribus
2087 1917 2180 1960 ec-
2215 1930 2265 1988 Β
2295 1891 2436 1988 "9"}
2468 1907 2535 1988 ὃς
2568 1898 2841 1988 Decepi-US.
2871 1897 3357 1988 mQOSJN‘Omi”?
3390 1897 3656 1988 ﬁlatim“
3699 1902 3747 1988 ei
3789 1915 3860 1969 im

537 1982 734 2041 clesi:e
755 1986 1015 2044 effractis
1040 1989 1359 2046 servientes
1383 2003 1582 2048 eorum
1608 1991 1918 2048 securibus
1957 1997 2177 2048 armata

539 2089 708 2130 manu
743 2073 1128 2146 introeuntes,
1163 2077 1239 2134 ita
1272 2077 1580 2134 concilium
1597 2080 2186 2148 magnotumultuex—

537 2163 944 2234 turbaverunt,
981 2165 1133 2235 quod
1168 2167 1405 2222 fratrem
1426 2169 1482 2223 Τ.
1510 2169 1565 2222 in
1591 2174 1835 2225 mortem
1861 2169 2180 2240 dedissent,

538 2251 644 2307 nisi
672 2252 946 2310 Dominus
971 2258 1032 2310 ut
1055 2260 1221 2311 scuto
1247 2256 1410 2312 bona;
1434 2257 1754 2314 voluntatis
1775 2273 1896 2314 sua3
1911 2250 2186 2316 coronas-

537 2345 630 2396 set
661 2355 812 2408 eum,
851 2343 932 2399 Ita
965 2344 1135 2399 nobis
1155 2359 1284 2400 cum
1321 2346 1616 2416 paucitate
1645 2361 1710 2402 ac
1741 2347 2028 2404 dedecore
2051 2347 2187 2404 reli-

538 2429 672 2499 ctis,
705 2429 1056 2486 Turonensis
1106 2435 1164 2486 et
1214 2432 1565 2502 suﬂ‘raganei
1600 2434 1726 2501 ejus
1754 2449 1884 2490 cum
1925 2435 2184 2506 superbo

539 2519 798 2575 tumultu
850 2518 1178 2576 inordinate
1229 2524 1286 2576 et
1329 2536 1440 2576 non
1475 2523 1754 2580 canonice
1785 2527 2179 2580 recesserunt.

540 2606 736 2662 Altera
761 2607 855 2664 die
897 2607 952 2663 in
992 2609 1257 2666 {ecclesia
1308 2611 1463 2666 beati
1506 2611 1754 2682 liylarrii
1807 2611 1951 2668 inito
1992 2614 2186 2670 conci-

539 2693 637 2764 lio,
675 2695 832 2752 nulla
882 2698 1050 2754 nobis
1103 2699 1386 2769 promissa
1425 2699 1514 2755 vel
1567 2701 1868 2772 praemissa
1922 2702 2186 2760 satisfac-

539 2781 694 2840 tione
729 2783 798 2840 de
828 2785 1058 2856 injuria,
1087 2786 1298 2842 iterum
1341 2786 1518 2844 draco
1568 2787 1665 2844 ille
1713 2789 2024 2859 insurgens
2061 2795 2186 2846 tan-

538 2871 824 2941 quamleo
865 2874 1100 2942 rugiens
1137 2889 1250 2930 non
1301 2877 1489 2946 potuit
1539 2877 1726 2932 audiri
1771 2877 2030 2946 diutius;
2081 2878 2184 2935 sed

539 2963 850 3014 exerentes
880 2960 1133 3029 gladium
1169 2962 1436 3032 spiritus,
1472 2965 1626 3032 quod
1659 2969 1746 3020 est
1781 2966 2021 3020 verbum
2059 2966 2180 3038 Dei,

538 3045 936 3115 percussimus
955 3047 1084 3118 ejus
1109 3049 1461 3120 superbiam,
1487 3055 1542 3107 et
1567 3051 1804 3108 decreto
1817 3053 2187 3124 bujus'nego-

534 3132 608 3192 cii
650 3134 879 3205 prolato
911 3138 1322 3209 suspendimus
1353 3154 1480 3196 eum
1524 3141 1696 3196 etiam
1747 3157 1776 3198 a
1836 3143 2183 3199 sacerdotali

535 3223 750 3280 oﬁlcio.
772 3226 841 3280 Et
876 3226 1009 3297 quia
1041 3227 1234 3284 sedem
1285 3229 1668 3300 apostolicam
1701 3230 2041 3302 appellavit,
2087 3233 2184 3289 ubi

535 3325 598 3366 se
634 3319 1014 3384 purgaturum
1049 3316 1229 3374 fuisse
1253 3317 1323 3373 de
1357 3319 1618 3389 Symonia
1652 3326 1924 3390 asseruit,
1956 3322 2025 3378 ad
2062 3336 2193 3393 apo-

530 3400 796 3458 stolicam
829 3403 1022 3460 sedem
1056 3421 1186 3461 eum
1223 3407 1570 3477 remisimus,
1607 3413 1666 3464 et
1713 3413 1914 3465 vestro
1971 3409 2192 3480 judici0

533 3489 938 3560 deponendum
981 3493 1386 3564 relinquimus.
1423 3497 1616 3552 Abbas
1658 3497 1967 3567 Bergensis
2005 3497 2193 3554 eccle'

534 3577 635 3633 siae
662 3576 732 3632 de
751 3577 1018 3634 Flandria
1045 3581 1224 3638 fuisse
1249 3582 2040 3655 Simoniacuscomprobatus
2073 3591 2185 3656 est,

532 3670 588 3720 et
624 3665 943 3737 depositus,
982 3669 1331 3738 Bysontinus
1371 3670 1852 3743 archiepiscopus
1898 3688 2001 3730 nec
2041 3675 2189 3732 Edu-

531 3755 654 3809 ensi
683 3769 790 3811 nec
819 3756 1150 3814 Pictavensi
1171 3758 1422 3815 concilio
1446 3774 1509 3815 se
1535 3762 1932 3832 prmsentavit,
1969 3779 2071 3820 nec
2095 3779 2188 3820 ca-

533 3843 797 3900 nonicam
831 3845 985 3902 misit
1033 3847 1490 3904 excusationem.
1546 3849 1950 3908 Bclvacenscm
1997 3853 2187 3924 pulsa-

533 3936 652 3988 tum
685 3932 755 3989 de
777 3935 1136 4004 Symoniaca,
1173 3940 1232 3992 et
1258 3937 1354 4006 qui
1391 3942 1523 4009 post
1571 3937 1870 3996 decretum
1921 3943 2186 4013 praeben-

530 4023 636 4078 das
669 4022 1016 4094 vendiderit,
1045 4025 1420 4096 judicandum
1453 4028 1618 4084 vobis
1651 4029 2020 4096 remisimus;
2075 4033 2185 4088 No-

531 4110 884 4168 viomcnsem
920 4129 1026 4184 pro
1045 4129 1216 4170 causa
1269 4131 1370 4171 sua
1414 4116 1725 4185 similiter;
1771 4118 1906 4176 item
1955 4120 2182 4176 Ambia-

529 4213 760 4256 nensem
792 4217 1187 4274 pervaserem,
1209 4221 1338 4261 cum
1361 4205 1803 4265 ordinatoribus
1827 4209 2182 4278 suis,videli-

527 4294 620 4344 cet
655 4290 1050 4363 Laudunense,
1073 4294 1494 4365 Suessonense,
1535 4296 1992 4355 Silvanectense.
2037 4298 2178 4354 Mala

529 4378 774 4448 quedam
803 4385 998 4436 nostra
1024 4382 1198 4438 etiam
1223 4382 1498 4440 intestina
1522 4384 1858 4454 reticcmus,
1888 4385 2019 4456 quia
2052 4401 2181 4458 per-

525 4482 722 4539 sonas,
749 4481 779 4524 a
803 4469 1015 4540 quibus
1037 4475 1168 4527 sunt
1197 4471 1378 4540 illata,
1407 4474 1781 4544 Dcojuvante
1806 4489 1974 4544 quam
1999 4475 2177 4532 citius

527 4557 779 4627 venturi,
809 4559 1172 4617 commodius
1192 4561 1362 4617 vobis
1383 4561 1438 4616 in
1471 4577 1611 4617 aure
1637 4561 1917 4620 dicemus.
1957 4565 2176 4621 Causas

2296 1981 2446 2051 misi,
2490 1986 2544 2037 et
2578 1982 2648 2038 de
2683 1982 2999 2053 rejiciendo
3033 1985 3095 2039 G.
3133 1989 3191 2040 et
3216 1985 3560 2060 recipiendo
3600 1986 3791 2042 comitc
3835 1989 3858 2040 l.

2297 2070 2578 2140 quidquid
2613 2071 2738 2142 ipsa
2769 2071 3078 2142 qmesierat
3115 2078 3358 2143 paratus
3391 2089 3514 2130 sum
3563 2075 3774 2144 exequi.
3820 2079 3860 2130 At

2298 2172 2422 2228 quae
2455 2159 2643 2214 omnia
2679 2159 3071 2216 conﬁrmanda
3107 2161 3312 2218 diebus
3340 2161 3524 2219 sacris
3572 2167 3860 2234 pentecoste-

2295 2263 2424 2302 cum
2454 2249 2754 2304 confratre
2784 2254 2988 2305 nostra
3023 2250 3177 2306 ﬁdeli
3214 2255 3412 2307 vestro
3441 2253 3498 2308 Τ.
3546 2251 3688 2322 (148)
3731 2252 3858 2306 νὶτὼε-

2297 2337 2458 2391 nensi
2491 2338 2768 2409 episcOpo
2799 2353 2918 2394 suae
2945 2339 3172 2394 civitati
3207 2339 3462 2409 interfui,
3497 2339 3716 2396 relictis
3753 2354 3855 2396 cause

2296 2425 2670 2482 necessitatis
2697 2442 2816 2484 suae
2849 2427 2904 2482 in
2937 2434 3310 2484 sacrosancto
3343 2434 3604 2500 tempore
3635 2429 3760 2485 meis
3798 2444 3858 2483 oa-

2296 2512 2470 2568 nibus
2504 2515 2870 2570 necessariis.
2911 2516 3018 2571 Sed
3053 2531 3161 2585 ego
3195 2516 3384 2573 ﬁdelis
3415 2522 3610 2574 vester
3629 2522 3682 2572 et
3698 2531 3783 2588 per
3798 2531 3857 2572 oe

2296 2601 2388 2655 nia
2419 2601 2685 2658 ecclesiae
2712 2603 2842 2673 jura
2873 2605 3043 2660 vobis
3061 2604 3301 2660 obedire
3327 2609 3567 2676 paratus
3584 2609 3806 2662 vestrum
3825 2605 3855 2658 de

2296 2691 2740 2762 archiepisc0po
2763 2691 3073 2748 Viennensi
3110 2694 3170 2748 G.
3223 2694 3372 2767 (149)
3432 2708 3776 2766 summopere
3813 2708 3858 2748 re

2297 2778 2467 2848 quiro
2500 2779 2807 2835 consilium
2837 2785 2893 2835 et
2931 2781 3176 2852 imploro
3205 2781 3508 2852 judicium,
3540 2782 3706 2854 quiin
3743 2779 3860 2838 arcti

2295 2867 2642 2939 episcopatu
2675 2884 2802 2925 meo
2838 2871 3200 2941 presbiteros
3223 2870 3567 2940 degradavit
3605 2876 3661 2928 et
3699 2869 3857 2927 eosdem

2297 2954 2508 3010 iterum
2561 2957 2935 3026 regradavit;
2987 2957 3238 3027 legatum
3289 2973 3351 3014 se
3408 2960 3732 3029 Romanum,
3785 2972 3858 3013 cum

2297 3058 2410 3098 non
2441 3049 2617 3114 essct,
2655 3045 2986 3113 simulavit;
3044 3048 3400 3120 marsupium
3447 3063 3611 3106 suum
3670 3063 3762 3104 non
3800 3045 3859 3100 sub

2297 3132 2691 3203 appellatione
2733 3135 3018 3206 veritatis,
3056 3135 3159 3192 sed
3184 3136 3444 3193 imitatus
3473 3151 3578 3193 eos
3619 3137 3723 3208 qui,
3758 3135 3856 3192 utan

2301 3221 2638 3291 Apostolus,
2673 3228 2940 3293 questum
2965 3223 3239 3280 estimant
3272 3225 3572 3296 pietatem,
3616 3240 3733 3282 cum
3777 3228 3860 3277 tam-

2221 3287 2270 3348 (ἶ
2305 3309 2434 3364 dem
2469 3311 2791 3382 implesset,
2827 3327 2856 3368 a
2889 3311 3108 3369 diocesi
3140 3329 3260 3368 mea
3293 3315 3361 3370 ad
3395 3329 3556 3370 suam
3587 3313 3758 3370 rediit.
3775 3312 3860 3377 Qua-

2307 3402 2546 3470 propter
2574 3400 2644 3456 ad
2677 3401 2956 3456 honorem
2987 3401 3083 3456 Dei
3118 3407 3178 3458 et
3208 3403 3474 3459 Romanas
3525 3402 3766 3460 ecclesiae
3807 3400 3860 3452 hu-

2296 3487 2550 3556 jusmodi
2591 3489 3102 3561 praesumptionem
3161 3495 3216 3546 et
3279 3491 3718 3560 simulationem,
3767 3488 3860 3543 sicut

2301 3575 2491 3646 decet,
2523 3577 2826 3648 corrigite,
2865 3593 2934 3632 ne
2969 3579 3242 3650 deinceps
3282 3580 3585 3651 quisquam
3641 3579 3692 3635 in
3739 3576 3860 3632 alieno

2302 3670 2615 3735 praesumat
2649 3665 2870 3737 aliquid
2904 3667 3040 3722 tale.
3091 3669 3298 3724 Notum
3341 3669 3516 3725 etiam
3579 3669 3711 3724 facio
3755 3663 3860 3721 vobis

2299 3751 2453 3823 quod
2511 3754 2861 3824 suffraganci
2916 3755 3023 3811 mei
3075 3756 3354 3828 episcopi,
3407 3755 3777 3814 Laudunensis
3827 3758 3858 3804 ei

2299 3843 2730 3913 Sucssonensis,
2770 3844 3005 3900 tertium
3041 3845 3482 3902 Ambianensem
3523 3847 3578 3902 in
3627 3841 3860 3912 archiepis

2295 3936 2512 4002 copatu
2545 3947 2690 4001 meo,
2718 3947 2806 3988 me
2837 3934 3133 3990 nesciente
3181 3940 3243 3990 ut
3291 3940 3426 4006 pote
3476 3937 3666 3993 Romze
3709 3931 3860 4005 posito,

2293 4020 2636 4092 episcopum
2667 4030 3188 4093 consecraverunt,
3224 4024 3468 4096 primum
3493 4029 3686 4082 contra
3725 4023 3860 4078 decrc.

2294 4115 2414 4166 tum
2448 4114 2727 4180 vestrum,
2755 4126 2869 4182 quo
2903 4113 3247 4169 statueratis
3281 4129 3350 4169 ne
3397 4115 3531 4184 quis
3588 4113 3769 4171 saltem
3813 4121 3860 4161 ar

2291 4201 2796 4274 chiepiscoporum
2827 4217 2956 4259 eum
2991 4209 3364 4261 consecraret
3389 4206 3712 4276 epis00pum
3753 4211 3860 4272 quia

2292 4289 2436 4346 laica
2465 4306 2707 4362 persona
2733 4293 3060 4364 accepisset
3107 4293 3388 4367 episcopii
3429 4295 3656 4364 donum,
3685 4289 3860 4348 maxime

2287 4395 2418 4436 cum
2450 4379 2602 4436 idem
2636 4381 2742 4451 ipsi
2771 4381 3174 4438 interfuissvnt
3221 4383 3372 4455 apud
3407 4382 3860 4455 Augustudunense

2289 4469 2622 4540 concilium,
2657 4471 2752 4527 ubi
2799 4470 3044 4527 domnus
3075 4474 3136 4528 Η.
3185 4473 3412 4530 Diensis
3451 4474 3743 4546 episcopus
3779 4481 3860 4541 pro

2288 4559 2566 4628 mulgavit
2591 4565 2649 4614 et
2671 4559 2880 4616 statuit
2903 4575 3100 4616 coram
3125 4562 3394 4618 omnibus
3416 4563 3527 4619 hoc
3549 4566 3778 4618 vestrum
3793 4569 3860 4612 ec-

527 4646 965 4716 Andegavensis
989 4649 1223 4705 comitis
1255 4649 1408 4706 sicut
1450 4651 1834 4722 prmcepistis,
1870 4654 1944 4709 ab
1987 4653 2173 4724 ipsius
2207 4647 2257 4707 D
2285 4646 2683 4704 clesiasticum
2719 4648 3040 4704 decretum.
3079 4651 3194 4706 Hoc
3218 4650 3415 4722 igitur,
3449 4655 3658 4723 praeter
3683 4647 3729 4703 id
3757 4641 3856 4716 quod

521 4747 625 4789 ore
647 4733 973 4805 audientes,
1001 4735 1404 4794 rationabilem
1429 4751 1576 4808 pene
1601 4753 1730 4794 esse
1770 4740 2164 4809 credidimus;

519 4823 620 4878 sed
652 4821 724 4878 de
745 4823 1119 4881 absolutione
1137 4827 1264 4896 ejus
1292 4841 1399 4882 non
1417 4834 1846 4900 presumentes,
1873 4830 2170 4886 dililnitio-

519 4926 653 4968 nem
675 4909 804 4981 ejus
827 4913 908 4968 rei
931 4914 1254 4984 prudentiae
1277 4915 1612 4974 sanctitatis
1639 4923 1870 4989 vestra),
1908 4920 2170 4975 commit-

524 5001 717 5058 timus.
747 4999 802 5056 Si
829 5001 966 5072 quid
991 5016 1130 5058 vero
1154 5003 1342 5061 minus
1365 5004 1704 5077 scripsimus
1727 5006 2172 5064 sanctitatives-

523 5093 649 5158 trae,
699 5089 888 5145 Teuzo
935 5088 1088 5144 ﬁlius
1127 5095 1346 5161 vester,
1393 5091 1768 5150 ﬁdelissimus
1823 5097 2172 5164 cooperator

526 5181 732 5232 noster
761 5177 816 5233 in
843 5177 1104 5244 Domino,
1131 5177 1202 5233 de
1222 5181 1566 5238 Tarvcnensi
1590 5181 1865 5252 episcopo
1889 5197 2018 5238 cum
2050 5182 2176 5237 Pic-

527 5264 756 5322 tavensi
780 5264 918 5337 quid
944 5267 1330 5324 statuerimus
1357 5268 1584 5340 plenius
1618 5269 1927 5325 intimabit.
1979 5269 2178 5326 Provi-

529 5351 665 5409 deat
688 5353 882 5425 itaque
906 5355 1192 5412 sanctitas
1216 5363 1433 5427 vestra,
1464 5372 1536 5414 ne
1555 5358 1778 5414 diutius
1810 5363 1923 5415 tam
1965 5359 2178 5430 obpro-

532 5439 723 5498 briose
745 5442 914 5498 nobis
937 5443 1381 5516 improperetur,
1421 5446 1576 5516 quod
1596 5447 1918 5516 Symoniaci
1951 5447 2180 5519 velqui-

521 5542 770 5600 cumque
831 5529 1131 5589 criminosi
1206 5549 1236 5591 a
1315 5533 1486 5590 nobis
1564 5535 1832 5606 suspensi
1911 5536 2002 5592 vel
2085 5537 2182 5592 de-

2280 4736 2552 4806 diximus,
2587 4739 2792 4792 contra
2833 4737 3247 4794 auctoritatem
3281 4745 3338 4795 et
3363 4755 3614 4798 canones
3637 4737 3854 4794 factum!

2277 4825 2453 4880 etiam
2488 4824 2814 4881 inauditum
2845 4825 3196 4897 cunctisque
3222 4827 3318 4897 qui
3344 4842 3542 4885 sanum
3572 4827 3778 4898 sapiunt
3799 4817 3856 4874 mi—

2279 4913 2464 4970 rabile
2487 4919 2544 4970 et
2572 4915 2703 4986 plus
2733 4929 2902 4985 quam
2928 4915 3039 4972 dici
3059 4916 3242 4988 possit
3265 4917 3636 4990 stupendum,
3656 4915 3698 4973 si
3721 4911 3853 4984 placet

2281 5003 2602 5074 deputetur
2633 5003 2884 5060 irritum.
2919 5004 3065 5071 Quin
3099 5005 3314 5077 potius,
3343 5005 3608 5078 quiasine
3638 5005 3858 5090 metrope

2283 5090 2464 5148 litano
2490 5091 2646 5163 juste
2676 5091 2898 5164 expleri
2926 5109 3038 5150 non
3071 5098 3322 5165 potest-a
3356 5095 3702 5166 quibuslibet
3730 5100 3860 5155 corp!-

2283 5179 2482 5250 scopis
2507 5181 2874 5238 consecratio
2896 5182 3207 5254 pontiﬁcis,
3233 5182 3384 5240 sicut
3409 5183 3594 5252 scitis,
3619 5185 3808 5239 oratum
3825 5175 3857 5226 ei

2284 5272 2590 5325 exoratum
2614 5284 2719 5327 vos
2740 5284 2874 5326 esse
2899 5271 3052 5341 volo,
3072 5275 3132 5328 ut
3157 5271 3228 5327 ad
3252 5271 3527 5329 honorem
3548 5271 3646 5329 Dei
3665 5271 3856 5326 vestrum

2287 5371 2398 5428 que
2421 5372 2486 5414 ac
2501 5362 2764 5415 nostrum
2787 5363 2903 5416 tam
2921 5361 3286 5416 temerariam
3310 5350 3856 5418 ecclesiasticiordinis

2285 5446 2683 5503 confusionem
2708 5446 2834 5504 zelo
2856 5447 3109 5519 justitiaa
3131 5449 3464 5521 cei-rigatis,
3484 5455 3550 5507 ut
3572 5449 3714 5506 sciat
3738 5454 3856 5502 unus.

2292 5535 2536 5608 quisque
2561 5535 2617 5591 in
2640 5537 2824 5606 gradu
2851 5551 2959 5594 suo
2981 5541 3039 5594 et
3065 5537 3235 5595 modo
3253 5539 3590 5610 persistere,
3607 5551 3711 5595 non
3729 5533 3854 5590 aliena

2116 5631 2339 5688 ΝΟΤᾸΞ.

587 5698 714 5766 (147
735 5699 1047 5756 Manasses.

590 5771 737 5844 (148)
770 5767 1149 5828 Theoderico.

2350 5738 2499 5811 (149)
2528 5699 2920 5798 Guarmnndo.
