3922 6432
49 503 154 566 289

1255 481 1755 554 CHRONICON.
1801 516 1882 528 --
1922 476 2079 543 LIB.
2126 480 2200 541 ΙΙ.

3317 470 3435 533 290

49 635 147 692 sibi
175 639 391 691 temere
421 643 716 702 arrogare.
745 629 1004 686 Obsecro
1026 628 1199 685 etiam
1225 622 1673 682 benivolentiam
1704 616 1759 681 A
1789 640 2055 693 nostrum
2088 637 2409 704 progenem
2434 628 2593 689 sedis
2616 628 2969 698 Tarvenicae,
2993 625 3090 697 qui
3124 630 3304 681 tanta;
3340 630 3431 680 est

50 723 277 780 honoris
305 722 510 791 vestri,
547 723 608 777 ut
659 719 1000 789 dignitatem
1052 732 1222 787 quam
1271 721 1679 772 antecessores

49 810 217 867 vestri
247 807 730 865 antecessoribus
762 806 905 861 meis
934 804 1394 875 archiepiscOpis
1415 814 1683 857 servave-

50 903 197 969 runt,
231 901 289 953 et
324 895 648 968 privilegiis
677 894 925 965 aliisque
957 892 1173 949 scribis
1209 891 1279 947 ad
1314 894 1681 962 posterorum

52 987 380 1043 memoriam
413 983 803 1054 reliquerunt,
828 982 965 1036 mihi
999 995 1302 1037 reservare
1333 977 1682 1048 dignemini;

52 1092 117 1130 ne
142 1075 371 1130 irritum
394 1076 493 1129 aut
518 1073 825 1128 infractum
851 1072 950 1125 fiat
973 1069 1362 1140 privilegium,
1381 1067 1533 1138 quod
1559 1066 1684 1137 ipse

51 1162 294 1217 dedistis
324 1161 482 1231 mihi,
517 1160 745 1216 scilicet
772 1165 835 1215 ut
862 1159 1030 1215 vobis
1058 1158 1171 1230 ipsi
1196 1155 1607 1227 interpellatus
1629 1159 1688 1210 et

53 1266 159 1305 non
186 1249 597 1321 interpellatus
614 1248 1018 1319 respondeam,
1034 1252 1094 1302 et
1115 1245 1324 1315 legatis
1342 1243 1558 1300 vestris
1582 1245 1691 1298 Ro-

54 1339 252 1408 manis,
288 1352 404 1394 non
435 1337 887 1393 ultramontanis
925 1335 1020 1406 qui
1070 1334 1367 1405 conjuncti
1416 1332 1689 1388 Romanis

53 1429 301 1496 queruut
325 1439 453 1495 qum
486 1438 588 1480 sua
611 1428 769 1494 sunt,
794 1438 906 1479 non
928 1437 1056 1493 quae
1072 1423 1209 1478 Jesu
1244 1419 1483 1490 Christi,
1503 1424 1561 1475 et
1585 1420 1691 1475 sub

56 1514 314 1569 honestis
343 1514 671 1569 nominibus
701 1512 1010 1584 cupiditati
1043 1526 1164 1567 suae
1207 1509 1544 1578 consulunt,
1578 1522 1690 1562 non

55 1602 338 1657 zecclcsiaa
363 1602 481 1657 Dei.
498 1602 659 1656 Unde
684 1603 924 1671 propter
946 1599 1150 1655 talium
1178 1597 1480 1670 pudendas
1500 1611 1694 1668 repre-

56 1692 368 1748 hensiones
418 1697 477 1748 et
521 1692 880 1759 vocationes,
931 1689 1088 1759 mihi,
1127 1689 1222 1760 qui
1269 1688 1452 1743 totius
1495 1686 1694 1742 Galliae

55 1782 367 1852 episcopos
381 1772 564 1836 debeo
575 1794 827 1836 convoca
838 1794 917 1849 re,
939 1778 1114 1833 liceat
1133 1777 1427 1834 confidere
1442 1776 1513 1832 de
1528 1774 1695 1831 vobis

57 1870 180 1925 sine
214 1869 543 1939 legatorum
574 1868 903 1938 vocatione,
925 1868 1107 1924 donec
1131 1867 1201 1921 ad
1227 1865 1442 1937 pascha
1471 1863 1694 1920 veniam

1789 724 2132 793 senectutis,
2168 728 2233 778 ut
2265 738 2394 778 cum
2427 725 2560 777 ante
2596 720 2999 791 episcopatum
3032 716 3131 771 diu
3171 728 3435 785 perman-

1790 814 1935 871 serit
1965 814 2019 868 in
2050 812 2253 868 ordine
2287 809 2645 882 presbiterii,
2671 809 2787 877 jam
2822 821 2972 862 nunc
3002 804 3156 861 ultra
3206 806 3438 873 tempus

1790 908 1860 959 60
1887 917 2168 959 annorum
2201 901 2444 970 gradum
2472 898 2725 954 tenuerit
2748 895 3055 967 episcopii,
3081 898 3140 948 et
3162 906 3309 963 pene
3337 905 3439 962 per

1794 990 2016 1061 singula
2042 991 2329 1045 momenta
2354 987 2707 1058 prepinquat
2731 985 2934 1040 exitui.
2954 984 3324 1052 Quapropter
3345 994 3440 1035 vo-

1796 1081 1987 1138 lumus
2016 1095 2119 1137 vos
2148 1078 2421 1135 obnixius
2452 1091 2717 1145 exorare,
2754 1079 2815 1131 ut
2858 1088 2989 1130 cum
3028 1072 3196 1142 jussu
3238 1074 3438 1125 vestro

1798 1168 2113 1239 dignemini
2148 1167 2467 1223 restituere
2498 1163 2824 1221 ministerio
2855 1176 2981 1231 suo,
3016 1175 3108 1230 ne,
3142 1156 3296 1230 quod
3330 1172 3445 1213 ma-

1798 1273 2054 1329 gnopere
2084 1256 2474 1325 formidamus,
2496 1255 2548 1309 in
2574 1253 2978 1310 hacmoriatur
3002 1249 3440 1305 interdictione.

1801 1346 1879 1400 De
1911 1344 2016 1400 hoc
2041 1358 2179 1399 vero
2201 1343 2355 1413 quod
2381 1357 2467 1397 me
2498 1339 2940 1411 interpellastis,
2968 1342 3031 1394 ut
3060 1338 3116 1392 in
3148 1335 3443 1391 conductu

1801 1433 2064 1505 episcopi
2093 1431 2517 1487 Parisiacensis
2548 1428 2774 1499 aliquos
2807 1428 2973 1484 vobis
3006 1424 3222 1480 milites
3256 1423 3449 1479 mitte~

1804 1539 1944 1591 rem,
1964 1529 2161 1577 notum
2186 1521 2353 1576 vobis
2376 1519 2522 1574 facio
2544 1517 2695 1588 quod
2731 1532 2837 1587 ego
2865 1516 3129 1571 volebam
3161 1513 3452 1582 dirigere;

1805 1612 1906 1667 sed
1936 1624 2133 1665 comes
2165 1610 2236 1665 de
2266 1607 2497 1664 Arlonis
2531 1606 2706 1662 Fulco
2732 1606 2966 1660 rediens
2992 1605 3063 1660 ab
3098 1604 3240 1659 urbe
3272 1604 3451 1656 Roma

1806 1700 1916 1756 hoc
1931 1698 2065 1753 mihi
2092 1698 2381 1753 intimavit
2405 1711 2476 1752 ex
2503 1698 2695 1750 vestra
2722 1698 2906 1766 parte,
2926 1692 3058 1763 quia
3083 1692 3336 1746 libenter
3363 1704 3453 1745 me

1807 1787 1877 1843 de
1902 1787 2025 1858 ipsa
2052 1785 2497 1841 transmissione
2515 1784 2764 1838 militum
2792 1780 3217 1853 imporlabatis,
3236 1779 3366 1834 ideo
3391 1783 3455 1833 ut

1808 1876 1863 1931 in
1886 1889 2131 1944 regione
2168 1878 2369 1929 nostra
2406 1878 2644 1928 strenue
2684 1876 2742 1926 et
2796 1869 3082 1925 intentius
3129 1881 3458 1938 exequerer

58 1958 125 2011 ad
160 1972 264 2013 vos
291 1958 410 2013 Deo
437 1956 691 2013 volente.
724 1958 997 2012 Pretcrea
1045 1954 1179 2011 volo
1225 1954 1432 2010 obnixe
1477 1950 1699 2023 suppli-
1727 1974 1742 2033 ]

1900 1978 2037 2019 mna:
2063 1962 2363 2018 marchiszc
2388 1962 2584 2016 M.Pro
2607 1960 2715 2015 hoc
2739 1959 2919 2028 igitur
2947 1972 2976 2012 a
3002 1957 3167 2011 vobis
3183 1955 3455 2011 veniente

56 2061 211 2116 care,
237 2051 299 2101 et
322 2046 723 2118 praenunciare
744 2045 927 2115 vobis,
954 2050 1017 2101 ut
1043 2044 1314 2115 quoniam
1348 2042 1401 2097 in
1435 2040 1698 2097 absentia

60 2135 166 2189 mei
200 2149 389 2206 nuper
421 2134 572 2206 apud
604 2149 710 2191 vos
742 2133 1158 2189 commorantis
1184 2130 1364 2189 multa
1414 2144 1591 2201 prave
1642 2133 1704 2184 et

63 2222 394 2278 inordinate
420 2226 548 2279 acta
574 2226 707 2278 sunt
735 2224 789 2277 in
822 2222 1089 2293 partibus
1120 2236 1261 2276 mem
1291 2218 1567 2287 diocesis,
1596 2232 1702 2286 ego

61 2326 200 2366 vero
215 2327 326 2366 non
347 2315 554 2383 potero
571 2312 845 2367 omittere
861 2311 998 2381 quin
1016 2309 1339 2366 ministerio
1353 2311 1556 2363 nostro
1570 2310 1703 2362 utar
1769 2350 1788 2364 .

63 2399 117 2453 in
142 2399 233 2454 his
259 2398 682 2455 aacclesiastice
704 2398 1072 2468 corrigendis
1099 2418 1111 2452 :
1138 2398 1187 2454 si
1210 2397 1349 2467 quid
1373 2410 1479 2468 pro
1504 2395 1609 2450 hoc
1634 2392 1705 2449 de

62 2502 148 2542 me
181 2489 577 2545 accusationis
610 2487 895 2559 perlatum
944 2487 1116 2544 fuerit
1148 2486 1332 2556 vobis,
1370 2500 1441 2541 ne
1474 2485 1582 2539 hoc
1617 2481 1705 2539 vel

62 2576 179 2631 cito
207 2577 492 2647 credatis,
525 2577 617 2634 vel
650 2576 895 2632 moleste
924 2591 1062 2645 erga
1106 2590 1193 2631 me
1245 2575 1567 2645 accipiatis,
1605 2570 1705 2628 sed

63 2664 204 2721 illud
237 2666 295 2721 in
325 2666 641 2736 priesentia
672 2668 869 2721 nostra
902 2669 1037 2720 ante
1068 2680 1172 2721 vos
1203 2664 1537 2731 dimittatis,
1574 2660 1707 2731 quia

61 2768 168 2822 ego
202 2754 546 2810 nullatenus
577 2754 708 2809 volo
749 2754 1033 2809 excedere
1080 2757 1266 2808 metas
1314 2751 1704 2809 auctoritatis.

64 2841 550 2913 Quandoquidem
583 2841 734 2897 enim
767 2840 871 2911 illi,
899 2842 995 2911 qui
1031 2840 1261 2910 legatos
1278 2845 1511 2896 vestros
1544 2854 1607 2895 se
1634 2841 1711 2895 fa-

59 2931 248 2999 ciunt,
275 2929 460 2985 multo
479 2930 697 2999 justius
720 2944 828 2998 ego
854 2929 1039 2985 debeo
1063 2944 1166 3000 per
1189 2944 1295 2985 vos
1315 2944 1381 2984 ea
1416 2944 1543 2999 quas
1574 2932 1709 2984 sunt

58 3018 683 3090 providentizenostrm
699 3017 1021 3088 corrigere,
1041 3033 1210 3089 quam
1241 3018 1545 3088 quisquam
1576 3017 1714 3073 alie-

60 3122 127 3162 na
173 3112 456 3163 tractare.
485 3109 563 3162 De
588 3107 798 3163 comite
819 3106 1057 3177 (libalo,
1083 3107 1179 3176 qui
1206 3121 1293 3162 me
1316 3108 1372 3161 in
1396 3106 1710 3177 praesentia

61 3201 260 3251 vestra
293 3210 575 3252 accusare
608 3196 953 3267 temptabat,
978 3201 1039 3250 et
1071 3209 1131 3251 se
1158 3210 1438 3266 suzs'nque
1469 3195 1713 3251 fidelita-

66 3290 179 3338 tem
195 3284 369 3340 vobis
383 3283 581 3340 verbis
596 3284 1009 3340 simulantibus
1023 3284 1642 3353 commcndabat,satis
1657 3284 1711 3338 in

67 3377 351 3444 promptu
366 3372 595 3428 habetis
613 3387 988 3442 cognoscere,
1007 3372 1174 3442 cujus
1196 3374 1391 3443 potius
1416 3373 1723 3430 sinceritas

64 3461 297 3517 fidelita
309 3461 385 3516 tis
408 3475 545 3531 erga
570 3476 673 3517 vos
694 3460 963 3517 videatur
985 3462 1462 3531 existere,utrum
1487 3478 1608 3517 mea
1625 3462 1722 3532 qui

67 3552 182 3605 Deo
215 3555 274 3605 et
300 3549 471 3606 vobis
495 3553 737 3620 paratus
769 3564 895 3606 sum
932 3564 1034 3621 per
1062 3549 1252 3606 omnia
1284 3551 1636 3621 obedire,an
1660 3551 1727 3605 il-

67 3637 181 3694 lius
205 3638 307 3708 qui
336 3642 393 3693 et
421 3638 573 3709 apud
596 3652 703 3693 vos
721 3653 825 3709 per
848 3639 1220 3709 semetipsum
1248 3640 1545 3710 impugnat
1572 3638 1724 3697 beati

68 3726 232 3780 Petri
258 3724 689 3797 azcclesiam,et
712 3725 866 3797 apud
889 3740 994 3782 nos
1014 3740 1117 3797 per
1150 3728 1465 3783 Manassem
1498 3732 1553 3783 et
1588 3742 1726 3783 suos

68 3829 365 3885 sequaces
387 3814 443 3870 in
469 3831 574 3871 suo
597 3821 793 3871 castro
820 3819 1091 3886 receptos
1107 3817 1485 3886 persequitur
1501 3818 1727 3873 beatam

68 3904 335 3959 Mariam.
388 3905 681 3962 Manasses
721 3904 895 3975 enim,
931 3904 1002 3959 de
1032 3919 1146 3974 quo
1175 3905 1449 3975 diximus,
1484 3906 1576 3962 cui
1620 3921 1728 3962 nos

64 3990 239 4058 jussu
280 3996 489 4048 vestro
512 3993 666 4062 quod
691 3992 747 4046 in
770 4006 878 4047 nos
903 3990 1200 4061 amiserat,
1227 3992 1275 4048 si
1303 3993 1373 4048 ad
1404 3993 1728 4050 aacclesiam

74 4085 328 4136 matrem
362 4095 528 4137 suam
562 4080 804 4150 rediret,
830 4079 1201 4147 indulsimus,
1224 4082 1585 4137 conscientia
1609 4097 1733 4138 sce-

75 4167 216 4224 leris
241 4168 338 4225 sui
365 4167 684 4237 depressus
707 4181 815 4221 nec
840 4165 911 4221 ad
935 4182 1041 4223 nos
1071 4167 1198 4223 vult
1228 4184 1283 4222 rc
1296 4168 1439 4237 dire,
1466 4183 1571 4225 nec
1605 4169 1730 4240 paci

73 4257 371 4314 aacclesize
404 4253 785 4325 concordare,
814 4254 951 4324 quin
976 4255 1176 4325 potius
1198 4271 1329 4311 cum
1352 4255 1467 4312 illis
1498 4257 1622 4313 suis
1647 4272 1734 4313 se-

76 4347 392 4416 quacibus,
422 4344 557 4415 quia
593 4343 764 4400 factis
798 4358 912 4399 non
946 4348 1160 4415 potest,
1187 4345 1383 4402 verbis
1404 4350 1463 4401 et
1498 4346 1735 4401 maledi-

76 4436 190 4492 ctis
212 4434 545 4493 aacclesiam
570 4447 775 4503 meque
802 4432 1065 4489 lacerare
1090 4448 1200 4489 non
1227 4434 1652 4504 desinit.Unde,
1670 4439 1735 4491 ut

78 4525 149 4580 de
184 4526 317 4595 ipso
348 4522 528 4579 Ebalo
570 4526 817 4592 taceam,
859 4522 915 4576 in
957 4537 1127 4592 quem
1168 4537 1272 4579 vos
1306 4522 1484 4579 credo
1518 4523 1734 4593 justam

77 4619 135 4668 et
161 4612 557 4686 apostolicam
580 4626 860 4667 exercere
884 4611 1258 4683 sententiam,
1277 4626 1452 4684 super
1474 4613 1735 4669 Manasse

1818 2052 2139 2121 missatico,
2160 2050 2445 2105 remansit
2468 2064 2497 2103 a
2530 2053 2729 2104 nostra
2767 2050 2931 2118 parte
2964 2045 3259 2116 praedictae
3287 2057 3460 2114 expe-

1817 2140 2056 2196 ditionis
2087 2138 2473 2194 transmissio.
2499 2136 2697 2192 Valeat
2731 2134 3016 2192 sanctitas
3048 2136 3262 2199 vestra,
3293 2136 3460 2202 pater

1818 2227 2314 2284 reverentissime.

1891 2318 2206 2386 Gregorius
2237 2315 2572 2386 episcopus,
2601 2328 2806 2368 servus
2834 2326 3135 2367 servorum
3167 2309 3288 2377 Dei,
3325 2308 3468 2362 dile-

1817 2407 1934 2463 ctis
1966 2407 2023 2460 in
2055 2405 2291 2459 Christo
2320 2403 2603 2457 fratribus
2628 2401 2850 2470 Hugoni
2877 2400 3068 2455 Diensi
3100 2397 3376 2469 episcopo
3409 2402 3468 2450 et

1818 2494 2042 2563 Hugoni
2077 2491 2443 2548 Cluniacensi
2482 2490 2677 2545 abbati
2711 2488 2955 2545 salulem
2988 2493 3047 2542 et
3079 2485 3466 2557 apostolicam

1824 2582 2305 2638 benedictionem.
2334 2579 2477 2645 Quia
2504 2578 2558 2632 in
2587 2582 2802 2634 sancta:
2835 2576 2954 2645 Dei,
2989 2575 3080 2630 cui
3122 2574 3315 2629 divina
3354 2572 3470 2628 dis-

1824 2671 2110 2743 positione
2143 2668 2546 2741 praesidcmus,
2580 2665 2873 2731 Ecclesiae,
2906 2670 3018 2720 etc.
3055 2664 3222 2734 (150).
3260 2684 3287 2715 ››

1892 2758 2260 2829 Rescriptum
2283 2746 2545 2826 ejusdem
2570 2755 2641 2811 ad
2669 2757 2984 2832 Manassem
3016 2754 3355 2807 Remensem
3379 2767 3468 2807 ar-

1822 2847 2259 2917 chiepiscOpum
2289 2864 2301 2898 :
2330 2844 2654 2915 Gregorius
2690 2844 3014 2912 episcopus,
3046 2854 3252 2897 aereus
3283 2854 3472 2896 serec-

1820 2949 1957 2992 rum
1967 2933 2318 3003 Dei,dilecto
2336 2933 2401 2987 ia
2416 2931 2779 3001 C/zristofra
2788 2930 2869 2985 tri
2889 2928 2970 2983 Μ.
2983 2928 3252 2985 Remeusi
3270 2927 3470 2984 archi-

1824 3022 2087 3092 episcopo
2097 3021 2353 3076 salutem
2366 3019 2421 3074 et
2432 3017 2821 3089 apostolicam
2837 3016 3310 3072 benedictionem.
3325 3014 3473 3069 Cum

1823 3124 1923 3166 eos
1966 3124 2035 3165 ea
2065 3123 2103 3165 a
2130 3108 2265 3165 sede
2293 3108 2623 3179 apostolica
2639 3106 2974 3178 ﬂagitatis.
3011 3104 3264 3175 Requiro
3298 3103 3469 3173 (151).

1902 3197 2141 3251 Sextum
2174 3194 2587 3251 nichilominus
2619 3193 2938 3250 celebravit
2972 3192 3284 3248 concilium
3320 3189 3470 3262 apud

1830 3286 2192 3355 Lugdunum,
2228 3299 2331 3355 pro
2363 3282 2709 3353 quibusdam
2742 3282 3009 3351 negotiis,
3064 3295 3309 3350 quorum
3360 3279 3477 3333 dis-

1832 3374 2161 3429 cussionem
2195 3372 2245 3426 ei
2279 3372 2523 3427 domnus
2550 3385 2696 3441 papa
2741 3369 3040 3439 imposuit,
3091 3367 3356 3423 scribens
3403 3367 3474 3422 ad

1831 3478 1960 3519 cum
1995 3462 2050 3516 in
2083 3462 2208 3516 haec
2238 3461 2414 3516 verba
2447 3461 2617 3531 (15:2).

1907 3552 1946 3605 G
1956 3566 2232 3606 aesonius
2246 3551 2567 3620 episcopus,
2585 3563 2712 3605 sero
2720 3562 2788 3604 us
2801 3561 3103 3604 servorum
3124 3547 3257 3611 Dei,
3267 3546 3330 3601 di
3338 3545 3480 3601 lecto

1833 3639 2156 3711 iaC/triste
2161 3637 2363 3709 fratri
2387 3640 2604 3693 [lucem
2618 3639 2831 3693 Dieusi
2853 3637 3133 3707 episcopo,
3149 3635 3406 3691 salutem
3427 3635 3485 3689 et

1835 3729 2223 3800 apostolicam
2248 3727 2722 3783 benedictionem.
2755 3725 2920 3791 Quod
2938 3726 3149 3781 divina
3170 3723 3482 3781 clementia

1825 3833 2039 3891 pacem
2076 3818 2362 3875 Ecclesia
2401 3818 2515 3874 tua
2533 3816 2821 3885 restituit,
2860 3820 2974 3870 etc.
3006 3815 3149 3870 Vide
3182 3814 3238 3869 in
3271 3813 3481 3883 Grego-

1838 3907 1925 3963 rio
1955 3908 2074 3977 Vll,
2107 3908 2275 3978 epist.
2310 3907 2486 3962 extra
2517 3905 2863 3976 Registrum
2889 3918 3049 3974 eag.,
3081 3918 3134 3958 n.
3170 3906 3255 3958 49.

1909 3997 2052 4051 Dum
2077 3994 2256 4065 igitur
2288 3994 2374 4049 hae
2410 3994 2461 4049 ei
2486 3992 2699 4049 litterae
2724 3992 2916 4048 allatm
2947 3992 3216 4061 fuissent,
3237 3994 3295 4046 et
3321 3989 3485 4047 locus

1839 4083 2070 4139 concilii
2098 4082 2249 4153 apud
2267 4081 2602 4150 Lugdunum
2619 4081 2982 4137 constitutus
2995 4079 3486 4150 esset,Remensis

1840 4173 2013 4227 etiam
2048 4171 2525 4240 archiepiscopus
2549 4171 2715 4240 juxta
2750 4173 3009 4224 tenorem
3052 4168 3382 4224 litterarum
3412 4168 3484 4222 ad

1845 4260 1995 4314 idem
2043 4274 2104 4314 se
2146 4262 2506 4329 purgaturus
2539 4257 2890 4312 invitaretur
2923 4254 3253 4325 concilium,
3292 4256 3485 4327 posito

1843 4348 2056 4404 domno
2090 4348 2325 4415 Hugone
2358 4346 2509 4416 apud
2541 4345 2816 4400 Viennam
2856 4358 2963 4414 pro
3001 4343 3270 4415 corporis
3320 4359 3487 4403 cura-

1849 4437 2024 4506 tione,
2042 4434 2229 4491 nuntii
2256 4432 3225 4505 praefatiarchiepiscopivenerunt
3249 4433 3317 4487 ad
3331 4448 3484 4505 eum,

1846 4524 2046 4581 multis
2075 4527 2132 4580 et
2166 4521 2433 4579 maximis
2465 4522 2742 4593 precibus
2773 4527 2833 4577 et
2872 4522 3212 4578 muneribus
3254 4521 3327 4576 ad
3376 4521 3485 4578 hoc

1844 4629 1975 4670 eum
2008 4614 2244 4669 flectere
2272 4611 2597 4683 cupientes,
2623 4614 2681 4666 et
2714 4612 2789 4667 ob
2820 4609 2877 4665 id
2910 4611 2961 4665 ei
2990 4610 3045 4665 in
3072 4610 3347 4681 praesenti
3372 4615 3488 4668 tre-

80 4701 381 4759 instanter
410 4701 697 4772 deprecor
729 4700 1102 4757 sanctitatem
1134 4706 1411 4773 vestram,
1448 4706 1507 4758 ut
1531 4702 1736 4772 autju-
1762 4679 1816 4742 D
1845 4679 3492 4772 centaspurissimiauriuncias,domesticisquoqueejus

80 4791 277 4848 beatis
306 4806 440 4847 eum
474 4791 545 4847 ad
575 4804 738 4848 suam
770 4790 1020 4861 regredi,
1042 4794 1103 4846 et
1131 4790 1380 4847 ulterius
1409 4806 1522 4847 non
1553 4791 1735 4864 impu-

76 4894 263 4949 gnare
294 4878 640 4949 aacclesiam,
678 4882 779 4934 aut
808 4878 865 4933 in
898 4893 1028 4935 eum
1078 4877 1320 4949 ejusque
1368 4881 1630 4938 fautores
1677 4884 1734 4937 et

80 4971 511 5040 cooperatores
523 4966 1071 5039 apostolicivigoris
1085 4967 1355 5037 dirigatis
1376 4969 1736 5025 animadver-

80 5057 335 5112 sionem.
362 5054 686 5126 Dignamini
709 5055 883 5111 etiam
906 5054 979 5111 ad
999 5068 1199 5112 eorum
1225 5061 1568 5128 receptores
1596 5058 1739 5114 scri-

81 5147 225 5202 bere
262 5149 460 5216 aptam
494 5143 825 5216 epistolam,
862 5148 926 5201 ut
958 5148 1059 5201 aut
1086 5159 1188 5202 eos
1215 5150 1420 5202 contra
1451 5146 1737 5204 aecclesiaa

76 5235 213 5305 jura
244 5249 364 5291 non
399 5233 714 5305 retineant,
745 5238 847 5290 aut
877 5234 1005 5305 pari
1034 5235 1327 5292 sententia
1359 5250 1423 5292 se
1454 5235 1738 5294 multatos

80 5326 442 5395 agnoscant.
470 5323 678 5379 Restat
702 5322 839 5378 mihi
862 5323 970 5379 hoc
993 5323 1160 5380 vobis
1181 5324 1399 5397 dicere,
1417 5327 1553 5398 quia
1583 5326 1740 5383 dom-

81 5429 195 5472 nus
232 5415 406 5483 Hugo
433 5412 667 5469 Diensis
693 5412 1010 5486 epiSGOpus
1053 5412 1358 5472 interdixit
1398 5415 1739 5492 episcopum

1847 4790 2111 4864 preciosa
2136 4789 2379 4846 donaria
2400 4788 2734 4859 offerentes,
2763 4788 3000 4860 insuper
3022 4792 3082 4843 et
3099 4786 3489 4845 celamentum

1845 4895 1918 4936 ne
1950 4879 2053 4937 ulli
2089 4878 2422 4935 mortalium
2454 4878 2510 4935 id
2542 4878 2859 4950 proderent
2884 4877 3085 4947 jurare
3114 4878 3398 4948 volentes,
3425 4884 3492 4934 ut

1844 4984 1974 5027 cum
2003 4983 2107 5025 sex
2136 4968 2453 5039 episcopis,
2477 4981 2623 5038 quos
2656 4967 2782 5038 ipse
2814 4967 3117 5024 Remensis
3148 4966 3395 5037 eligeret
3418 4967 3490 5023 de

1846 5056 2225 5127 sufi‘raganeis
2256 5055 2397 5126 suis,
2432 5056 2484 5111 ei
2516 5060 2580 5112 ut
2612 5071 2674 5112 se
2700 5060 2975 5128 purgaret
3007 5057 3383 5127 concederet,
3400 5069 3491 5111 re-

1847 5152 2001 5204 mota
2026 5146 2402 5217 inquisitione
2418 5145 2669 5201 infamiae
2687 5164 2702 5213 ;
2719 5145 3003 5202 addentes
3021 5146 3196 5201 etiam
3215 5147 3369 5217 quod
3382 5160 3489 5207 nec

1845 5250 2086 5310 sperare
2107 5239 2401 5307 poterant,
2419 5234 2524 5291 sed
2544 5238 2739 5291 tamen
2763 5234 2938 5291 nichil
2963 5235 3375 5306 intemptatum
3400 5252 3490 5296 re-

1848 5326 2112 5398 linquere
2142 5324 2436 5396 volebant,
2469 5324 2624 5396 quod
2657 5324 2704 5381 si
2735 5324 2787 5381 ei
2812 5323 2934 5381 solo
2958 5323 3387 5383 concederetur
3410 5327 3494 5384 fa-

1849 5415 2041 5479 cultas
2072 5430 2131 5476 se
2153 5412 2460 5489 purgandi,
2487 5413 2912 5472 inestimabiles
2929 5413 3244 5473 thesauros
3265 5415 3414 5489 auri,
3432 5422 3495 5476 et

1678 5534 1900 5593 NOTE.

158 5629 317 5702 (150)
348 5626 757 5709 ﬁegisﬁtraﬂn
791 5630 842 5709 3..
886 5628 1030 5709 Data
1074 5627 1147 5709 ad
1163 5628 1465 5709 _Sanctum
1511 5632 1747 5709 Germa-_

88 5698 226 5761 num
256 5698 320 5758 xi
350 5698 470 5756 Kal.
506 5698 886 5772 Septembris,
922 5698 1037 5756 ind.
1074 5706 1124 5756 1.
1161 5702 1223 5758 K.

162 5773 321 5845 (151)
358 5772 542 5841 Igitur
573 5770 686 5828 non
718 5770 791 5826 ad
822 5784 1026 5829 manus
1056 5777 1203 5829 erat.
1240 5775 1404 5846 Fata,
1437 5778 1498 5832 ut
1539 5789 1737 5849 supra.

1849 5676 2184 5749 Registrum
2214 5673 2307 5749 VI,
2341 5679 2392 5733 2.

1924 5746 2080 5821 (152)
2109 5746 2490 5806 Desideratur
2520 5746 2579 5804 in
2610 5746 2903 5817 Registro.
2938 5747 3004 5804 li.
