3922 6402
481 401 594 473 291

1437 399 1808 475 HUGONIS
1858 410 2208 476 ABBATIS
2249 401 2932 486 FLAVINIACENSIS

3773 428 3884 491 292

480 561 770 634 quietiam
793 574 1096 619 numerum
1115 535 1496 632 excederent,
1517 538 1926 636 Sejuraturos,
1958 571 2018 621 et
2043 565 2129 622 in-
2157 545 2217 610 Α
2245 563 2348 620 De?
2382 565 2446 608 se
2496 554 2840 627 Ρυδίίθδνίῐν
2894 557 3159 615 scribens
3209 552 3513 618 DeSidel'iO
3557 559 3878 619 CESSinensi

480 665 660 722 super
689 655 1138 720 sacramentum,
1181 666 1250 706 ne
1280 649 1374 706 cui
1421 651 1530 707 hoc
1571 653 1908 722 proderent.
1962 653 2122 718 Quod

479 744 665 795 totum
717 739 905 796 virilis
955 739 1217 808 ejusdem
1257 740 1434 809 legati
1476 740 1702 796 animus
1750 742 1993 812 respuit.
2055 745 2120 798 Et

479 829 612 899 quia
646 829 1156 900 inexpugnabilem
1193 828 1319 897 ejus
1360 844 1498 898 erga
1533 831 1836 899 pecuniam
1867 833 2118 887 animum

478 917 645 986 vidit,
677 917 892 972 timens
925 917 1058 985 sibi,
1088 918 1338 973 concilio
1367 917 1656 973 interesse
1680 917 1884 984 noluit,
1909 924 1964 973 et
1992 920 2120 975 ideo

476 1004 742 1076 synodali
771 1005 995 1073 judicio
1019 1009 1110 1060 est
1137 1004 1462 1076 depositus,
1487 1010 1608 1060 tum
1625 1007 1759 1076 quia
1783 1021 1844 1062 se
1871 1023 2120 1077 purgare

475 1093 828 1164 noluit,tum
864 1095 998 1164 quia
1034 1095 1388 1150 audientiam
1423 1096 1729 1165 Edueusis,
1756 1097 2117 1152 Pictavensis

473 1190 532 1238 et
567 1183 750 1254 ipsius
774 1183 1180 1252 Lugdunensis
1210 1185 1568 1253 subterfugit
1593 1185 1760 1256 (153).

547 1272 879 1328 Celebravit
897 1277 956 1327 et
977 1272 1288 1343 septimum
1313 1273 1464 1344 apud
1487 1274 1900 1342 Avennionem,
1925 1273 1979 1328 in
2005 1289 2118 1344 quo

473 1361 781 1432 depositus
801 1365 896 1416 est
918 1361 1222 1416 Achardus
1249 1360 1612 1418 Arelatensis
1637 1362 1886 1432 invasor,
1922 1368 1980 1418 et
2003 1363 2120 1419 ele-

470 1449 553 1504 cti
594 1452 730 1504 sunt
765 1447 1053 1504 Gibilinus
1085 1449 1141 1504 in
1171 1448 2116 1522 Arelatensemarchiepiscopum,

474 1536 807 1592 Lantelmus
835 1536 890 1591 in
925 1537 1400 1592 Ebredunensem
1425 1552 1572 1607 eque
1589 1537 2115 1608 archiepiscopum,

473 1625 640 1693 Hugo
672 1625 727 1680 in
761 1624 1369 1696 Gratianopolitanum
1402 1625 1742 1696 episcopum
1777 1627 2117 1682 Desiderius

475 1712 532 1767 in
557 1713 1010 1783 Cavalieensem,
1031 1728 1180 1783 quos
1202 1719 1334 1784 post
1357 1714 1752 1784 expletionem
1777 1715 2008 1770 concilii
2031 1731 2118 1770 se-

471 1815 600 1856 cum
632 1802 868 1856 Romam
903 1802 1088 1870 duxit,
1123 1807 1181 1857 et
1213 1802 1542 1857 consecrati
1576 1807 1714 1858 sunt
1744 1818 1772 1858 a
1815 1817 1966 1874 papa
2022 1804 2110 1859 ³⁸⁸.

2237 639 2433 696 abbati
2463 642 2521 697 in
2553 643 2674 700 hmo
2701 647 2878 702 verba
2908 666 2920 700 :

2301 727 2626 801 Gregorius
2661 735 2731 790 in
2773 736 3100 792 Romanum
3133 738 3481 810 pontiﬁcem
3527 740 3767 810 electus,
3804 743 3874 796 D.

2233 816 2435 874 abbati
2452 823 2802 879 monasterii
2821 825 3017 881 sancti
3030 825 3342 883 Benedicti
3361 826 3586 885 Montis
3613 827 3876 899 Cassini,

2230 907 2485 962 salutem
2502 911 2568 965 in
2593 911 2833 968 Christo
2849 913 3011 970 Jesa.
3035 915 3301 972 Domnus
3320 930 3488 988 papa
3512 919 3576 974 Α.
3612 919 3880 974 mortuus

2232 996 2339 1058 est,
2357 1000 2470 1052 etc.
2500 998 2668 1069 (154).

2307 1085 2514 1155 (1073.)
2541 1089 2932 1144 Consecratus
2955 1089 3136 1158 igitur
3155 1091 3460 1162 injustitia
3480 1098 3536 1150 et
3563 1093 3877 1150 sanctitate

2233 1171 2378 1228 miro
2408 1176 2578 1230 modo
2611 1177 2862 1233 assiduis
2893 1178 3044 1234 votis
3074 1195 3180 1250 pro
3197 1195 3260 1235 se
3289 1187 3346 1236 et
3375 1196 3552 1250 grege
3583 1183 3693 1238 sibi
3727 1198 3878 1238 eom-

2233 1259 2408 1316 misso
2435 1263 2752 1334 excubans,
2787 1272 3033 1333 urgente
3067 1269 3382 1338 pastoralis
3413 1269 3583 1326 ofﬁcii
3628 1271 3878 1327 necessi-

2230 1353 2375 1419 tate,
2415 1349 2664 1407 distorta
2709 1357 3337 1422 perversorum-corda
3385 1359 3457 1413 ad
3505 1359 3877 1415 rectitudinis

2231 1435 2442 1492 lineam
2476 1453 2697 1495 summa
2732 1442 2784 1496 vi
2816 1444 3114 1512 corrigere
3155 1445 3366 1516 nitens,
3421 1447 3726 1503 veritatem
3777 1448 3875 1502 Dei

2230 1525 2449 1596 absque
2472 1542 2736 1597 personae
2760 1533 3100 1602 acceptione
3123 1534 3391 1590 omnibus
3413 1537 3712 1605 patefecit,
3742 1551 3874 1591 nac-

2230 1617 2325 1668 tus
2349 1616 2600 1672 omnium
2629 1618 2909 1674 bonorum
2935 1620 3306 1677 dilectionem
3328 1625 3402 1679 ob
3426 1623 3534 1679 zeli
3557 1624 3654 1680 Dci
3689 1625 3874 1680 fervo-

2231 1716 2348 1758 rem
2373 1703 2692 1774 etjustitize
2710 1709 3183 1778 exequutionem.
3207 1711 3316 1767 Sed
3343 1713 3476 1782 quia
3501 1711 3657 1768 nulla
3674 1718 3767 1769 est
3785 1729 3872 1768 so-

2226 1791 2542 1848 cietasluci
2561 1794 2630 1848 ad
2648 1796 2944 1866 tenebras,
2975 1799 3338 1868 perditorum
3359 1800 3650 1856 hominum
3674 1801 3866 1857 odium

541 1889 682 1960 (F01,
707 1892 855 1960 10-2,)
878 1889 978 1945 His
999 1905 1138 1959 ergo
1161 1891 1391 1946 interim
1412 1891 1708 1962 sepositis,
1736 1891 1890 1947 beati
1923 1893 2112 1962 patris
2141 1901 2198 1962 B
2227 1883 2287 1934 et
2313 1879 2757 1952 detractionem,
2793 1884 2966 1939 immo
2992 1889 3506 1958 persequutionem
3531 1889 3866 1945 acerrimam

469 1977 732 2048 Gregorii
776 1979 872 2033 VII
918 1980 1188 2035 Romanis
1238 1979 1516 2035 Ecclesize
1553 1980 1870 2050 pontiﬁcis,
1922 1982 2112 2049 magni

473 2065 632 2123 illius
664 2067 924 2137 Gregorii
955 2067 1122 2136 cujus
1150 2067 1321 2123 hodie
1346 2069 1523 2124 liores
1545 2068 1759 2138 eloquii
1780 2069 1832 2124 in
1859 2070 2108 2126 ecclesia

467 2155 737 2212 redolent
760 2156 988 2212 univoci
1008 2161 1066 2211 et
1085 2156 1388 2227 aequivoci,
1405 2157 1521 2225 jam
1546 2156 1600 2212 in
1627 2162 1754 2213 tuto
1778 2158 1975 2229 positi,
1993 2159 2110 2228 jam

470 2243 724 2300 decurso
747 2245 942 2301 mundi
968 2245 1368 2314 na‘ufragantis
1386 2245 1610 2316 pelago,
1637 2247 1852 2316 quietis
1872 2252 2110 2304 aeterna;
2145 2308 2154 2316 ,

468 2331 582 2388 ﬁda
602 2333 858 2390 statione
875 2333 1068 2405 potiti,
1097 2335 1288 2390 securi
1305 2335 1868 2404 prmdicemusgesta
1895 2337 2110 2405 magni-

464 2420 592 2491 fica,
614 2427 675 2476 et
693 2436 842 2492 quos
866 2421 1308 2478 tribulationum
1332 2423 1582 2494 impetus
1609 2439 1712 2494 pro
1745 2427 1945 2479 sancta
1981 2439 2109 2480 sus-

466 2509 712 2566 tinuerit
745 2511 1030 2580 secclesia,
1075 2517 1134 2566 et
1172 2511 1470 2568 sustinens
1509 2512 1651 2567 mira
1692 2517 1750 2567 et
1785 2511 2104 2568 inedieibili

467 2599 768 2670 superavit
793 2599 1144 2670 constantia,
1172 2605 1412 2656 ntesset
1430 2601 1610 2656 libera
1637 2605 1798 2657 casta
1824 2605 1998 2672 atque
2016 2617 2108 2656 ca-

459 2686 700 2760 tholica,
716 2689 908 2746 divina
923 2690 1240 2746 comitante
1253 2689 1558 2747 clementia
1577 2691 1667 2762 pia
1685 2706 2108 2762 prosequamur

459 2778 760 2834 instantia.
785 2779 966 2834 Natus
983 2783 1071 2834 est
1091 2778 1271 2848 igitur
1291 2779 1345 2834 in
1368 2779 1512 2834 urbe
1537 2781 1736 2848 Roma,
1765 2779 2108 2850 parentibus

460 2867 692 2923 civibus
722 2867 1017 2936 Romanis,
1051 2873 1130 2937 et,
1167 2867 1320 2937 quod
1349 2868 1656 2924 maximum
1675 2873 1763 2923 est
1792 2867 2102 2938 religiosis,

463 2955 852 3012 ascribendus
884 2955 1030 3012 civis
1075 2956 1254 3012 curiae
1305 2954 1596 3024 caelestis;
1644 2961 1700 3012 et
1749 2957 1820 3012 ab
1871 2957 2106 3012 ineunte

459 3047 636 3100 aetate
667 3043 1102 3100 aecclesiasticis
1135 3043 1502 3114 mancipatus
1533 3044 1760 3113 ofﬁciis,
1797 3046 2106 3116 pueritiam

459 3146 620 3190 suam
653 3146 766 3188 non
797 3132 922 3188 sine
957 3133 1160 3203 certis,
1194 3147 1322 3203 quae
1351 3147 1481 3188 eum
1515 3132 1804 3188 illustrem
1847 3135 2104 3190 futurum

448 3219 566 3290 jam
599 3226 739 3278 tunc
773 3222 1070 3292 signarent
1103 3221 1492 3290 documentis,
1515 3221 1808 3291 religiosis
1839 3223 2105 3293 personis

453 3309 766 3366 comitatus
795 3308 1070 3365 excoluit.
1105 3307 1574 3364 Adolescentiam
1615 3315 1916 3379 assumpto
1973 3325 2102 3366 san-

452 3397 682 3454 ctitatis
699 3397 1000 3468 proposito
1017 3397 1171 3452 inter
1185 3397 1380 3452 mundi
1397 3402 1837 3468 contemptores
1851 3412 1960 3452 nou
1977 3398 2100 3453 sine

453 3486 680 3554 magnis
694 3485 1074 3556 perfectionis
1089 3483 1325 3540 indiciis
1341 3485 1692 3556 perdomuit,
1723 3487 2098 3542 Juventutem

459 3573 877 3629 nichilominus
900 3573 1124 3628 militiae
1161 3573 1502 3628 christiana;
1551 3573 1898 3642 dedicatam,
1950 3575 2102 3630 sicut

451 3665 626 3719 aetate
661 3661 741 3717 ita
771 3672 911 3717 sana
943 3660 1212 3716 doctrina
1241 3667 1300 3716 et
1322 3660 1685 3716 ﬁrmamento
1710 3662 1977 3718 veritatis
2011 3679 2101 3718 ro-

452 3749 738 3820 boratam,
776 3751 887 3806 sub
917 3748 1219 3820 praeclaris
1260 3748 1448 3806 totius
1492 3749 1798 3806 christiani
1851 3751 2100 3808 nominis

451 3838 754 3894 tutoribus
786 3843 844 3892 et
878 3838 1250 3909 praesulibus,
1286 3837 1542 3909 publicis
1573 3844 1790 3896 sanctae
1813 3841 2098 3898 aecclesiae

449 3926 800 3998 mancipavit
837 3925 1216 3983 utilitatibus.
1255 3926 1378 3998 (fol.
1414 3927 1578 3998 102’.)
1609 3929 1711 3984 Hie
1736 3930 1810 3984 ob
1841 3930 2096 4000 singula-

447 4030 570 4072 rem
598 4015 944 4072 excellentis
975 4015 1186 4084 ingenii
1237 4017 1683 4088 prmrogativam
1732 4032 1761 4073 a
1813 4019 2094 4076 Nicholao

447 4105 667 4176 papain
687 4104 1220 4162 archidiaconatum
1243 4105 1446 4160 matris
1470 4105 1734 4162 ecclesiae
1757 4113 2089 4179 provectus,

446 4197 687 4252 strenua
711 4199 770 4252 et
793 4193 1073 4251 laudabili
1097 4193 1270 4265 hujus
1293 4195 1464 4250 ofﬁcii
1498 4195 2004 4254 administratione
2035 4197 2092 4254 in

446 4283 630 4342 totius
659 4285 822 4341 orbis
854 4283 1122 4341 notitiam
1163 4287 1220 4339 et
1263 4283 1670 4354 religiosorum
1716 4285 2091 4344 dilectionem

447 4373 608 4430 brevi
641 4374 896 4432 devenit.
930 4373 1258 4431 Deeedente
1287 4388 1426 4430 vero
1459 4390 1606 4446 papa
1631 4375 1984 4448 Alexandro,
2018 4377 2091 4434 ad

445 4477 731 4521 summum
765 4463 1079 4520 Christiani
1125 4463 1428 4533 regiminis
1477 4464 1704 4520 culmen
1755 4465 1982 4522 accitus
2031 4470 2089 4522 et

443 4550 704 4626 electus,
727 4552 1035 4610 divinitate
1055 4551 1112 4607 in
1137 4551 1307 4608 electi
1331 4551 1421 4608 sui
1445 4551 1801 4610 cxaltationc
1836 4569 2090 4611 commu-

444 4655 576 4698 nem
618 4657 919 4700 servorum
964 4654 1201 4698 suorum
1247 4640 1616 4697 devotionem
1663 4641 1963 4716 incitante,
2015 4645 2088 4702 ad

446 4731 858 4803 perferendum
873 4731 1030 4802 quod
1043 4729 1625 4801 abhorrebatjugum,
1653 4732 1924 4803 quodque
1949 4749 2093 4791 sem-

445 4834 551 4892 per
581 4820 815 4892 quidem
845 4819 1040 4888 animi,
1072 4817 1386 4888 aliquando
1417 4821 1611 4874 autem
1651 4822 1916 4893 corporis
1959 4823 2092 4895 fuga

443 4908 869 4980 declinaverat,
889 4912 1258 4966 mansuetum
1282 4907 1495 4963 animal
1519 4909 1759 4966 Domino
1785 4926 1888 4967 suo
1909 4912 2095 4969 cervi-

441 5010 568 5054 cem
595 4997 882 5056 subdidit.
919 4997 1276 5054 Electionem
1307 5011 1448 5054 vero
1481 4997 1552 5054 de
1593 5012 1657 5054 se
1708 4998 1918 5056 factam
1967 5001 2094 5074 ipse

2229 1968 2514 2034 incurrit;
2552 1970 2766 2040 regiam
2799 1978 2990 2028 tamen
3013 1975 3182 2044 viam,
3211 1991 3380 2046 quam
3413 1977 3590 2033 semel
3620 1978 3867 2036 intrave-

2225 2063 2318 2123 rat
2369 2056 2773 2128 inconcussus,
2829 2061 3126 2129 immotus,
3176 2079 3280 2134 per
3329 2077 3484 2122 arma
3536 2066 3782 2134 justitiaa
3835 2084 3861 2124 a

2224 2145 2446 2201 dextris
2471 2151 2528 2202 et
2554 2161 2583 2202 a
2619 2147 2878 2204 sinistris
2904 2151 3137 2206 fortiter
3161 2151 3424 2208 incessit.
3454 2156 3534 2209 Ac
3556 2155 3739 2225 primo
3770 2158 3862 2227 qui

2223 2233 2348 2288 dem
2383 2235 2709 2304 apostolica
2742 2237 3097 2294 auctoritate
3127 2245 3184 2295 et
3213 2241 3489 2298 veridicis
3529 2247 3861 2300 sanctorum

2220 2322 2460 2378 Patrum
2479 2323 2771 2381 animatus
2793 2327 3126 2398 sententiis,
3151 2328 3222 2383 ad
3245 2327 3652 2386 eliminandam
3673 2332 3864 2402 Symo-

2219 2409 2442 2466 niacam
2468 2411 2718 2467 heresim
2743 2417 2799 2468 et
2827 2415 3274 2486 praecipiendam
3303 2417 3649 2475 clericorum
3689 2422 3862 2476 casti-

2219 2502 2400 2554 tatem
2435 2515 2542 2570 pro
2571 2502 2868 2558 commissi
2909 2505 3017 2559 sibi
3051 2505 3223 2560 officii
3255 2506 3456 2563 debito
3486 2508 3862 2568 vehementer

2217 2587 2454 2643 exarsit.
2493 2589 2745 2644 Audiant
2779 2591 2958 2660 igitur
2990 2593 3086 2663 qui
3118 2593 3320 2650 audire
3353 2595 3572 2667 volunt,
3622 2601 3685 2652 ut
3745 2613 3863 2655 mu-

2218 2675 2473 2746 niantur,
2507 2677 2602 2747 qui
2637 2679 2840 2734 audire
2870 2681 3094 2750 nolunt,
3129 2683 3661 2756 uteonfundantur,
3691 2701 3858 2756 quam

2218 2762 2400 2818 libera
2434 2779 2723 2836 quamque
2754 2768 3038 2826 catholica
3069 2785 3214 2827 voce
3239 2777 3442 2828 contra
3473 2773 3712 2830 insanos
3762 2777 3860 2831 im-

2220 2853 2440 2923 piorum
2459 2853 3012 2927 latratusimpiaque
3029 2859 3328 2916 molimina
3349 2876 3643 2932 aususque
3672 2865 3864 2920 nefan-

2219 2942 2325 2998 bos
2348 2943 2667 3000 iutonuerit
2692 2945 2782 3000 hic
2799 2953 3196 3018 propugnator
3210 2949 3514 3007 aecelesiaa.
3542 2952 3679 3008 Cum
3706 2953 3858 3008 enim
3907 2933 3922 2964 ¹

2217 3045 2418 3087 omnes
2445 3032 2562 3087 fere
2587 3047 2690 3088 sua
2711 3040 3046 3105 quererent,
3066 3052 3179 3092 non
3207 3052 3334 3108 quae
3355 3040 3494 3096 Jesu
3527 3040 3760 3112 Christi,
3798 3049 3854 3096 et

2217 3119 2499 3174 adherere
2534 3120 2768 3176 mallent
2805 3121 3178 3194 discipulatui
3211 3127 3474 3196 Symonis
3505 3142 3674 3198 quam
3721 3143 3858 3200 pau-

2219 3207 2437 3278 periem
2471 3209 2685 3264 Christi
2721 3225 2956 3266 servare
2987 3211 3044 3266 in
3097 3214 3322 3269 unitate
3373 3215 3504 3272 fidei
3541 3233 3555 3281 ;
3604 3217 3855 3273 ministri

2217 3311 2448 3367 quoque
2481 3297 2658 3352 divini
2692 3301 3012 3355 sanctuarii
3047 3302 3254 3358 foedam
3289 3302 3614 3362 libidinosae
3661 3311 3858 3362 conta-

2213 3385 2404 3455 gionis
2432 3385 2814 3456 pollutionem
2844 3393 3045 3444 contra
3074 3389 3170 3460 jus
3204 3392 3404 3462 fasque
3440 3398 3779 3465 usurpatam
3801 3401 3859 3450 et

2213 3475 2718 3532 subintroductam
2745 3477 2962 3534 nollent
2987 3479 3261 3551 abjicere,
3283 3482 3647 3540 investiturze
3681 3485 3856 3541 etiam

2213 3563 2609 3620 mcclesiarnm
2643 3581 2671 3621 a
2705 3566 2870 3622 laicis
2901 3567 3160 3625 indebite
3181 3577 3644 3642 usurparentur;
3672 3572 3854 3644 (1078,

2213 3652 2352 3708 Nov.
2392 3653 2479 3722 19)
2515 3655 2638 3724 ipse
2661 3669 2766 3725 pro
2783 3657 3070 3712 communi
3097 3659 3362 3716 ecclesiae
3395 3658 3648 3716 utilitate
3670 3665 3729 3716 et
3761 3676 3855 3717 ne-

2212 3741 2494 3797 cessitate
2527 3743 2582 3798 in
2615 3744 2987 3801 Lateranensi
3023 3745 3234 3817 palatio
3263 3753 3576 3818 aggregata
3609 3750 3850 3820 synodo,

2211 3829 3274 3908 circumsedentibusarchiepiscopis,
3291 3837 3606 3908 episcopis,
3630 3838 3852 3894 abbati-

2213 3919 2320 3975 bus
2341 3925 2396 3974 et
2425 3920 2716 3990 religiosis
2738 3924 3032 3994 Deumque
3055 3925 3400 3982 timentibus
3412 3925 3646 3984 clericis
3660 3933 3716 3982 et
3732 3943 3849 3984 mo-

2210 4009 2432 4078 nachis,
2454 4009 2524 4064 de
2548 4011 2970 4084 suprascriptis
2989 4019 3048 4068 et
3069 4013 3201 4070 aliis
3232 4015 3495 4072 ecclesiae
3527 4015 3847 4073 commodis

2208 4103 2484 4170 tractans,
2513 4099 2636 4156 haec
2661 4099 2978 4157 decretalia
3006 4103 3395 4173 promulgavit
3415 4103 3846 4176 capitula(155).

2281 4190 2646 4260 Quicumque
2671 4191 2938 4246 militum
2955 4197 3070 4249 etc.

2275 4279 2390 4334 Hec
2425 4282 2561 4334 sunt
2590 4279 2912 4336 beatissimi
2945 4295 3110 4352 papa
3137 4282 3438 4353 synodalia
3469 4283 3704 4342 decreta
3733 4299 3850 4342 mo-

2205 4367 2370 4423 ribus
2390 4367 2755 4436 corrigendis
2775 4367 3002 4439 idonea,
3028 4375 3365 4428 sanctorum
3389 4373 3624 4430 Patrum
3648 4372 3851 4432 decre-

2206 4455 2280 4512 tis
2310 4470 2582 4525 consona,
2618 4455 2766 4512 coelo
2797 4463 3034 4514 rorante
3063 4458 3305 4531 stillata,
3342 4459 3626 4518 universis
3668 4461 3849 4516 ﬁdeli-

2203 4544 2694 4613 businculcanda,
2709 4545 3112 4618 amplectenda
3129 4554 3304 4620 atque
3319 4550 3586 4620 tenenda,
3607 4549 3840 4620 justitia

2201 4635 2462 4692 dictante
2503 4633 2748 4706 prolata,
2799 4635 3142 4694 fortitudine
3189 4638 3480 4695 roborata.
3535 4637 3845 4710 prudentia

2201 4724 2591 4797 promulgata,
2626 4725 3027 4796 temperantiae
3057 4727 3278 4784 virtute
3299 4727 3563 4800 pradita.
3584 4727 3693 4784 Sed
3719 4742 3848 4800 per-

2201 4815 2356 4872 versi
2391 4813 2525 4870 dum
2555 4813 2612 4868 in
2641 4828 2842 4870 eorum
2875 4829 3076 4872 norma
3103 4817 3241 4874 vita;
3287 4831 3408 4875 suae
3458 4817 3845 4889 perversitate

2203 4911 2524 4983 offendunt,
2557 4911 2663 4968 hec
2692 4913 2912 4984 gravia,
2946 4913 3055 4970 hec
3080 4913 3356 4986 difﬁcilia,
3391 4915 3514 4985 hec,
3546 4914 3681 4986 quia
3720 4931 3849 4973 cor-

2206 5002 2318 5073 rigi
2351 5001 2577 5071 nolunt,
2611 5001 2908 5058 emendari
2936 5001 3254 5073 refugiunt,
3281 5001 3626 5061 omnimodis
3647 5002 3848 5076 appel-

1807 5125 1898 5180 VA
1907 5125 2042 5183 Rl/E
2082 5126 2480 5186 LECTIONES.

511 5219 580 5255 ⁸⁴⁸
611 5222 796 5293 major
824 5235 964 5294 pars
994 5220 1219 5294 paginae
1252 5223 1438 5280 vacat.

2032 5329 2257 5390 NOTAE.

511 5435 660 5508 (153)
692 5435 958 5507 Synodus
987 5434 1185 5493 habita
1215 5441 1310 5494 est
1349 5439 1505 5496 inter
1551 5439 1606 5495 d.
1655 5443 1686 5496 3
1733 5443 1952 5500 mensis
1999 5445 2090 5502 Ja-

439 5507 814 5580 nuarii’et__17
847 5509 1312 5580 mensisAAprilis
1340 5513 1496 5568 1080.
1533 5511 1659 5568 Vid.
1687 5511 1921 5571 litteras
1953 5515 2089 5573 Gre-

437 5577 686 5660 goriiad
714 5577 1404 5660 Manassemﬁeinepsem
1437 5581 1776 5660 inﬂegistr.
1807 5585 1940 5660 _VII,
1997 5593 2083 5660 12,

437 5647 530 5726 ἐιοε
547 5649 946 5726 Cfr._quoqlie
977 5647 1118 5726 ibid.
1156 5649 1420 5726 VIII,_17,
1456 5647 1774 5726 18,115,720.
1806 5656 1868 5714 K.

508 5720 657 5796 (154)
684 5720 830 5778 Data
861 5720 1057 5778 Romae
1087 5725 1176 5778 11.
1210 5720 1334 5780 Kal.
1369 5720 1540 5782 Maiiil
1569 5720 2082 5800 ind.11.Registr.

2199 5485 2239 5565 I_,
2274 5487 2327 5540 2.
2363 5480 3006 5565 Pauli'ge-rnriedensis
3038 5485 3166 5542 Vita
3199 5483 3578 5556 Gregorii,28.
3611 5483 3758 5544 Vide
3789 5488 3841 5544 in

2198 5554 2479 5625 Gregorio
2505 5553 2602 5610 VII
2631 5555 2694 5610 K.
3322 5553 3340 5556 '
3469 5553 3476 5556 ⁷

2203 5702 2214 5703 ί
2267 5626 2313 5703 (1
2327 5627 2416 5703 ea)
2447 5623 2628 5703 Mausi
2657 5625 2768 5703 XX.
2803 5625 3172 5703 5929131911.
3205 5627 3395 5684 Germ.
3419 5627 3514 5684 SS.
3540 5625 3608 5702 V,
3630 5641 3689 5702 p.
3717 5633 3840 5703 314,

2194 5695 2301 5756 313
2333 5695 2719 5770 (Ραίτοιοθίιε
2749 5699 2792 5753 t.
2827 5696 3127 5768 CXLVIII).
