3922 6404
92 391 213 454 298

1341 382 1841 456 CHRONICON.
1875 426 1949 437 -—
1981 390 2139 455 LIB.
2172 384 2246 454 II.

3382 386 3498 454 294

97 528 218 585 lant
253 526 659 600 impossibilia.
689 527 734 583 Ο
764 533 1015 583 mentem
1045 532 1334 584 amentem
1360 529 1373 582 ε
1399 528 1442 584 Ο
1466 541 1739 599 spurcam
1769 526 1823 586 A
1855 525 2017 597 poris
2051 527 2262 583 Christi
2310 532 2370 584 et
2409 528 2705 585 consortio
2754 524 3008 583 ﬁdelium
3051 530 3354 598 separaret
3382 545 3396 594 ;
3431 532 3494 584 ut

99 616 423 687 nequitiam
456 620 515 671 et
544 616 956 685 nequissimam
982 616 1355 687 spurcitiam!
1382 616 1670 687 Numquid
1695 616 1744 672 si

102 705 470 775 perditorum
495 720 687 760 mores
712 704 1007 760 hominum
1034 706 1247 775 corrigi
1280 705 1746 775 refugientesde-

104 794 349 866 sipiunt,
380 793 616 862 justitia
648 793 939 865 silebitur,
980 794 1167 865 pietas
1196 794 1658 864 eoneulcabitur,
1686 799 1743 850 et

103 882 546 938 mcclesiasticze
586 882 1111 938 animadversionis
1142 883 1372 951 gladius
1405 899 1435 939 a
1467 884 1744 953 sanguine

104 968 562 1041 prohibebitur?
591 972 687 1027 Vaa
728 972 961 1041 rectori,
1000 987 1167 1041 quem
1209 972 1575 1027 denotaverit
1621 988 1747 1028 sen-

105 1059 287 1115 tentia
322 1058 568 1128 hujusce
601 1059 1065 1115 maledictionis!
1097 1059 1478 1129 Maledictus,
1513 1060 1613 1131 ait,
1637 1061 1745 1132 qui

102 1147 380 1218 prohibet
394 1147 673 1217 gladium
691 1162 865 1205 suum
886 1151 1232 1219 “anguine
1252 1150 1397 1218 (Jer.
1422 1165 1612 1219 vam,
1630 1151 1740 1219 10).

105 1235 370 1291 Gladium
423 1251 453 1291 a
505 1238 789 1306 sanguine
831 1237 1142 1307 prohibere
1184 1242 1270 1293 est
1316 1238 1748 1309 praedicationis

102 1325 349 1379 verbum
382 1339 411 1379 a
445 1324 701 1381 carnalis
728 1326 864 1381 vitae
904 1325 1313 1382 interiectione
1352 1327 1627 1383 retinere.
1665 1328 1751 1383 Ob

107 1412 257 1468 hanc
291 1413 473 1482 igitur
504 1430 759 1483 causam,
788 1414 921 1484 quia
965 1415 1189 1471 scilicet
1223 1421 1483 1471 sanctam
1524 1416 1623 1471 Dei
1662 1431 1752 1472 ec-

103 1500 346 1556 clesiam
379 1506 603 1557 castam
629 1517 764 1558 esse
788 1504 1045 1572 volebat,
1082 1503 1323 1560 liberam
1357 1508 1532 1574 atque
1554 1506 1752 1560 catho-

106 1588 295 1659 licam,
331 1591 463 1661 quia
499 1591 569 1646 de
602 1592 934 1648 sanctuario
963 1593 1062 1647 Dei
1094 1593 1488 1662 Symoniacam
1527 1598 1583 1649 et
1619 1607 1752 1649 neo-

114 1677 423 1748 phytorum
459 1679 707 1736 heresim
733 1686 788 1735 et
817 1681 1003 1735 fedam
1028 1680 1356 1738 libidinosae
1387 1682 1750 1751 contagionis

112 1765 496 1836 pollutionem
514 1767 743 1823 volebat
761 1768 1079 1840 echllere,
1098 1772 1334 1826 menbra
1351 1770 1566 1827 diaboli
1582 1785 1750 1841 cepe-

108 1858 243 1909 runt
269 1855 322 1909 in
347 1870 478 1911 eum
504 1856 829 1927 insurgere,
849 1862 906 1913 et
932 1873 1119 1929 usque
1142 1859 1213 1915 ad
1246 1859 1583 1928 sanguinem
1605 1874 1749 1930 prze-
1777 1876 1832 1936 Β

106 1948 483 2014 sumpserunt
510 1944 565 1999 in
596 1960 727 2001 eum
751 1961 953 2002 manus
977 1947 1215 2020 inicere,
1242 1952 1298 2003 et
1325 1952 1387 2004 ut
1411 1963 1541 2004 eum
1563 1952 1750 2004 morte

103 2031 199 2086 vel
228 2031 406 2088 exilio
434 2034 880 2104 confunderent,
915 2035 1115 2091 multis
1155 2051 1285 2092 eum
1330 2036 1516 2093 modis
1553 2036 1747 2092 conati

103 2124 241 2176 sunt
270 2122 520 2178 deicere.
546 2122 639 2178 Sic
670 2124 926 2180 surrexit
957 2124 1109 2179 inter
1133 2140 1371 2194 regnum
1394 2131 1454 2181 et
1484 2124 1751 2181 sacerdo-

104 2209 252 2264 tium
284 2211 604 2281 contentio,
632 2213 885 2268 accrevit
924 2213 1100 2269 solito
1128 2214 1366 2283 gravior
1399 2218 1617 2271 sanctas
1649 2214 1747 2269 Dei

104 2297 377 2354 ecclesiae
408 2299 734 2356 tribulatio.

182 2386 323 2456 (Fol.
355 2389 504 2458 104.)
537 2389 843 2446 Heinricus
874 2389 1046 2459 enim,
1080 2389 1332 2445 Heinrici
1374 2390 1747 2461 imperatoris

107 2474 283 2545 ﬁlius,
311 2476 599 2533 adversus
625 2480 801 2534 Deum
839 2483 897 2534 et
933 2484 1174 2535 matrem
1207 2479 1460 2535 omnium
1492 2479 1744 2535 catholi-

104 2578 308 2620 eorum
340 2565 650 2623 Romanam
676 2566 1001 2623 zecclesiam
1026 2568 1280 2638 superbe
1305 2568 1585 2637 tumidus,
1614 2567 1746 2638 quia

107 2651 227 2707 vita
248 2650 377 2721 ejus
403 2668 577 2724 prava
603 2659 936 2711 sanctorum
962 2657 1197 2711 Patrum
1222 2656 1480 2711 decretis
1504 2661 1561 2711 et
1584 2670 1754 2711 eano-

107 2741 258 2795 nicis
272 2744 660 2798 aversabatur
674 2743 976 2814 institutis,
995 2743 1277 2800 adversus
1292 2746 1467 2800 Deum
1484 2745 1754 2800 etadver-

105 2842 207 2884 sus
225 2827 519 2885 Christum
544 2831 669 2901 ejus
690 2831 1029 2902 insurrexit,
1047 2831 1480 2888 :eeclesiasticis
1503 2833 1755 2889 sanctio-

110 2916 286 2974 nibus
316 2917 490 2989 impie
524 2919 712 2975 factus
743 2920 1004 2990 rebellis,
1039 2922 1275 2976 menbra
1308 2920 1523 2977 diaboli
1548 2927 1751 2978 contra

107 3019 243 3062 eum
270 3005 589 3077 incitando,
615 3012 672 3063 et
697 3022 895 3064 omnes
928 3023 1073 3078 quos
1094 3010 1283 3080 potuit
1318 3010 1508 3079 minis,
1534 3010 1753 3066 blandi-

108 3094 241 3164 ciis,
278 3095 628 3165 terroribus,
663 3098 1005 3153 muneribus
1044 3102 1247 3153 contra
1291 3113 1421 3153 eum
1453 3100 1748 3171 armando,

108 3183 412 3240 factacum
436 3184 633 3240 multis
656 3185 951 3257 episcopis
977 3186 1526 3243 Lothariensmuset
1549 3190 1755 3244 Trans-

105 3271 501 3328 rhenensibus
525 3274 977 3345 conspiratione.
1005 3275 1202 3331 Posito
1226 3276 1538 3345 (tamenim
1562 3277 1752 3333 adhuc

107 3356 162 3412 in
186 3356 536 3414 diaconatus
566 3360 754 3416 oﬁlcio
783 3360 985 3417 eodem
1020 3376 1166 3432 papa
1200 3362 1592 3433 sanctissimo,
1619 3378 1751 3419 cum

105 3446 176 3501 de
208 3460 285 3501 eo
317 3445 554 3503 sinistra
595 3452 653 3503 et
687 3448 989 3505 inhonesta
1040 3451 1255 3520 ubique
1290 3451 1545 3507 fvrretur
1579 3452 1749 3523 fama,

105 3538 358 3606 prOpter
382 3534 739 3607 imperialem
763 3538 1106 3607 dignitatem
1130 3545 1188 3595 et
1224 3539 1409 3610 patris
1432 3541 1751 3611 matrisque

102 3638 241 3679 reve
252 3624 752 3694 rentiam,necnon
770 3631 1011 3697 propter
1024 3642 1186 3698 spem
1199 3629 1589 3684 correctionis
1602 3629 1747 3700 ejus,

106 3726 248 3783 sepe
274 3712 349 3768 ab
372 3728 441 3768 eo
476 3713 691 3771 litteris
712 3719 769 3771 et
800 3716 1004 3771 nuncis
1032 3721 1121 3773 est
1153 3717 1500 3789 admonitus,
1537 3723 1598 3773 ut
1640 3732 1755 3774 me-

108 3815 234 3856 mor
261 3800 839 3874 elarissimigeneris,
859 3805 1406 3876 memorimperialis
1428 3806 1749 3878 dignitatis,

107 3891 289 3946 vitam
321 3905 485 3946 suam
518 3892 778 3949 moribus
817 3893 1061 3964 imperio
1092 3895 1553 3964 congruentibus
1592 3896 1755 3952 insti-

109 3983 331 4049 tueret,
365 3984 429 4035 ut
469 3994 665 4050 regem
706 3997 769 4037 se
811 3986 871 4038 et
912 3983 1321 4053 imperatorem
1371 3984 1630 4041 moribus
1667 4001 1757 4041 os-

110 4069 406 4138 tenderet,
441 4070 720 4140 operibus
758 4072 1044 4127 exiberet.
1080 4072 1191 4127 Sed
1233 4072 1365 4142 quia
1407 4088 1538 4129 cum
1580 4078 1755 4129 actate

110 4154 269 4213 illius
324 4171 555 4228 quoque
590 4159 813 4229 pariter
844 4161 1029 4216 crevit
1065 4161 1361 4231 iniquitas,
1406 4161 1756 4219 sublimatus

110 4244 167 4301 in
194 4245 409 4302 ordine
441 4246 835 4319 pontificatus,
869 4248 1223 4305 auctoritate
1254 4250 1423 4305 oﬂicii
1465 4251 1575 4307 sibi
1606 4266 1759 4307 com-

110 4334 274 4392 missi
310 4335 500 4393 multo
533 4336 840 4396 sollicitius
863 4340 933 4395 ad
965 4340 1100 4395 vita
1131 4339 1592 4397 meliorationem
1625 4357 1756 4397 eum

110 4423 166 4479 in
209 4424 339 4481 dies
388 4425 774 4494 hortabatur;
815 4443 943 4484 cum
996 4428 1092 4485 ille
1141 4428 1515 4486 excusatione
1564 4430 1759 4487 aetatis

112 4514 282 4570 fluxa:
316 4520 378 4570 et
403 4515 626 4585 fragilis
650 4516 719 4572 de
734 4517 897 4573 diein
912 4517 1065 4573 diem
1089 4518 1304 4574 monita
1328 4518 1454 4588 ejus
1478 4534 1538 4576 se
1561 4535 1757 4577 susce-

111 4606 354 4675 pturum
383 4604 584 4661 verbis
619 4606 848 4676 quidem
890 4606 1284 4679 promitteret,
1307 4613 1569 4665 ceterum
1597 4624 1658 4666 re
1698 4615 1758 4667 et

110 4690 570 4762 exaggeratione
599 4693 924 4766 culparum,
960 4694 1112 4751 malo
1160 4710 1359 4753 eorum
1404 4697 1460 4752 in
1514 4712 1759 4768 quorum

112 4794 320 4838 manus
347 4781 509 4837 curia
533 4786 659 4838 erat
674 4783 941 4853 consilio,
960 4784 1197 4855 penitus
1210 4800 1350 4842 conc
1361 4785 1601 4842 ulcaret.
1620 4787 1761 4844 Hinc

108 4868 223 4938 jam
249 4868 573 4941 proclivior
603 4872 793 4929 factus
817 4874 888 4928 ad
914 4873 1158 4943 scelera,
1187 4889 1451 4946 prteceps
1473 4876 1765 4947 prmcipiti

115 4972 252 5016 usus
273 4958 526 5016 consilio
550 4960 967 5034 ferebaturper
1007 4962 1194 5019 devia.
1242 4964 1439 5020 Visum
1474 4969 1559 5021 est
1601 4980 1765 5037 papae

114 5047 485 5119 beatissimo,
519 5054 582 5106 ut
626 5050 943 5108 familiares
985 5050 1133 5123 ejus,
1185 5067 1429 5123 quorum
1477 5054 1766 5111 machina-

112 5135 385 5193 cionibus
410 5152 512 5209 per
535 5138 911 5212 episcopatus
931 5146 992 5196 et
1014 5142 1365 5198 monasteria
1390 5141 1648 5201 inductis
1665 5144 1763 5215 Sy-

112 5225 381 5283 moniace
397 5224 552 5298 lupis
573 5243 677 5299 pro
698 5229 1055 5301 pastoribus,
1080 5230 1349 5287 ecclesiae
1373 5230 1762 5290 innocentiam

110 5311 308 5373 heresi
340 5316 590 5372 nefanda
622 5318 944 5389 fedaverat,
970 5319 1041 5375 ad
1071 5318 1473 5390 paenitentiam
1496 5327 1757 5395 vocaret,

110 5404 424 5463 venientes
445 5405 800 5479 susciperet,
815 5410 1624 5480 respuentesacommunione
1644 5426 1765 5470 cor-

1855 614 1948 671 vel
1982 615 2067 672 sic
2097 631 2229 672 eum
2260 617 2331 673 ab
2362 631 2561 673 eorum
2586 616 2957 687 surreptione
2986 621 3047 671 et
3078 615 3330 685 maligno
3361 630 3497 672 con-

1857 703 1987 760 silio
2027 711 2385 776 segregaret,
2420 705 2735 761 admonens
2769 720 2899 761 eum
2940 708 3002 760 ut
3036 720 3135 760 eos
3166 719 3500 761 excommu-

1858 793 2084 849 nicatos
2114 809 2144 849 a
2177 793 2369 864 domo,
2404 809 2434 849 a
2466 793 2749 861 convivio,
2788 794 2860 848 ab
2901 794 3053 849 omni
3098 792 3495 849 familiaritate

1856 886 1914 938 et
1944 883 2347 939 communione
2380 897 2479 939 sua
2522 882 2865 953 expelleret.
2899 882 3137 938 Interim
3171 897 3311 938 vero
3336 883 3492 939 inva-

1858 971 2117 1028 leseente
2161 976 2364 1027 contra
2411 987 2541 1028 eum
2585 973 2874 1028 Saxonum
2923 986 3117 1041 causa,
3157 986 3288 1027 cum
3339 971 3496 1027 vires

1858 1060 2021 1129 regni
2052 1064 2111 1115 et
2145 1060 2414 1131 praesidia
2443 1075 2473 1115 a
2507 1075 2570 1115 se
2602 1060 2826 1115 videret
2861 1059 3111 1115 deﬁcere
3140 1057 3312 1127 velle,
3344 1059 3498 1130 epis-

1857 1147 2033 1203 tolam
2074 1150 2125 1203 ei
2168 1148 2380 1204 direxit
2424 1148 2746 1220 supplicem
2784 1155 2843 1203 et
2881 1147 3210 1203 humilitate
3242 1145 3525 1217 plenam,.

1863 1236 2239 1307 penitentiam
2292 1237 2361 1291 de
2401 1237 2756 1307 perpetratis
2795 1251 2988 1305 agens,
3033 1233 3495 1290 emendationem

1862 1324 2167 1395 pollicens,
2201 1330 2258 1379 et
2288 1339 2450 1380 suam
2482 1324 2534 1379 ei
2567 1324 2961 1379 obedientiam
2984 1330 3043 1378 et
3076 1322 3246 1378 ﬁdele
3271 1322 3497 1391 adjuto-

1862 1414 2009 1469 rium
2033 1416 2235 1469 contra
2260 1412 2615 1468 rebellantes
2637 1411 3000 1482 promittens.
3021 1413 3089 1466 Et
3110 1411 3220 1466 hoc
3246 1416 3498 1481 postmo-

1859 1501 1994 1556 dum
2029 1500 2234 1569 legatis
2264 1500 2390 1569 ejus
2420 1500 2737 1555 llumberto
2768 1499 3131 1555 Praenestino
3163 1503 3222 1553 et
3258 1498 3495 1553 Giraldo

1862 1589 2114 1643 Ostiensi
2145 1588 2438 1658 episcopis
2468 1588 2521 1642 in
2562 1587 2793 1643 illorum
2826 1603 3029 1644 manus
3072 1603 3175 1659 per
3227 1592 3493 1643 sacratas

1859 1691 2057 1733 eorum
2098 1677 2297 1745 stolas,
2343 1692 2488 1747 quas
2538 1676 2687 1732 collo
2734 1678 3065 1747 gestabant,
3112 1676 3493 1746 jurejurando

1860 1766 2229 1823 conﬁrmans.
2264 1768 2478 1821 Textus
2508 1770 2700 1821 autem
2734 1766 2995 1836 epistolae
3029 1766 3138 1822 iste
3168 1771 3261 1821 est
3292 1784 3304 1819 :

1934 1856 2074 1927 (Fol.
2108 1856 2284 1925 103b.)
2320 1877 2346 1905 «
2376 1854 2830 1923 Vigilantissimo
2862 1859 2921 1909 et
2954 1854 3493 1911 desiderantissimo

1860 1943 2069 1999 domno
2104 1959 2265 2015 papae
2300 1943 2575 2012 Gregorio
2598 1942 2922 2013 apostolica
2950 1943 3234 2012 dignitate
3266 1942 3494 1999 caelitus

1861 2035 2160 2105 insignito,
2186 2034 2494 2089 Heinricus
2524 2032 2623 2087 Dei
2654 2032 2840 2101 gratia
2866 2033 3250 2088 Romanorum
3275 2048 3377 2087 rex
3399 2032 3497 2089 de-

1863 2124 1969 2180 biti
2002 2124 2316 2179 famulatus
2354 2121 2753 2178 ﬁdelissimam
2794 2120 3191 2176 exibitionem.
3227 2124 3364 2178 Cum
3406 2135 3497 2177 re-

1858 2228 2033 2283 gnum
2058 2217 2114 2267 et
2130 2211 2540 2279 sacerdotium,
2566 2215 2623 2266 ut
2642 2210 2697 2265 in
2713 2210 2945 2266 Christo
2962 2210 3071 2265 rite
3087 2210 3493 2266 administrata

1862 2299 2442 2370 subsistant,vicaria
2467 2299 2556 2355 sui
2580 2314 2691 2369 ope
2715 2313 2945 2369 semper
2977 2298 3293 2367 indigeant,
3329 2314 3498 2370 opor-

1861 2393 1947 2445 tet
1975 2389 2264 2455 nimirum,
2291 2388 2523 2443 domine
2553 2387 2626 2442 mi
2651 2392 2710 2443 et
2734 2392 2899 2458 pater
2922 2388 3334 2457 amantissime,
3363 2403 3498 2457 qua-

1858 2479 2017 2534 tinus
2048 2479 2119 2533 ab
2151 2478 2391 2532 invicem
2425 2476 2656 2531 minime
2680 2475 3050 2545 dissentiant,
3076 2491 3275 2532 verum
3304 2477 3497 2547 potius

1864 2564 2078 2620 Christi
2100 2562 2853 2634 gluttinou'conjunctissima
2871 2562 3365 2619 indissolubiliter
3386 2563 3495 2619 sibi

1863 2653 2197 2709 cohereant.
2224 2653 2479 2721 Namque
2503 2651 2584 2707 sic
2613 2656 2669 2705 et
2694 2666 2806 2706 non
2830 2650 3003 2705 aliter
3032 2656 3417 2707 conservatur
3439 2652 3496 2707 in

1862 2741 2095 2799 vinculo
2110 2741 2382 2811 perfectae
2406 2740 2675 2796 caritatis
2686 2743 2742 2795 et
2761 2740 3002 2810 pacis,et
3016 2739 3360 2796 Christianas
3373 2755 3502 2797 con-

1864 2829 2175 2887 concordia
2192 2830 2435 2885 unitatis
2462 2833 2519 2884 et
2542 2828 2940 2885 aeclesiasticze
2960 2827 3134 2885 simul
3158 2833 3352 2884 status
3365 2828 3500 2885 reli-

1861 2920 2069 2990 gionis.
2106 2918 2216 2974 Sed
2247 2933 2371 2987 nos,
2408 2918 2504 2988 qui
2544 2920 2659 2972 Deo
2691 2922 2980 2973 annuente
3015 2917 3309 2986 regnijam
3325 2918 3500 2974 sorti-

1864 3023 1992 3064 mur
2015 3008 2419 3076 ministerium,
2447 3005 2775 3062 sacerdotio
2799 3010 2861 3061 ut
2888 3006 3153 3075 oportuit
3179 3021 3281 3077 per
3308 3005 3497 3061 omnia

1857 3096 1954 3166 jus
1968 3101 2024 3152 et
2041 3096 2314 3152 honorem
2330 3110 2439 3151 non
2453 3095 2779 3151 exibuimus
2792 3080 3141 3164 legitimum.
3160 3094 3384 3167 Quippe
3404 3095 3502 3151 da-

1865 3191 1938 3243 tze
1961 3185 2303 3242 nobisaDeo
2321 3184 2628 3256 potestatis
2652 3184 2938 3240 vindicem
2958 3184 3214 3254 gladium
3240 3199 3349 3240 non
3374 3185 3501 3241 sine

1865 3290 2038 3331 causa
2082 3274 2461 3345 portavimus,
2511 3288 2615 3328 nec
2661 3278 2849 3328 tamen
2894 3273 2950 3327 in
2985 3288 3137 3337 reos.
3178 3277 3239 3329 ut
3275 3272 3497 3342 justum

1866 3361 2325 3433 fuit,judiciaria
2354 3361 2515 3417 illum
2555 3376 2803 3417 censura
2845 3360 3296 3430 evaginavimus.
3338 3362 3498 3417 Nnnc

1862 3456 2056 3508 autem
2089 3451 2280 3507 divina
2305 3450 2678 3506 miseratione
2693 3450 3116 3520 aliquantulum
3139 3451 3496 3522 compuncti,

1862 3546 1922 3596 et
1944 3541 1999 3595 in
2033 3556 2136 3596 nos
2159 3539 2403 3609 reversi,
2438 3543 2676 3608 peccata
2711 3544 2912 3594 nostra
2934 3539 3129 3609 priora
3166 3544 3375 3594 vestrae
3418 3538 3502 3593 in-

1864 3628 2325 3699 dulgentissima}
2360 3627 2697 3699 paternitati
2740 3643 2844 3683 nos
2886 3627 3218 3683 accusando
3261 3626 3503 3683 conﬁte-

1865 3733 2013 3788 mur,
2033 3723 2335 3789 sperantes
2351 3718 2419 3771 de
2433 3716 2602 3772 vobis
2626 3716 2681 3770 in
2697 3716 2955 3785 Domino,
2972 3720 3035 3772 ut
3048 3716 3371 3788 apostolica
3388 3731 3505 3773 ves-

1864 3810 1955 3862 tra
1981 3806 2334 3863 auctoritate
2358 3804 2611 3861 absoluti
2630 3804 2941 3873 justiﬁcari
2966 3820 3309 3862 mereamur.
3345 3805 3504 3862 Eheu

1867 3895 2169 3951 criminosi
2221 3910 2325 3950 nos
2354 3898 2411 3949 et
2458 3893 2741 3949 infelices!
2779 3895 2988 3965 partim
3029 3894 3299 3965 pueritia;
3347 3894 3508 3949 blan-

1868 3984 2084 4040 dientis
2109 3983 2700 4053 instintione,partim
2732 3983 3047 4053 potestatis
3083 3988 3297 4040 nostra:
3331 3984 3510 4054 impe-

1867 4074 2022 4129 riosa
2038 4072 2332 4141 libertate,
2362 4072 2571 4141 partim
2586 4071 2759 4126 etiam
2783 4087 3006 4142 eorum,
3033 4087 3279 4141 quorum
3304 4073 3510 4129 seduc-

1866 4162 2003 4218 tiles
2026 4161 2263 4217 nimium
2288 4160 2523 4230 sequuti
2544 4175 2745 4216 sumus
2767 4162 3030 4231 consilia,
3055 4160 3388 4217 seductoria
3412 4162 3510 4219 de-

1866 4250 2158 4322 ceptione,
2177 4248 2611 4321 peccavimusin
2625 4249 2837 4305 emlum
2851 4255 3116 4306 etcoram
3134 4250 3507 4321 vobis,etjam

1867 4339 2025 4410 digni
2040 4353 2153 4395 non
2169 4352 2371 4395 sumus
2390 4337 2695 4394 vocatione
2714 4342 2926 4394 vestrae
2950 4337 3269 4395 ﬁliationis.
3287 4341 3407 4396 Non
3422 4355 3515 4397 so-

1868 4426 1985 4485 lum
2009 4429 2160 4485 enim
2194 4442 2300 4484 nos
2334 4442 2427 4483 res
2456 4425 2911 4484 ecclesiasticas
2942 4427 3281 4499 invasimus,
3307 4443 3511 4485 verum

1871 4533 2099 4590 quoque
2114 4516 2367 4587 indignis
2382 4515 2741 4587 quibuslibet
2763 4520 2821 4572 et
2848 4516 3187 4587 Symoniaco
3204 4516 3339 4573 felle
3357 4530 3512 4574 ama-

1870 4607 2156 4675 ricatis,et
2178 4621 2291 4662 non
2307 4620 2411 4677 per
2422 4604 2533 4661 osti
2546 4619 2637 4660 um
2652 4604 2750 4660 sed
2768 4603 3001 4661 aliunde
3021 4604 3508 4679 ingredientibus,

1870 4696 2172 4754 aecclesias
2204 4695 2361 4767 ipsas
2384 4693 2773 4764 vendidimus,
2805 4698 2861 4749 et
2888 4708 3000 4749 non
3022 4708 3123 4750 eas
3156 4697 3218 4750 ut
3242 4694 3511 4765 oportuit

1876 4785 2257 4842 defendimus.
2275 4782 2676 4854 Atnunc,quia
2693 4783 2803 4839 soli
2820 4783 3040 4853 absque
3054 4788 3252 4840 vestra
3267 4783 3512 4839 auctori-

1874 4879 1997 4931 tate
2019 4873 2323 4930 :ecclesias
2339 4872 2637 4942 corrigere
2655 4887 2767 4928 non
2794 4887 3194 4943 possumus,su
3203 4886 3307 4944 per
3327 4871 3515 4943 his,ut

1875 4965 2051 5020 etiam
2067 4964 2137 5020 de
2161 4963 2380 5020 nostris
2395 4963 2685 5033 omnibus,
2704 4966 2967 5020 vestrum
2989 4977 3100 5018 una
3123 4960 3429 5019 consilium
3451 4965 3515 5019 et

1877 5053 2154 5111 auxilium
2173 5052 2383 5109 obnixe
2401 5052 2730 5121 querimus;
2747 5055 3006 5108 vestrum
3022 5055 3378 5123 praeceptum
3394 5054 3503 5108 stu-

1873 5143 2197 5200 diosrssime
2222 5141 2556 5197 servabitur
2580 5140 2637 5196 in
2661 5141 2950 5198 omnibus.
2976 5140 3512 5212 Etnuncimprimis

1874 5233 1945 5290 de
1956 5231 2223 5291 aacclesia
2245 5229 2679 5301 Mediolanensi,
2697 5245 2827 5301 quae
2842 5234 3040 5288 nostra
3054 5230 3231 5302 culpa
3242 5229 3297 5286 in
3311 5244 3518 5288 errore

1872 5326 1986 5396 est,
2004 5336 2293 5393 rogamus,
2315 5324 2379 5377 ut
2398 5324 2596 5378 vestra
2616 5320 2940 5392 apostolica
2952 5320 3324 5378 districtione
3343 5333 3520 5379 cano-

1875 5412 2003 5471 nice
2033 5410 2388 5485 corrigatur,
2422 5412 2481 5466 et
2513 5408 2721 5469 exinde
2752 5408 2826 5468 ad
2850 5415 3099 5469 caeteras
3136 5407 3518 5481 corrigendae

1704 5535 1929 5594 ΝΟΤᾹΞ.

178 5630 332 5713 (1ςξ6)
368 5627 579 5688 Posito
606 5662 676 5673 —
705 5631 1068 5713 conﬁrmans
1097 5630 1473 5713 exnepjstola
1499 5633 1766 5713 gregarii

1878 5632 2226 5691 annalistam
2248 5633 2533 5691 Saxonem
2555 5636 2615 5689 et
2634 5632 3201 5695 Bernriedensem78
3220 5636 3513 5694 servatur.

112 5701 197 5759 ad
230 5701 575 5774 Germanos,
627 5718 756 5775 quas
803 5701 862 5760 in
903 5702 1109 5761 codice
1156 5701 1412 5762 Udalriei
1451 5707 1575 5777 146,
1613 5701 1791 5799 apud,
1880 5705 1951 5763 Cf
1974 5703 2358 5765 Bertholdum
2380 5719 2432 5764 a.
2468 5708 2628 5765 1075.
