3922 6430
438 389 555 461 295

1400 388 1765 453 HUGONIS
1807 388 2157 453 ABBATIS
2200 386 2885 455 FLAVINIACENSIS

3723 400 3839 462 296

445 530 817 590 auctoritatis
829 531 1041 584 vestrae
1057 527 1347 583 sententia
1366 524 1796 597 progrediatur.
1815 526 1930 580 Nos
1945 539 2085 596 ergo
2117 529 2169 587 Α
2200 524 2532 581 castitatem
2547 526 3023 583 confortarentur
3037 542 3239 585 manus
3256 528 3583 601 dissolutas,
3599 537 3656 587 et
3673 534 3836 592 robo-

442 622 605 679 vobis
636 622 749 674 Deo
780 617 1013 673 volente
1036 616 1090 669 in
1113 615 1382 670 omnibus
1404 630 1511 669 non
1538 614 1847 683 deerimus,
1878 629 2081 683 rogan-

440 717 530 767 tes
558 709 609 763 id
646 709 831 778 ipsum
866 704 1212 774 suppliciter
1244 703 1659 773 paternitatcm
1704 708 1980 770 vestram,
2019 707 2080 758 ut

442 798 609 855 nobis
642 796 855 851 alacris
886 794 1038 848 adsit
1074 793 1394 849 clementer
1426 793 1481 846 in
1515 792 1804 848 omnibus.
1832 793 2079 847 Litteras

440 891 667 941 vestras
699 898 808 938 non
841 886 975 952 post
1008 881 1239 949 longum
1273 886 1501 949 tempus
1547 895 1672 933 cum
1722 879 2078 934 ﬁdelissimis

438 973 654 1029 nostris
682 970 999 1038 habebitis,
1033 984 1104 1024 ex
1134 969 1347 1037 quibus
1400 973 1598 1021 nostra
1654 983 1781 1037 qua)
1833 967 2077 1022 dicenda

437 1063 622 1117 adhuc
654 1064 899 1128 restant,
934 1061 1048 1113 Deo
1082 1056 1276 1125 dante,
1315 1056 1543 1126 plenius
1573 1056 1843 1111 audietis.
1874 1078 1899 1107 ››
1927 1056 2074 1125 (157)

508 1149 648 1219 (Fol.
691 1150 834 1217 104.)
869 1148 1078 1202 Verum
1113 1147 1258 1215 (15%)
1293 1144 1607 1199 commisso
1642 1144 1843 1214 praelio
1890 1150 1947 1198 et
1998 1143 2078 1199 vi-

435 1238 620 1296 ctoria
645 1240 907 1307 optenta,
934 1235 1004 1290 ad
1031 1234 1307 1289 vomitum
1332 1234 1492 1287 canis
1522 1233 1711 1300 rediit,
1733 1236 1864 1286 vota
1882 1232 2073 1300 fregit,

436 1325 970 1382 excommunicatos
1002 1323 1055 1377 in
1089 1322 1549 1376 communionem
1575 1327 1632 1375 et
1672 1320 1918 1389 gratiam
1952 1336 2077 1375 sus-

436 1415 614 1485 cepit,
637 1409 1450 1469 {ecclesiarumconfusionem
1468 1424 1578 1463 non
1595 1408 1916 1463 abhorruit.
1940 1408 2074 1463 Pius

441 1508 631 1558 autem
667 1517 810 1573 papa
844 1500 1031 1555 adhuc
1065 1499 1313 1553 animum
1344 1498 1469 1566 ejus
1502 1496 1901 1568 temptandum
1954 1511 2077 1552 cre-

436 1593 599 1661 dens,
618 1591 850 1645 litteras
864 1590 914 1644 ei
932 1588 1115 1644 direxi
1128 1593 1146 1640 t
1160 1602 1420 1643 common
1433 1588 1443 1640 i
1457 1587 1656 1655 torias,
1671 1592 1730 1640 ut
1746 1586 1987 1640 recorda
2000 1601 2077 1640 rc-

439 1685 536 1736 tur
568 1680 783 1735 domini
816 1678 914 1733 Dei
948 1678 1059 1746 sui,
1096 1676 1505 1731 recordaretur
1541 1674 1833 1746 promissi,
1870 1675 2077 1729 necin-

438 1771 749 1824 honoraret
778 1768 1156 1821 honorantem
1189 1779 1269 1832 se,
1307 1778 1411 1817 nec
1440 1762 1709 1818 crederet
1761 1778 1824 1817 se
1875 1762 2075 1817 fallere

2188 618 2464 669 rarentur
2486 630 2670 683 genua
2696 615 2912 671 debilia
2939 632 3160 672 eorum.
3191 618 3334 687 (Pol.
3365 619 3514 689 104.)
3538 618 3826 684 Quinimia

2191 701 2277 757 usi
2299 701 2560 771 levitate,
2587 706 2643 756 et
2668 717 2739 756 ex
2761 704 2914 772 regis
2933 704 3262 763 stoliditate
3285 710 3339 761 et
3360 712 3656 777 potestate
3673 713 3824 766 tene.

2189 790 2421 845 brarum
2459 790 2778 846 rebellandi
2806 798 3043 863 accepta
3068 794 3399 863 occasione,
3430 803 3718 867 praecepta
3737 814 3819 854 se-

2184 877 2277 951 dis
2309 879 2649 948 apostolicae
2683 880 3106 951 parvipenderc
3138 898 3250 936 non
3286 883 3626 953 timuerunt,
3663 891 3717 940 et
3760 902 3820 943 se

2188 980 2296 1020 non
2327 972 2599 1035 pastores
2627 967 2843 1036 ovium,
2879 969 2979 1023 sed
3016 970 3449 1027 mercennarios
3471 972 3724 1028 evidenti
3749 974 3828 1029 in-

2187 1052 2337 1108 dicio
2357 1056 2771 1124 probaverunt.
2799 1057 3262 1114 Constantieusis
3287 1059 3399 1127 hic,
3427 1076 3575 1116 unus
3599 1076 3821 1132 eorum,

2187 1142 2324 1197 Otto
2354 1142 2663 1198 dicebatur
2693 1145 3028 1215 episcopus,
3080 1162 3250 1216 quem
3300 1148 3630 1217 hujusmodi
3683 1164 3823 1206 ausu

2190 1232 2501 1286 temerario
2531 1232 2817 1302 corripuit
2851 1235 3079 1303 przel‘ati
3112 1237 3347 1291 Romani
3379 1238 3672 1307 pontiﬁcis
3696 1252 3825 1294 auc-

2188 1319 2416 1388 toritas,
2456 1320 2694 1376 mittens
2715 1321 2765 1376 ei
2787 1328 2849 1375 et
2874 1322 3322 1395 archiepiscopo
3345 1326 3716 1395 Mongontiuo
3741 1326 3830 1381 lit-

2191 1412 2347 1462 teras
2378 1410 2523 1477 (161)
2552 1426 2563 1468 :
2599 1425 2742 1478 quas
2773 1425 2903 1465 cum
2938 1411 3075 1467 Otto
3109 1413 3601 1484 parvipendisset,
3650 1416 3826 1470 obsti-

2189 1500 2378 1548 natam
2411 1497 2539 1564 ejus
2569 1497 3000 1553 animositatem
3038 1514 3180 1569 papa
3211 1501 3522 1572 corripuit,
3569 1502 3824 1559 secundo

2188 1583 2378 1638 missis
2411 1584 2480 1637 ad
2510 1599 2640 1639 eum
2674 1586 2890 1641 litteris
2926 1586 2978 1641 in
3012 1588 3133 1643 hmc
3170 1591 3347 1645 verba
3387 1591 3537 1662 (162)
3576 1611 3588 1644 :

2260 1672 2635 1740 «Gregorius
2682 1674 2796 1743 VII,
2848 1691 3055 1731 servus
3099 1692 3402 1734 servorum
3453 1680 3572 1748 Dei,
3629 1679 3822 1735 Ottoni

2189 1761 2618 1816 Constantiensi
2650 1763 2925 1833 episeopo
2955 1764 3200 1820 salutem
3234 1771 3293 1821 et
3325 1767 3709 1838 apostolicam
3736 1769 3825 1822 be-

441 1872 612 1931 posse
637 1858 842 1911 Deum:
871 1854 1345 1922 adjiciensl)eum
1368 1851 1639 1921 superbis
1661 1851 1955 1917 resistere,
1976 1852 2076 1906 hu-
2105 1882 2155 1939 Β
2189 1847 2591 1904 uedictionem.
2629 1851 2922 1906 Perlatum
2953 1859 3040 1907 est
3073 1854 3141 1907 ad
3178 1869 3282 1909 nos
3308 1877 3334 1903 »ι
3369 1861 3482 1910 etc.
3533 1856 3676 1913 Vide
3712 1858 3824 1927 epi—

439 1946 673 2001 milibus
698 1949 890 1998 autem
917 1942 1054 1997 dare
1068 1941 1336 2011 gratiam,
1366 1939 1789 2010 parcensqueei
1811 1946 1868 1993 et
1886 1939 2075 1993 mode-

438 2034 674 2091 raminis
698 2032 767 2065 ³⁵⁹
796 2030 1103 2102 apostolici
1137 2044 1274 2098 erga
1306 2044 1434 2084 eum
1486 2043 1792 2084 censuram
1843 2043 2076 2083 conscr-

437 2140 578 2180 vans
609 2122 695 2192 35°,
730 2136 899 2192 quem
933 2120 1225 2190 potuisset
1262 2134 1366 2189 pro
1409 2118 1516 2173 hoc
1566 2118 1690 2172 solo
1739 2118 1962 2171 scelere
2008 2116 2075 2149 3“

429 2214 589 2285 justo
619 2211 821 2283 punire
847 2210 1011 2279 juxta
1047 2209 1345 2263 decretum
1378 2206 1444 2238 ³⁵²
1476 2206 1687 2260 Gelasii
1715 2204 2071 2276 papw'UliQ),

436 2304 490 2357 in
515 2301 728 2371 quoait
752 2299 1014 2355 scribens
1032 2296 1099 2328 35"
1125 2296 1432 2351 Anastasio
1458 2294 1815 2365 imperatori,
1837 2309 2067 2364 cap....:

431 2392 614 2449 Sicut
635 2404 749 2444 non
772 2388 968 2459 potest
992 2385 1249 2457 quilibet
1270 2385 1685 2455 percersitalis
1714 2384 1779 2415 ³⁵⁸
1828 2397 2075 2439 commn-

430 2479 697 2536 nicatore
722 2476 988 2546 suscepto
1017 2489 1131 2529 non
1152 2474 1390 2543 pariter
1420 2472 1488 2504 ³⁵⁵
1506 2485 1823 2545 pereersas
1869 2486 2075 2542 appro-

432 2568 585 2637 bari,
619 2568 708 2623 sic
735 2579 839 2621 nec
858 2564 1057 2635 potest
1098 2563 1165 2594 ³⁵⁸
1206 2562 1476 2634 refutari
1508 2560 1882 2632 perversitas
1928 2574 2075 2616 com-

420 2657 585 2729 plice
609 2655 676 2687 ³⁸⁷
705 2654 992 2711 sectatore
1015 2652 1438 2723 perrersilatis
1487 2652 1765 2706 (ill/lliSSO.
1822 2648 2073 2719 Legit/ns

428 2745 497 2777 ³⁵⁸
527 2745 682 2802 certe
707 2742 923 2799 vestris
953 2742 1273 2797 criminum
1305 2740 1524 2795 conscii
1570 2738 1638 2770 ³⁵⁹
1686 2737 2074 2809 susceptor-es-

431 2849 546 2907 qne
575 2832 1069 2890 latrocinanliam
1088 2831 1236 2900 pari
1265 2829 1334 2860 ³⁶⁰
1351 2828 1896 2899 jndieierampena
1918 2841 2076 2883 cons-

429 2921 783 2993 tringuntur
809 2919 877 2952 3“
908 2932 1011 2974 nec
1034 2931 1243 2988 expers
1262 2918 1575 2988 facinoris
1597 2915 1967 2971 estimanrlas
1988 2915 2078 2971 est

426 3011 514 3080 ³⁸³,
548 3011 656 3081 qni
688 3009 827 3065 licet
852 3008 976 3078 ipse
1004 3021 1120 3062 non
1146 3006 1392 3075 fecerit,
1440 3004 1637 3059 tamen
1680 3004 1748 3035 ³⁸³
1776 3005 2075 3074 facientis

411 3098 921 3174 familiaritatem
950 3095 1018 3127 ³⁸⁸
1034 3096 1341 3166 fe/lnsque
1360 3094 1664 3164 receperit.
1699 3094 1767 3147 Et
1797 3093 1901 3148 hec
1929 3109 2071 3164 papa

425 3189 494 3221 ³⁸⁵
512 3188 795 3243 Gelasius.
822 3187 1089 3241 Ceterum
1111 3185 1218 3238 hoc
1241 3183 1292 3237 in
1324 3190 1602 3253 patre.....
1625 3181 1788 3249 juxta
1818 3182 1965 3251 quod
1991 3182 2071 3237 ait

431 3276 747 3346 Gregorius
779 3276 832 3329 in
868 3273 1129 3329 decretis
1149 3271 1217 3303 3“
1244 3286 1370 3341 cap.
1398 3274 1501 3326 200
1525 3270 1664 3324 illud
1692 3276 1817 3324 erat
1840 3270 1907 3303 ³⁸⁷
1928 3287 2077 3341 pra:-

424 3366 696 3436 dicabile,
734 3365 869 3435 quia
899 3368 1027 3419 erat
1058 3363 1111 3416 in
1145 3376 1214 3415 eo
1249 3360 1585 3415 sollicitudo
1617 3359 1684 3391 ³⁰⁸
1728 3364 1920 3428 cauta,
1962 3374 2073 3415 non

351 3492 363 3503 ι
423 3455 690 3523 remissa,
725 3451 1025 3522 correptio
1055 3450 1124 3482 ³⁶⁹
1157 3448 1426 3518 diligens,
1462 3465 1571 3503 non
1603 3464 1825 3517 severa,
1861 3448 1961 3503 sed
1988 3450 2071 3503 sic

424 3543 674 3598 alterum
707 3541 776 3573 ³⁷⁰
807 3540 1195 3595 condiebatur
1226 3553 1297 3592 ex
1324 3538 1526 3603 altero,
1563 3542 1702 3593 utet
1730 3537 1859 3593 boni
1884 3536 1950 3569 ³⁷1
1974 3538 2072 3591 ha-

425 3632 631 3686 berent
664 3629 907 3683 amando
932 3627 1084 3697 quod
1112 3628 1364 3682 facerent
1398 3625 1464 3657 “7’
1488 3630 1546 3681 et
1570 3626 1731 3696 pravi
1758 3627 2068 3682 metuendo

424 3719 578 3789 quod
613 3719 881 3787 fugerent
910 3716 999 3771 ³⁷³.

493 3808 644 3863 Misit
662 3807 835 3861 etiam
854 3804 1142 3876 Speciales
1157 3805 1442 3875 epistolas
1459 3805 1807 3876 quibusdam
1843 3806 2067 3877 episco-

422 3896 515 3969 pis
545 3895 745 3950 Gallize
778 3900 835 3949 et
861 3894 1185 3950 Germania)
1212 3894 1359 3963 (160)
1385 3893 1540 3949 bulla
1567 3909 1669 3949 sua
1692 3894 1974 3963 signatas,
2004 3899 2064 3950 ut

419 3985 489 4041 ad
514 3983 848 4054 erigendam
874 3983 1156 4039 {ecclesia}
1176 3982 1559 4051 dejectionem
1581 3982 2061 4039 eteliminandam

418 4074 738 4131 hereticam
772 4073 1120 4145 pravitatem
1143 4071 1641 4143 reparandamque
1663 4071 2062 4127 ministrorum

2182 1937 2366 1993 stolas
2396 1936 2672 2007 Gregorii
2722 1940 2848 2008 VII,
2882 1941 3115 2010 Patrol,
3152 1945 3192 1995 t.
3228 1942 3503 1998 CXLVIII.

2253 2027 2461 2080 Verum
2492 2026 2624 2095 quia
2657 2026 2753 2082 ille
2786 2043 2897 2083 non
2929 2030 3118 2085 solum
3152 2031 3496 2100 apostolicae
3529 2032 3659 2087 sedi
3690 2048 3819 2089 con-

2184 2114 2360 2168 traria
2392 2129 2570 2169 ausus
2600 2116 2705 2170 fuit
2738 2117 3078 2188 praecipere,
3116 2118 3215 2173 sed
3248 2124 3303 2174 ct
3341 2122 3657 2192 praeceptis
3701 2122 3822 2192 ejus

2182 2218 2506 2273 repugnare
2539 2219 2639 2259 nec
2670 2205 3047 2274 adquiescere
3088 2207 3290 2277 voluit,
3345 2208 3652 2266 audiamus
3699 2213 3823 2267 mis-

2183 2306 2304 2346 sam
2337 2307 2365 2345 a
2399 2307 2543 2362 papa
2585 2294 3016 2349 Constantiensi
3051 2295 3211 2351 clero
3242 2302 3299 2351 et
3348 2298 3562 2368 populo
3610 2299 3823 2370 episto-

2186 2378 2314 2447 lam,
2353 2380 2404 2433 in
2439 2395 2548 2449 qua
2586 2381 2805 2451 liquido
2840 2384 3195 2454 continetur,
3230 2386 3383 2455 quod
3419 2387 3514 2455 qui
3550 2390 3823 2459 apostoli-

2183 2482 2265 2522 ca:
2299 2468 2420 2523 sedi
2455 2470 2797 2525 inobcdicns
2825 2472 3113 2532 extiterit.
3150 2473 3305 2529 nulla
3338 2474 3389 2529 ei
3422 2475 3678 2532 ﬁdelitas
3709 2478 3823 2533 cxi-

2186 2556 2328 2611 bitio
2361 2572 2465 2613 nec
2496 2573 2567 2613 ex
2600 2566 3097 2616 sacramentorum
3121 2560 3479 2631 obligatione
3513 2565 3648 2621 ﬁat:

2260 2666 2285 2695 ‹‹
2318 2647 2631 2713 Gregorius
2654 2647 2985 2718 episcopus,
3008 2664 3213 2705 servus
3237 2666 3541 2709 servorum
3562 2654 3684 2725 Dei,
3711 2654 3821 2711 cle-

2187 2734 2323 2789 ricis
2357 2743 2416 2790 et
2449 2736 2632 2803 laicis,
2672 2736 2987 2805 majoribus
3016 2745 3073 2793 et
3109 2740 3427 2797 minoribus
3460 2743 3515 2797 in
3548 2745 3822 2800 Constan-

2189 2824 2357 2879 ticnsi
2374 2824 2716 2895 episcopatu
2733 2826 3220 2897 consistentibus,
3242 2830 3625 2888 Christianam
3644 2832 3817 2903 legem

2187 2914 2585 2982 diligentibus,
2640 2915 2884 2970 salutem
2930 2920 2986 2971 et
3035 2919 3416 2987 apostolicam
3470 2922 3821 2978 benedictio-

2186 3017 2332 3057 nem.
2371 3003 2625 3057 Misimus
2660 3004 2823 3057 fratri
2859 3013 3082 3075 uostro,
3118 3007 3399 3078 episcopo
3431 3013 3630 3066 vestro
3666 3011 3821 3065 Otto-

2187 3091 2262 3159 ni,
2296 3099 2407 3145 ete.
2445 3111 2472 3143 »
2521 3092 2659 3146 Vide
2688 3093 2752 3147 in
2784 3091 3066 3163 Gregorio
3121 3096 3250 3152 VII.

2256 3182 2397 3235 Item
2429 3181 2685 3236 Iloberto
2719 3182 3155 3240 Flandrcnsium
3187 3186 3385 3240 comiti
3416 3204 3427 3241 :
3458 3210 3486 3235 α
3510 3187 3822 3257 Gregorius

2185 3283 2524 3340 episcopus,
2560 3285 2764 3325 servus
2792 3287 3095 3327 servorum
3125 3273 3245 3343 Dei,
3282 3274 3345 3329 Β.
3382 3274 3814 3333 Flaadrensium

2184 3358 2378 3413 comiti
2413 3365 2658 3413 sautcm
2693 3363 2751 3413 et
2784 3360 3163 3430 apostolicam
3198 3362 3686 3421 benedictionem.
3737 3367 3812 3421 Ex

2186 3452 2348 3515 parte
2379 3446 2796 3517 omnipotentis
2830 3449 2921 3502 Dei
2956 3454 3014 3502 et
3056 3450 3410 3506 auctoritate
3460 3452 3612 3507 beati
3663 3453 3813 3508 Petri

2181 3535 2575 3605 apostolorum
2610 3536 2894 3606 principis
2923 3542 2979 3592 te
3014 3552 3301 3609 rogamus,
3328 3546 3494 3596 etc.»
3533 3542 3674 3599 Vide
3692 3541 3817 3598 ibid

2252 3626 2391 3679 Item
2423 3624 2493 3679 ad
2527 3624 2708 3681 laicos
2735 3641 2841 3696 pro
2873 3628 3231 3696 exequendis
3260 3630 3671 3699 superioribus
3705 3639 3812 3687 sta-

2182 3714 2323 3768 tutis
2352 3732 2364 3770 :

2252 3823 2280 3855 «
2312 3804 2627 3873 Gregorius
2658 3805 2987 3878 episcopus,
3024 3823 3228 3865 servus
3262 3825 3566 3867 servorum
3599 3812 3717 3881 Dei,
3753 3810 3804 3866 di

2178 3892 2348 3948 lectis
2373 3894 2427 3947 in
2452 3894 2683 3950 Christo
2707 3894 2861 3964 Iiliis,
2890 3896 3221 3967 Berthaldo,
3248 3898 3805 3972 Rodulpho,Welfon

2178 3982 2427 4039 ducibus
2488 3983 2636 4053 (163)
2700 3984 2947 4041 salutem
3012 3990 3075 4041 et
3137 3986 3515 4056 apostolicam
3578 3987 3809 4045 benedic

2176 4072 2409 4128 tionem.

1782 4168 2018 4223 VARUS
2059 4170 2457 4227 LECTlONES.

480 4261 549 4295 an
577 4291 600 4301 -
630 4262 741 4317 mis
759 4262 899 4330 jam
928 4260 1159 4317 excidit
1187 4262 1253 4315 in
1281 4272 1327 4315 c.
1366 4258 1433 4290 ³⁵⁸)
1456 4289 1481 4331 7-
1513 4272 1682 4313 rvans
1699 4257 1837 4331 jam
1866 4258 2098 4331 excidit
2122 4260 2187 4315 in
2213 4272 2261 4315 c.
2291 4258 2359 4291 ³⁵¹
2385 4290 2407 4299 -
2437 4260 2661 4316 scelere
2683 4261 2821 4331 jam
2848 4262 3048 4318 exidit
3072 4261 3141 4318 in
3166 4275 3217 4320 c.
3264 4262 3333 4296 ³⁸²
3380 4294 3403 4305 -

3454 4270 3644 4323 retum
3680 4264 3811 4334 jam

414 4332 647 4390 excidit
674 4327 819 4389 ine.
854 4332 922 4364 ³³⁵³
950 4362 972 4371 -
1001 4331 1259 4414 cnsjam
1288 4330 1515 4414 excidit
1544 4331 1681 4414 in‘c.
1714 4327 1779 4360 ³⁸⁸
1808 4358 1830 4368 -
1860 4330 2159 4414 versitatis
2175 4331 2313 4398 jam
2344 4333 2573 4414 excidit
2601 4327 2749 4414 innec.
2796 4332 2865 4414 τξδδ
2914 4348 3026 4414 non
3081 4350 3147 4405 pa
3178 4365 3200 4374 -
3219 4336 3356 4414 fani
3394 4327 3727 4414 excidiAtAi'n
3763 4348 3806 4414 ᾳ,

478 4404 551 4459 35°.
579 4411 682 4475 pot
710 4435 733 4445 -
750 4405 889 4474 jam
918 4399 1152 4475 excidit
1174 4405 1239 4457 in
1267 4416 1314 4475 c.
1349 4401 1416 4475 1⁵⁷
1448 4399 1732 4475 complice
1763 4404 2063 4475 sectatore
2080 4403 2218 4475 jam
2248 4402 2438 4457 excid.
2482 4405 2546 4459 in
2576 4418 2621 4460 c.
2673 4402 2785 4475 3‘};
2807 4404 2916 4460 hus
2944 4399 3095 4474 jam’
3126 4399 3357 4463 excidit
3391 4409 3458 4463 in
3498 4407 3657 4463 c."”
3677 4438 3699 4447 -
3738 4406 3806 4462 cii

412 4491 508 4534 sus
530 4506 557 4547 ξ
576 4470 713 4547 jam
741 4470 865 4531 exc.
896 4476 964 4530 in
990 4488 1040 4529 c.
1064 4473 1140 4547 ί³⁶⁰
1174 4473 1295 4547 pari
1320 4474 1455 4543 jam
1484 4486 1606 4547 exc.
1649 4472 1714 4527 in
1740 4485 1787 4527 c.
1816 4470 1890 4547 fl“
1919 4501 1942 4511 -

1994 4479 2130 4527 ntur
2142 4474 2281 4542 jam
2325 4487 2448 4529 exc.
2500 4475 2569 4531 in
2612 4488 2659 4530 c.
2710 4472 2778 4506 ³⁶¹
2824 4505 2846 4515 -

2892 4476 3135 4549 mandus
3183 4483 3273 4532 est
3301 4480 3434 4549 jam
3481 4492 3603 4549 exc.
3630 4480 3717 4549 _in
3760 4492 3802 4531 ε.

478 4545 547 4581 ³⁸³
577 4541 600 4588 ἰ
630 4562 700 4602 en
720 4549 860 4618 jam
890 4546 1115 4618 exagin
1139 4541 1293 4618 cluas}
1320 4541 1343 4583 ὲ
1372 4558 1467 4618 em
1480 4545 1618 4613 jam
1646 4542 1940 4618 ex_c._in_c.
1973 4541 2046 4618 ³οῆ
2061 4541 2213 4618 papa
2233 4545 2375 4618 jam
2425 4559 2548 4601 exc.
2601 4546 2667 4601 in
2707 4560 2754 4602 c.
2785 4544 2855 4578 ³⁸⁸
2881 4575 2905 4587 -
2933 4547 3012 4618 tis
3034 4548 3171 4617 jam
3206 4541 3336 4605 exc.
3386 4552 3450 4605 in
3488 4563 3535 4605 c.
3580 4547 3649 4582 ³⁸⁷
3682 4554 3805 4604 erat

393 4621 531 4691 jam
560 4614 883 4698 exciditnin
913 4631 959 4673 c.
995 4616 1064 4647 ³⁸⁸
1092 4614 1351 4702 sollicitu
1391 4645 1413 4655 -
1432 4616 1570 4702 (an:
1601 4614 1831 4702 excidit
1856 4614 1921 4696 in
1949 4628 1995 4669 c.
2029 4614 2099 4648 εδδ
2134 4617 2404 4702 ςυιχᾳριὶο
2421 4619 2566 4702 iam”
2588 4630 2711 4700 exc:
2756 4618 2823 4672 in
2869 4631 2916 4673 c.
2956 4614 3113 4702 -.

1487 4684 1507 4717 ²
1541 4685 1798 4740 facerent
1844 4686 1983 4755 jam
2012 4685 2243 4743 excidit
2265 4684 2333 4743 in
2359 4684 2510 4744 cf“
2544 4690 2600 4744 fu
2626 4717 2650 4728 -
2668 4690 2806 4759 jam
2835 4688 3067 4746 excidit
3090 4690 3157 4747 in
3185 4704 3231 4749 c.

1463 4685 1483 4717 7

404 4687 469 4748 in
499 4705 547 4749 c.
578 4689 647 4722 ³η
679 4689 813 4745 boni
830 4690 969 4760 jam
997 4687 1227 4744 excidit
1250 4687 1317 4743 in
1356 4700 1404 4742 e.

2215 4617 2404 4692 reptio
2421 4619 2711 4692 fantem,
2756 4618 2823 4672 in
2869 4631 2916 4673 c.
2958 4617 3111 4692 A3335
3154 4634 3184 4674 c
3233 4621 3480 4677 alterum
3499 4623 3626 4692 jam
3677 4632 3794 4676 exc.

1995 4782 2216 4839 NOTAE.

475 4879 625 4948 (157)
658 4878 813 4932 Hanc
846 4874 1157 4949 epistolam
1190 4872 1381 4949 medio
1412 4887 1559 4929 anno
1594 4876 1731 4929 1073
1766 4872 2047 4945 scriptam
2080 4876 2131 4935 D
2167 4873 2376 4949 l‘ridum
2418 4875 2812 4949 Moguntinum
2858 4874 3366 4949 archiepiscopum
3417 4893 3457 4933 u
3504 4878 3647 4934 Non.
3700 4877 3797 4949 De-

402 4947 535 5025 esse
570 4947 939 5025 cenﬁrmavit
974 4947 1413 5025 Stenzel_l,348.
1609 5014 1619 5025 .

476 5024 626 5091 (153)
676 5021 884 5077 Veram
912 5050 981 5059 -—
996 5032 1178 5092 posse
1206 5019 1397 5075 Deum
1426 5029 1497 5072 ex
1528 5017 1780 5087 epistola
1813 5017 1886 5073 ad
1918 5018 2054 5074 Ger-

402 5106 621 5148 manes.

474 5164 623 5241 (160)
656 5160 856 5241 illaesi,
892 5162 1033 5230 VIII,
1068 5165 1244 5241 p.“33.
1544 5232 1557 5241 ‘
1818 5232 1826 5241 _

500 5164 623 5232 159)
656 5164 856 5230 Mansi,
892 5164 1033 5230 VIII,
1068 5177 1119 5232 p.
1159 5165 1244 5216 33.

472 5164 621 5304 (160)
656 5235 739 5288 Ad
774 5235 1091 5288 Manassem
1126 5233 1490 5304 Rcmensem,
1526 5232 1597 5287 de
1630 5247 1743 5302 quo
1775 5232 1907 5288 vide
1957 5247 2050 5287 su-

398 5318 525 5375 pra,
564 5306 633 5361 ad
662 5306 1045 5360 Isembertum
1079 5303 1459 5359 Pictavcnsen
1494 5304 1632 5372 Reg.
1666 5304 1825 5373 I,73;
1874 5304 1940 5383 II,
1993 5309 2044 5373 2,

399 5380 504 5432 23;
538 5376 610 5431 ad
643 5376 955 5432 Rogerium
986 5373 1467 5431 Catalaunensem
1505 5376 1542 5432 I.
1577 5377 1684 5432 :56:
1718 5374 1787 5429 ad
1823 5375 2048 5429 Dietwi-

399 5391 504 5442 23;
538 5391 610 5431 aa
643 5391 955 5446 uogerium
986 5391 1467 5431 cataiaunensem
1505 5391 1542 5441 ι,
1577 5391 1684 5440 oo;
1718 5391 1787 5429 ao
1823 5391 2048 5429 UICLWI-

398 5460 535 5503 num
568 5447 941 5503 Leodiensem
976 5447 1043 5515 11,
1075 5450 1135 5502 01
1168 5463 1182 5512 ;
1217 5445 1287 5501 ad
1319 5445 1646 5502 Rainerium
1674 5445 2048 5502 Aurelianen-

395 5532 517 5575 sem
550 5519 645 5587 III,
682 5524 767 5587 17,
804 5521 868 5588 V,
899 5524 949 5587 9,
984 5522 1053 5575 20
1080 5535 1094 5584 ;
1122 5519 1193 5573 ad
1228 5517 1551 5571 Liemarum
1598 5519 1924 5573 Bremesem
1973 5517 2040 5585 11,

396 5592 464 5646 28
490 5607 504 5656 ;
540 5589 611 5645 ad
642 5590 1051 5646 Herimannum
1082 5588 1567 5659 Bambergensem
1598 5590 1638 5659 I,
1672 5589 1741 5643 84
1764 5605 1778 5655 ;
1803 5590 1874 5645 ad
1899 5590 2044 5645 lien-

398 5661 579 5718 ricum
615 5660 949 5729 Spirensem
982 5661 1045 5729 V,
1084 5663 1168 5717 18.
1205 5661 1266 5717 Κ.

467 5732 619 5804 (161)
648 5730 931 5804 Respicit,
965 5731 1021 5786 ni
1056 5732 1245 5804 fallor,
1279 5730 1351 5804 ad
1382 5730 1693 5803 epistolam
1722 5731 1973 5804 Registr.
1996 5731 2038 5801 1,

390 5805 460 5862 60
481 5802 685 5861 datam
714 5802 785 5860 xv
818 5802 940 5861 Kal.
977 5804 1184 5874 April.,
1216 5802 1330 5861 ind.
1372 5802 1457 5874 12,
1490 5808 1548 5859 et
1582 5804 1649 5874 11,
1684 5808 1750 5861 19
1780 5804 1852 5860 ad
1885 5802 2042 5871 Sige-

1346 6390 1511 6416 _.»
1564 6392 1747 6420 g':
1836 6402 2003 6422 9—.
2054 6411 2119 6423 ο

2162 4947 2406 5018 cembr.,
2445 4947 2559 5003 ind.
2596 4952 2684 5015 13,
2720 4949 2754 5004 i.
2788 4964 2839 5004 e.
2878 4948 3017 5004 1074
3047 4945 3259 5004 datam.
3295 4949 3380 5005 Ad
3417 4949 3683 5005 eumdem
3730 4945 3796 5001 de

2160 5017 2510 5091 Ilerimanno
2537 5020 2669 5073 Bam
2681 5019 2945 5089 bergensi
2971 5020 3248 5091 episeopo
3264 5026 3323 5076 et
3338 5019 3635 5091 Wernerio
3648 5020 3795 5091 Stra-

2161 5090 2491 5158 shurgensi,
2527 5091 2623 5161 qui
2656 5087 2811 5160 regis
2863 5087 3131 5161 partibus
3177 5087 3476 5161 'I'avebant,
3525 5087 3800 5161 epistolas

2158 5162 2407 5230 Registr.
2447 5162 2536 5229 Ill,
2570 5166 2621 5225 2,
2655 5165 2704 5231 4,
2740 5163 3000 5233 scripsit,
3034 5169 3093 5217 et
3126 5162 3198 5218 ad
3228 5164 3497 5219 Ottonem
3520 5163 3796 5218 Constan-

2158 5233 2403 5359 23371138}?
2434 5233 2686 5302 Registr.
2722 5235 2764 5304 I,
2798 5232 2886 5304 60,
2920 5248 3003 5289 ιιι.
3040 5233 3120 5289 1d.
3157 5235 3397 5305 Martiis,
3424 5233 3540 5289 ind.
3568 5232 3714 5304 13,1.
3738 5236 3794 5286 et

2265 5328 2315 5358 ι).
2399 5345 2412 5358 .

2159 5309 2315 5360 1075.
2351 5309 2412 5359 Κ.

2229 5378 2376 5457 (162)
2408 5373 3243 5457 Desiderantur.haiegpistolaa
3276 5374 3790 5457 inHRegistroﬁGre-

2155 5447 2342 5517 gorii;
2376 5453 2624 5503 servata;
2658 5447 2884 5503 suntin
2928 5446 3057 5505 Vita
3099 5448 3362 5518 Gregorii
3412 5446 3573 5505 Pauli
3625 5446 3790 5518 Bern-

2156 5515 2558 5595 riedensis-37,
2582 5523 2681 5595 .38,
2717 5525 2793 5595 et_
2806 5517 2859 5573 in
2890 5515 3372 5595 codicepdalrici
3407 5523 3526 5590 142,
3571 5521 3688 5595 143.
3721 5515 3779 5595 Ii.

2156 5589 2304 5660 (163)
2336 5588 2648 5646 Cariuthiae
2669 5587 2726 5645 et
2761 5591 3023 5659 Sueviae;
3065 5591 3347 5648 Welfonis
3391 5587 3598 5648 nomen
3642 5587 3785 5644 desi-

2154 5660 2394 5741 deratur
2424 5660 2479 5715 in
2508 5661 2760 5741 BAegistr.
2794 5662 2861 5741 11,
2898 5666 2984 5733 45,
3019 5666 3077 5741 et
3126 5661 3283 5741 _apu_d
3330 5661 3588 5741 Paulum
3605 5659 3782 5741 110.ιή-

2153 5731 2482 5860 ξὲςῖίὲθηὲθω
2505 5731 2613 5800 39;
2644 5733 2779 5789 data
2811 5731 3005 5792 Romae
3038 5738 3089 5803 3,
3123 5731 3201 5793 id.
3231 5735 3381 5806 Jan.,
3414 5732 3532 5804 ind,
3568 5735 3651 5800 13,
3683 5731 3697 5784 i
3726 5742 3774 5785 e.
