3922 6432
357 372 473 432 299

1316 366 1679 434 HUGONIS
1722 364 2076 431 ABBA’I‘IS
2120 366 2798 431 FLAVINIACENSIS

3648 368 3792 429 300

358 509 521 579 tium,
556 523 798 577 quorum
830 523 941 563 non
967 504 1321 563 abhorrebat
1369 505 1788 563 communionis
1822 503 1998 561 sacri-
2027 505 2081 564 A
2104 503 2399 572 jnstorum
2434 522 2446 569 ;
2481 508 2539 558 et
2572 518 2773 558 eorum
2801 517 2863 558 se
2891 502 3039 557 [ilics
3064 502 3360 571 i-stimant,
3384 518 3633 573 quorum
3667 518 3786 575 per

360 596 571 665 legium
601 614 614 662 ;
649 596 728 651 Cf.
751 597 913 667 [llon.
938 611 1022 667 ep.
1059 611 1095 665 ι,
1131 602 1183 665 2,
1210 595 1299 665 69]
1325 595 1423 650 sed
1451 596 1722 650 servabat
1760 594 1995 649 odorem

357 690 521 753 gesta
554 699 669 753 quo
692 698 899 739 recens
930 690 1053 739 erat
1077 683 1319 740 imbuta.
1345 683 1451 749 Qui
1482 681 1761 753 quanti‘m
1779 682 1995 752 scripta

358 776 454 828 aut
490 773 664 828 verba
698 787 803 843 per
834 773 1061 841 legatos
1094 772 1293 842 missa,
1324 772 1451 840 ejus
1484 771 1783 827 declarant
1824 772 1993 837 facta,

357 876 486 917 cum
502 876 613 916 non
634 861 821 917 solum
847 876 875 916 a
892 861 1250 932 perpetratis
1273 861 1615 916 criminibus
1634 860 1705 915 ad
1732 858 2001 914 emenda-

358 951 569 1004 tionem
603 948 865 1005 revocari
898 964 1009 1005 non
1027 949 1240 1019 potuit,
1277 950 1592 1005 scdfurore
1621 947 1995 1004 conscientia}

358 1038 647 1093 mordacis
675 1042 965 1108 arreptus,
993 1053 1105 1093 non
1124 1038 1287 1109 prius
1302 1038 1553 1105 destitit,
1601 1038 1781 1093 donec
1796 1050 1997 1091 omnes

358 1140 504 1195 pene
533 1126 844 1198 episcopos
891 1126 1076 1182 Italiae
1096 1127 1697 1183 etheuthonicarum
1721 1125 1993 1196 partium,

356 1218 641 1285 quotquot
678 1214 888 1285 potuit,
930 1214 1087 1269 circa
1113 1215 1328 1269 Christi
1364 1215 1896 1283 ﬁdemnaufragare
1922 1215 2000 1269 fe-

353 1303 454 1373 cit,
492 1303 625 1359 dum
651 1317 756 1359 eos
770 1302 1025 1358 debitam
1049 1304 1221 1358 beato
1246 1304 1422 1358 Petro
1440 1308 1498 1358 et
1515 1302 1852 1374 apostolicae
1875 1302 1997 1357 sedi

356 1390 750 1447 obedientiam
784 1396 839 1445 et
865 1392 1144 1447 honorem
1175 1406 1204 1446 a
1239 1391 1472 1446 domino
1506 1394 1643 1447 Jesu
1659 1406 1999 1447 concessum

356 1482 647 1548 abnegare
679 1480 892 1548 coegit.
930 1479 1072 1545 Quia
1108 1480 1461 1549 verojustus
1490 1479 1655 1535 diviti
1691 1480 1884 1535 favere
1907 1494 2001 1535 nc-

357 1568 489 1640 scit,
517 1584 623 1625 nec
656 1568 792 1624 facit
822 1568 1136 1638 quidquam
1186 1568 1627 1624 commendandi
1680 1583 1740 1624 se
1798 1583 1997 1639 causa,

357 1672 488 1713 eum
522 1657 672 1727 quia
706 1671 843 1712 vero
878 1656 1080 1711 devius
1109 1657 1509 1727 superbiebat,
1558 1658 2003 1727 potenterdom-

358 1759 469 1800 nus
504 1758 652 1815 papa
685 1744 1439 1812 redarguebat,scienscam
1463 1759 1595 1799 esse
1626 1745 1895 1801 veritatis
1915 1760 2003 1800 re-

2110 594 2345 648 honoris
2368 592 2901 663 concupiscentiam
2956 592 3137 647 cilicia
3190 594 3455 647 exterius
3515 592 3783 648 admini-

2110 685 2318 735 strant.
2356 681 2463 735 Sed
2489 696 2596 735 non
2625 686 2761 735 sunt
2789 695 2991 735 eorum
3025 680 3125 734 ﬁlii
3180 696 3424 749 quorum
3486 681 3612 737 loca
3694 687 3783 736 tc-

2112 774 2266 837 nent,
2297 770 2395 824 sed
2416 784 2851 839 quorumcpera
2876 774 3170 825 exercent.
3194 770 3366 825 Stulti
3395 769 3591 841 itaque
3624 778 3779 826 sunt

2110 858 2240 928 quia
2266 872 2460 912 veram
2496 857 2837 927 sapientiam
2890 873 3001 912 non
3043 857 3397 928 intelligunt,
3471 859 3777 928 ignobiles

2112 946 2244 1001 facti
2272 951 2404 1001 sunt
2432 946 2564 1015 quia
2598 945 2753 1001 nulla
2790 945 3036 1016 spiritus
3069 946 3341 1001 libertate
3374 953 3767 1003 renovantur.

2110 1035 2197 1089 Ilii
2232 1034 2402 1106 positi
2426 1033 2497 1088 ad
2531 1034 3420 1103 superintendendumﬁdelibus
3482 1043 3767 1106 premunt

2110 1139 2210 1179 eos
2248 1123 2441 1194 potius
2469 1137 2637 1193 quam
2673 1123 3048 1192 rcgant,quia
3073 1124 3181 1177 sub
3205 1124 3433 1178 nomine
3455 1131 3765 1196 pastorum

2111 1213 2267 1268 lucra
2302 1211 2370 1265 de
2403 1210 2682 1279 religione
2716 1215 3035 1265 sectantur.
3097 1211 3213 1266 Sub
3280 1228 3480 1268 eorum
3535 1213 3762 1271 ducatu

2110 1298 2578 1368 Deusirridetur,
2613 1299 2755 1354 lidcs
2787 1300 3769 1370 estobprobrio,veritasincrimi-

2112 1404 2203 1460 ne,
2237 1392 2296 1444 et
2328 1392 2494 1443 tanto
2528 1392 2615 1443 est
2643 1387 2890 1456 quisque
2923 1388 3256 1458 deSpectior
3280 1391 3763 1460 quantojnstior,

2113 1482 2278 1534 tanto
2301 1475 2750 1532 abhominabilis
2771 1477 3002 1545 quando
3040 1478 3380 1533 laudandus.
3410 1479 3675 1545 Quicum
3706 1481 3763 1534 in

2113 1567 2377 1623 aecclesia
2407 1582 2534 1621 csse
2559 1566 2885 1633 videantur,
2922 1566 3090 1635 longe
3116 1568 3186 1621 ab
3244 1582 3307 1621 ea
3344 1567 3587 1637 fugiunt,
3646 1584 3764 1637 non

2114 1654 2381 1727 passibus
2410 1668 2739 1722 grcssuum,
2757 1653 2857 1708 sed
2875 1654 3260 1723 qualitatibus
3277 1670 3516 1710 morum.
3536 1655 3767 1722 Quiau-

2112 1749 2231 1798 tem
2264 1742 2383 1797 sint
2415 1741 2491 1795 hii
2528 1740 2805 1797 malorum
2841 1742 3197 1811 incentores,
3225 1743 3321 1812 qui
3350 1744 3521 1812 regiae
3549 1745 3765 1814 iniqui-

357 1831 573 1900 gulam,
610 1847 721 1887 non
752 1831 1020 1901 accipere
1052 1846 1355 1902 personam
1390 1832 1645 1903 potentis
1685 1833 1995 1904 injudicio,
2025 1854 2084 1917 Β
2118 1831 2257 1887 tatis
2291 1833 2549 1885 fautores
2582 1830 3105 1899 etconqilices,qni
3139 1831 3434 1887 castitatis
3466 1833 3766 1887 :ecclesia~

360 1920 608 1990 ideoque
635 1935 879 1990 quorum
896 1920 1138 1974 crimina
1164 1926 1501 1989 agnoverat,
1519 1920 1701 1975 libera
1721 1921 1775 1975 in
1799 1936 1997 1977 eorum

348 1996 758 2078 increpatione
795 2007 1093 2061 ferebatur
1124 2022 1281 2063 voce.
1314 2010 1381 2060 At
1418 2007 1511 2062 ille
1563 2009 1909 2078 reprehendi
1969 2025 1998 2065 a

359 2110 649 2166 quoquam
680 2100 777 2150 aut
811 2095 1025 2161 corrigi
1062 2095 1259 2164 inique
1293 2098 1505 2165 ferens,
1542 2097 2000 2167 occasionesque

360 2186 430 2242 ab
461 2184 644 2239 amico
680 2183 991 2239 recedendi
1028 2198 1300 2253 querens,
1326 2185 1457 2254 quia
1512 2200 1619 2240 non
1646 2189 1835 2255 potest
1869 2202 1999 2242 esse

361 2273 735 2343 participatio
761 2271 1005 2341 jnstitiaa
1028 2287 1155 2327 cum
1176 2272 1502 2343 iniquitate,
1531 2274 2003 2343 introitumejus-

359 2362 489 2416 dem
527 2360 847 2417 beatissimi
875 2374 1036 2429 papa}
1058 2360 1319 2429 Gregorii
1339 2362 1451 2423 Vl],
1478 2365 1715 2433 culpare
1736 2362 1914 2433 cepit,
1938 2370 2001 2419 ut

357 2450 558 2521 culpas
590 2448 882 2520 symonize,
919 2464 1046 2517 qum
1068 2450 1140 2503 ab
1171 2450 1371 2503 eodem
1407 2450 1462 2503 in
1494 2466 1556 2505 sc
1606 2451 1796 2521 puniri
1835 2452 2003 2507 time-

361 2538 477 2607 bat,
518 2537 568 2591 in
596 2536 754 2592 illum
789 2534 1139 2590 reﬂecteret.
1178 2538 1362 2591 Ausus
1393 2542 1480 2591 cst
1517 2538 1777 2593 etiamde
1801 2538 2003 2609 expul-

359 2626 522 2681 sione
539 2626 724 2696 ipsius
740 2629 977 2684 Romani
996 2628 1309 2700 pontiﬁcis,
1330 2643 1522 2700 quem,
1547 2632 1608 2683 ut
1641 2628 1720 2682 ait
1751 2628 2002 2697 Symma-

356 2716 501 2770 chus
523 2729 590 2785 pa
601 2731 690 2786 pa,
705 2731 811 2773 suo
824 2718 1124 2775 Deussine
1145 2719 1452 2787 quastione
1489 2718 1827 2774 reseratam!
1843 2716 2003 2773 arbi-

359 2798 762 2874 h'io,stipatus
789 2805 1161 2860 factiosorum
1179 2805 1365 2860 cilicio
1390 2808 1665 2872 tractare,
1683 2809 1738 2859 et
1760 2820 1850 2859 cui
1870 2820 2004 2860 con-

358 2898 687 2947 cessumest
744 2898 1114 2962 peccatorum
1153 2892 1383 2948 vincula
1429 2893 1673 2962 solvere,
1697 2892 2000 2949 criminum

358 2979 1782 3052 compedesfrangereJiuncpeccatorsuperbiens
1836 2997 2003 3037 cona-

363 3075 581 3136 tuscst,
603 3068 743 3137 proh
766 3067 952 3138 pudor
979 3073 1027 3124 la
1043 3068 1507 3136 sedejudiciaria
1542 3070 1891 3140 propellere,
1938 3076 1998 3127 ut

365 3160 554 3227 posset
573 3156 682 3211 sibi
697 3157 1056 3212 consimilem
1075 3160 1144 3213 de
1159 3159 1280 3212 suis
1296 3160 1708 3214 consentaneis
1725 3160 1777 3214 in
1790 3161 1839 3230 ej
1852 3159 2002 3215 uslo-

359 3245 779 3315 cosubrogare.
817 3246 924 3301 Sed
950 3251 1168 3301 nonest
1216 3247 1524 3303 consilium
1571 3252 1773 3304 contra
1822 3250 1998 3305 Deum

360 3334 555 3399 (Prov.
592 3350 708 3404 XXI,
735 3335 843 3405 30).
873 3334 1050 3400 Quem
1086 3336 1331 3390 humana
1394 3336 1719 3407 improbant
1758 3338 1996 3408 judicia,

359 3424 506 3479 Deus
537 3423 845 3493 approbat;
878 3429 936 3479 et
971 3439 1139 3493 quem
1174 3426 1326 3480 Deus
1377 3430 1655 3481 tucturet
1714 3428 1997 3497 approbat

361 3511 573 3565 frustra
610 3511 896 3581 impetunt
931 3511 1175 3566 humana
1211 3512 1523 3568 molimina.
1562 3515 1655 3569 Sic
1680 3515 1997 3583 igiturrex,

361 3613 469 3651 non
488 3612 589 3651 rex
611 3598 1404 3670 dicendusquiatyrannus,a
1447 3602 1700 3656 Romana
1753 3602 1997 3658 recessit

359 3685 644 3755 :ecclesia,
681 3687 1089 3742 factusinl'clix
1111 3690 1412 3744 menbrum
1445 3689 1603 3744 illius
1636 3690 1732 3760 qui
1782 3694 1871 3745 est
1900 3705 2002 3744 rex

360 3787 540 3842 super
571 3788 770 3827 omnes
794 3772 945 3826 ﬁlios
969 3774 1275 3844 superbia).
1303 3774 1605 3847 lmpletum
1638 3780 1724 3832 est
1775 3791 1913 3832 sane
1945 3777 2002 3845 in

358 3874 426 3913 eo
452 3858 592 3913 illud
624 3859 928 3915 Jheremizc
949 3862 1306 3931 vaticinium,
1360 3877 1474 3932 quo
1498 3868 1769 3934 suscepta
1822 3865 1876 3919 in
1940 3879 2002 3920 se

361 3946 825 4003 totiushumanre
855 3950 1318 4005 conversationis
1350 3952 1545 4023 specie
1572 3967 1672 4022 per
1688 3952 2002 4008 lamentum

360 4035 628 4103 queritur
643 4036 871 4092 dicens:
890 4037 1898 4107 {nebride-itaneabsinthio(Three.
1919 4058 1999 4111 Ill,

358 4124 471 4194 15.)
494 4125 704 4180 Ebrius
726 4126 875 4179 enim
909 4127 1059 4196 quod
1088 4129 1312 4199 patitur
1358 4129 1566 4184 nescit.
1596 4130 1702 4195 Qui
1726 4146 1865 4186 vero
1908 4132 2002 4186 ab-

358 4212 575 4267 sinthio
594 4213 933 4283 inebriatur,
960 4220 1017 4271 et
1035 4216 1142 4271 hoc
1177 4217 1328 4286 quod
1348 4218 1596 4289 sumpsit
1614 4234 1867 4275 amarum
1886 4226 1998 4289 est,

356 4304 416 4354 et
444 4303 635 4355 tamen
662 4302 1062 4372 nonintelligit
1088 4304 1532 4361 amaritudinem
1565 4321 1673 4377 qua
1710 4309 1996 4379 repletur.

359 4387 499 4457 (Fol.
541 4387 702 4459 107⁸.)
734 4390 824 4445 Sic
857 4397 915 4446 et
949 4392 1041 4445 hic
1074 4391 1346 4449 dimissus
1386 4394 2004 4466 voluptatibussuiset

361 4491 461 4546 per
492 4492 591 4533 eas
616 4481 959 4548 spontaneis
982 4480 1762 4555 tribulationibustraditus,
1807 4487 1998 4541 absin-

2116 1921 2277 1975 sticae
2311 1919 2678 1990 spurcissimi
2699 1919 3479 1991 ettcmerariicorruptores,
3506 1921 3760 1992 suisjam

2114 2008 2436 2077 laboribus,
2457 2006 2960 2077 tribulationibus,
2977 2007 3400 2064 torticnibusct
3418 2008 3767 2068 calamitati.

2115 2098 2222 2152 bus
2239 2096 2383 2152 satis
2396 2110 2688 2166 superque
2704 2101 3063 2165 compertum
3081 2096 3252 2151 habet
3270 2103 3456 2152 mater
3468 2098 3758 2155 :ecclesia.

2112 2184 2406 2255 EpiSCOpi,
2426 2184 2678 2253 inquam,
2698 2184 2745 2237 si
2766 2188 2955 2239 tamen
2971 2184 3231 2255 episcopi
3248 2184 3478 2241 dicendi
3506 2194 3640 2242 sunt
3660 2190 3759 2257 qui

2115 2273 2722 2344 inreprehensibiliter
2751 2272 2947 2327 vivere
2979 2272 3246 2328 nolentes
3300 2281 3359 2329 et
3393 2276 3666 2346 reprendi
3729 2293 3757 2332 a

2113 2362 2235 2418 suis
2271 2361 2623 2432 primoribus
2670 2361 3030 2430 refugientes
3063 2361 3329 2417 instituta
3362 2364 3644 2420 canonica
3677 2368 3763 2420 te-

2114 2456 2432 2518 merantes,
2466 2453 2523 2504 et
2548 2450 2824 2505 canonica
2862 2451 3189 2505 invectione
3219 2452 3404 2506 notari
3466 2452 3758 2522 nolentes,

2114 2539 2221 2610 ipsi
2256 2538 2429 2593 etiam
2447 2539 2851 2594 universorum
2871 2539 3037 2593 matri
3052 2538 3317 2595 ecclesizc
3332 2546 3389 2595 et
3422 2541 3761 2611 apostolicae.

2114 2628 2238 2683 sedi
2276 2627 2673 2700 pra-judicium
2712 2629 2993 2695 fecerunt,
3040 2629 3241 2699 procul
3275 2629 3451 2685 dubio
3487 2630 3755 2700 usquead

2111 2720 2511 2787 contemptum
2546 2715 2706 2771 illius
2738 2718 3529 2789 grassantes,quidiscipulis
3561 2720 3756 2775 suiset

2112 2820 2330 2876 porcos
2351 2809 2570 2860 sanctm
2586 2805 2868 2861 accelesiie
2887 2807 3216 2863 rectoribus
3234 2807 3510 2878 loquitur,
3528 2808 3752 2865 dicens:

2118 2894 2231 2959 Qui
2259 2908 2359 2948 eos
2379 2893 2626 2965 spernit,
2650 2908 2741 2947 me
2770 2894 3171 2962 ,ςρθγηὶίίιῖια
3200 2910 3253 2963 x,
3292 2898 3355 2950 l6
3387 2913 3400 2960 ;
3435 2910 3757 2952 nonrecor—

2114 2984 2322 3038 dantes
2357 2982 2723 3036 decretorum
2757 2980 2892 3035 Julii
2919 2982 3606 3052 papzequibusstatutum
3641 2992 3752 3055 est,

2114 3077 2178 3127 ut
2202 3070 2353 3125 vires
2372 3084 2480 3123 non
2498 3070 2705 3123 habeat
2732 3068 3009 3139 quidquid
3030 3070 3371 3140 apostolicae
3389 3073 3544 3129 sedis
3559 3079 3759 3131 aucto-

2114 3160 2290 3214 ritate
2321 3157 2604 3225 obviaret,
2642 3157 2911 3227 quoniam
2944 3157 3144 3213 eadem
3178 3159 3349 3214 sedes
3388 3165 3759 3219 tcstanteve-

2034 3231 2082 3291 Ο
2116 3246 2311 3301 ritatis
2329 3261 2469 3302 voce
2496 3245 3067 3316 primumprimatum
3093 3248 3370 3318 optinuit,
3407 3264 3534 3318 quzc
3570 3252 3751 3321 prima

2112 3351 2223 3391 non
2248 3335 2563 3403 diceretur,
2600 3333 2830 3389 sialiam
2862 3337 3549 3409 supersehabcrct;quzc
3578 3340 3753 3395 etiam

2111 3429 2288 3494 caput
2330 3430 2417 3479 est
2446 3423 2697 3478 omnium
2731 3423 3149 3495 {ecclesiarum
3175 3440 3203 3480 a
3230 3440 3337 3497 qua
3370 3442 3569 3482 omnes
3603 3444 3758 3486 sum-

2114 3527 2282 3585 psere
2305 3513 2609 3581 originem.
2632 3512 2945 3567 Primatum
2962 3514 3113 3568 enim
3130 3530 3239 3568 non
3267 3514 3757 3584 synodalibusaut

2115 3601 2412 3670 aliquibus
2433 3600 2847 3656 commentatis
2883 3602 3090 3656 meruit
3128 3602 3435 3673 institutis,
3455 3606 3556 3659 sed
3574 3605 3758 3660 Domi-

2115 3705 2187 3744 no
2220 3689 2525 3758 largiente,
2562 3689 2659 3758 qui
2692 3689 2773 3743 ait
2808 3709 2819 3742 :
2864 3691 2949 3744 Tu
2978 3704 3037 3745 es
3066 3691 3304 3759 Petrus,
3329 3692 3387 3747 et
3414 3707 3591 3763 super
3608 3693 3759 3750 hanc

2103 3779 2341 3849 petram
2374 3776 2678 3847 cediﬁeabo
2708 3778 3233 3834 ecelesz'ammeam.

2189 3867 2298 3920 Hec
2327 3863 2515 3920 Julius
2548 3865 2617 3920 de
2648 3863 2902 3934 primatu
2924 3865 3086 3921 sedis
3118 3867 3458 3938 apostolicae
3476 3869 3749 3940 loquitur,

2116 3952 2902 4025 cuiomniumepiscoporum
2931 3954 3385 4023 ﬁnitivajudicia
3426 3962 3486 4012 et
3521 3974 3754 4027 congre-

2115 4042 2435 4112 gandarum
2465 4043 2815 4113 synodorum
2834 4043 2982 4098 dixit
3000 4044 3300 4113 privilegia
3324 4050 3639 4111 reservata.
3656 4049 3754 4103 νε-

2118 4146 2240 4188 run.
2278 4130 2409 4187 novi
2440 4130 2806 4199 dogmatista}
2831 4131 3052 4199 judicia
3075 4132 3390 4202 apostolica
3454 4142 3749 4205 spernunt,

2118 4220 2443 4291 scripturas
2458 4226 2689 4275 sanctas
2704 4218 3002 4290 abjiciunt,
3024 4220 3092 4276 de
3105 4221 3281 4277 corde
3298 4238 3401 4278 suo
3419 4223 3559 4293 proli
3572 4228 3752 4279 tentes

2116 4309 2517 4365 etmercedcm
2558 4308 2845 4363 scelerum
2891 4308 3090 4363 traditi
3130 4309 3440 4365 desideriis
3496 4310 3749 4368 cordium

2119 4411 2356 4453 suorum
2374 4396 2428 4451 in
2447 4396 2653 4452 suimet
2672 4411 2701 4451 a
2718 4396 3298 4465 Christoabjeccionc
3316 4399 3750 4470 recipientes.Hi

2118 4486 2318 4555 igitur,
2354 4484 2603 4541 concilio
2636 4484 2968 4540 Warmatize
2998 4485 3198 4541 habito
3232 4487 3411 4555 (l076.
3451 4489 3591 4545 Jan.
3635 4492 3745 4559 €24),

359 4565 1767 4642 tbiocstcbrius,quiaetamarapromundihujus
1811 4589 2004 4629 amore
2035 4596 2086 4655 D
2123 4574 2215 4629 ubi
2241 4573 2429 4627 omnis
2458 4587 2625 4641 quam
2662 4570 2913 4641 patimur
2938 4573 3240 4631 calamitas
3256 4580 3457 4630 exorta
3474 4578 3581 4645 est,
3605 4576 3752 4646 abje-

360 4652 590 4721 tolerat,
617 4660 674 4710 et
690 4656 1674 4716 eandemamaritudinemczecitatc
1708 4662 2002 4733 cupidita-

359 4741 434 4796 tis
463 4747 519 4797 ct
546 4743 836 4813 superbia:
857 4744 1821 4814 quasiebrietatisinsensibilitate
1849 4752 2003 4821 igno-

360 4836 468 4884 rat.
506 4830 683 4887 Stulti
712 4831 846 4885 facti
881 4836 1015 4888 sunt
1051 4835 1372 4889 consiliarii
1422 4836 1547 4906 ejus
1580 4843 1637 4893 et
1697 4839 2000 4907 ignobiles,

359 4919 822 4987 quosabeternaa
843 4920 1190 4979 hereditatis
1205 4926 1508 4980 consortio
1552 4926 1785 4997 repellit
1828 4928 2006 4982 servi-

358 5012 454 5063 tus
478 5008 709 5063 mentis.
738 5008 874 5063 Nam
894 5010 1183 5080 sapientia
1210 5011 1595 5080 hujusmundi
1619 5014 1872 5070 stultitia
1914 5021 2005 5070 est

357 5095 508 5165 apud
526 5097 721 5152 Deum.
743 5096 1032 5165 Ignobiles
1051 5099 1185 5155 facti
1212 5103 1647 5171 sunt,ym'dgm‘
1675 5103 1853 5175 facit
1879 5117 2007 5173 pee-

356 5183 574 5254 catum,
588 5199 795 5243 servus
807 5188 1130 5258 estpeeeati
1147 5190 1348 5257 (Joaa.
1368 5204 1488 5257 Vlll,
1529 5190 1636 5259 se),
1693 5206 1922 5261 semper
1950 5192 2006 5245 in

360 5271 603 5345 laqueis,
639 5289 870 5347 semper
892 5275 945 5330 in
969 5275 1243 5344 vinculis,
1269 5291 1583 5346 numquam
1609 5279 1756 5334 liber
1781 5296 1811 5335 a
1854 5295 2008 5335 com-

361 5360 625 5432 pedibus,
659 5363 792 5432 quia
835 5377 1067 5434 semper
1091 5362 1145 5417 in
1178 5362 1546 5420 criminibus.
1574 5365 1678 5430 Qui
1745 5368 2009 5437 quamvis

361 5448 709 5520 iniquiorum
742 5465 917 5522 opera
951 5457 1282 5513 exerceant,
1320 5458 1612 5523 occupant
1650 5458 1843 5511 tamen
1877 5455 2003 5513 loca

2117 4666 2326 4717 cerunt
2356 4675 2385 4715 a
2421 4675 2484 4715 se
2509 4659 2709 4729 jugum
2735 4660 3205 4735 disciplina3(Leg
3239 4679 3298 4733 η,
3343 4680 3394 4735 p.
3432 4666 3544 4736 64,)
3586 4678 3747 4735 quum

2118 4748 2332 4804 nullam
2369 4748 2555 4803 adhuc
2586 4749 2640 4803 in
2674 4749 2809 4803 illos
2825 4750 3073 4806 domnus
3099 4751 3750 4822 papaanathematisde-

2118 4837 2395 4893 stinasset
2430 4838 2800 4907 sententiam,
2819 4843 3110 4896 ctsanctaa
3135 4839 3745 4896 obedientiaelibellum

2120 4925 2345 4995 repudii
2370 4926 2868 4997 conscripserunt,
2908 4928 3746 5000 praelationisedisapostolice

2119 5014 2372 5083 superba
2393 5018 2451 5068 et
2498 5016 2804 5084 repentina
2855 5016 3189 5072 temeritate
3248 5017 3738 5075 abrenunciantes.

2121 5102 2258 5171 (Fol.
2296 5103 2443 5173 108.)
2467 5104 2718 5158 Primum
2756 5105 2860 5161 hoc
2885 5106 3232 5162 fermentum
3265 5111 3446 5162 totam
3494 5105 3743 5164 ecclesiae

2121 5204 2368 5247 massam
2391 5193 2675 5264 corrupit.
2715 5195 3043 5251 Conventus
3072 5194 3164 5250 hic
3197 5195 3353 5251 inter
3394 5194 3743 5253 nativitatem

2120 5277 2465 5334 dominicam
2496 5286 2553 5334 et
2579 5287 2918 5352 sequentem
2969 5282 3469 5354 quadragesimam
3528 5282 3744 5341 habitus

2120 5372 2233 5435 est,
2261 5368 2339 5423 ita
2364 5368 2722 5426 distantibus
2754 5371 2974 5441 spaciis
3007 5374 3068 5427 ut
3099 5386 3480 5443 quaecumque
3505 5373 3744 5443 ibigere—

2121 5460 2318 5512 rentur
2350 5457 2585 5513 Romam
2619 5461 2881 5530 tempore
2914 5460 3118 5530 synodi
3144 5460 3348 5516 referri
3380 5466 3635 5532 possent.
3653 5461 3741 5517 Die

1738 5560 1970 5618 VARI/[‘3
2013 5562 2410 5618 LECTIONES.

429 5643 495 5679 ³⁷⁴
516 5644 723 5717 supple
754 5643 977 5700 fecerit.
