3922 6400
190 375 308 438 301

1453 376 1930 441 CHRONICOB
1963 415 2066 440 .--
2095 380 2249 444 LIB.
2285 380 2357 442 II.

3494 389 3609 450 302

190 526 335 566 vero
354 511 621 568 natalitio
641 514 886 570 Andrea:
905 512 1157 584 apostoli
1184 513 1343 581 (Nov.
1369 518 1479 582 30),
1507 517 1640 568 ante
1661 511 1844 584 ipsam
1876 513 1930 573 A
1963 528 2307 570 concessum
2341 520 2449 584 est,
2491 520 2549 572 ut
2583 515 2712 571 aliis
2755 513 3127 586 pri'emiueret
3157 521 3215 570 et
3246 532 3445 574 eorum
3480 537 3607 591 qum

191 599 408 656 natalis
438 603 536 656 Dei
574 603 950 658 festivitatem
983 602 1138 674 apud
1182 603 1544 670 Bavcmbcrg
1577 601 1844 656 Heinrico

193 689 412 759 posito,
447 694 608 746 tanta
651 691 835 747 adhuc
877 693 1029 746 inter
1075 706 1319 759 regnum
1351 695 1409 745 et
1441 705 1724 746 summum
1757 705 1846 746 sa-

192 778 524 833 cerdotium
543 779 773 848 vigebat
790 781 1121 849 concordia,
1141 788 1202 835 ut
1225 779 1536 835 destitutio
1553 779 1843 849 pontificis

197 865 364 922 urbis
417 868 620 938 ipsius,
673 873 730 924 et
784 870 1129 925 substitutio
1190 868 1435 924 alterius
1495 868 1843 923 obedientiae

191 953 391 1010 domui
424 972 586 1027 papae
618 958 1022 1028 deputaretur.
1053 957 1152 1012 llle
1185 957 1380 1026 igitur,
1412 956 1665 1026 quiante
1699 957 1844 1010 nati-

195 1043 443 1098 vitatem
475 1045 819 1102 dominicam
847 1051 1021 1102 tantae
1048 1047 1100 1100 in
1125 1046 1368 1101 ecclesia
1399 1045 1843 1113 magniﬁcentiae

197 1136 350 1201 erat,
370 1137 429 1187 ut
451 1132 521 1188 aii
546 1140 744 1190 nutum
772 1135 927 1190 illius
952 1135 1302 1189 mutationes
1322 1134 1585 1189 ordinum
1616 1134 1839 1201 fierent,

202 1221 408 1289 paucis
436 1228 566 1292 post
593 1224 957 1279 nativitatem
979 1224 1185 1278 diebus
1208 1224 1589 1278 incouveutus
1609 1227 1664 1276 et
1689 1224 1844 1276 inau-

201 1309 367 1364 ditus
394 1312 755 1382 proscriptus
777 1319 885 1380 est,
904 1319 1252 1382 etquantum
1271 1312 1339 1366 ad
1358 1310 1490 1365 ilics
1515 1311 1839 1381 depositus.

200 1397 288 1450 Ex
329 1397 422 1452 die
461 1400 632 1470 enim,
676 1417 784 1470 qua
838 1402 982 1455 tanti
1023 1402 1093 1454 ab
1133 1401 1401 1455 omnibus
1452 1400 1686 1453 habitus
1731 1402 1842 1466 est,

202 1484 424 1542 nullam
457 1503 658 1544 eorum
702 1489 1047 1559 legationem
1083 1489 1328 1559 accepit,
1367 1502 1546 1557 usque
1579 1488 1713 1542 dum
1751 1486 1846 1541 illa

200 1575 433 1631 veniret
466 1593 576 1646 qua
611 1579 827 1633 dictum
863 1585 951 1634 est
980 1598 990 1632 :
1016 1579 1328 1646 Descende,
1361 1578 1641 1633 descende
1669 1577 1851 1634 inter-

199 1663 463 1721 dicimus
495 1666 604 1722 tibi
623 1669 733 1738 jus
763 1683 928 1724 omne
946 1669 1214 1738 pdpdtus
1247 1668 1443 1736 (Legg.
1475 1682 1530 1734 u,
1561 1682 1612 1736 p.
1642 1669 1747 1735 47).

278 1753 491 1807 Audia:
524 1754 733 1810 omium
756 1761 814 1810 et
839 1757 1237 1826 Obstupescat,
1274 1754 1564 1821 intelligat
1606 1758 1760 1808 terra
1795 1757 1849 1806 et

1962 602 2030 656 ad
2085 603 2380 672 querelam
2440 605 2700 659 venirent
2754 619 2962 658 causas
3005 610 3062 658 et
3118 605 3607 676 interrogatiosz

1962 691 2284 761 prudenter
2315 692 2672 764 disponeret.
2704 694 2865 758 Quod
2893 693 2989 747 Dei
3013 694 3382 750 ordinatione
3416 703 3605 753 aetum

1959 785 2069 848 est,
2106 795 2173 836 ne
2209 782 2426 850 posteri
2460 796 2661 836 eorum
2693 787 2899 836 cuncta
2934 782 3041 836 sibi
3076 784 3474 853 vendicareut,
3507 789 3607 843 sed

1959 868 2029 922 ad
2069 883 2235 923 unam
2273 869 2425 923 beati
2469 870 2625 924 Petri
2668 870 3063 940 apostolorum
3100 871 3381 942 principis
3413 874 3608 929 sedem

1957 956 2342 1025 confluerent,
2377 962 2436 1012 ut
2464 958 2596 1013 inde
2629 958 2949 1028 suscipiant
2984 960 3150 1012 linem
3187 961 3337 1015 unde
3372 977 3609 1033 accepe-

1959 1049 2093 1098 runt
2126 1045 2360 1100 iniciunt
2412 1046 2867 1116 institutionum,
2918 1063 2986 1101 ne
3042 1049 3387 1117 quandorpu':
3433 1068 3461 1104 a
3503 1068 3609 1106 suo

1958 1131 2594 1205 discreparentcapite.
2628 1155 2653 1187 »
2685 1135 2974 1191 Adrianus
3006 1151 3234 1204 quoque
3268 1155 3410 1208 papa
3438 1156 3489 1194 in
3517 1143 3616 1207 de,

1957 1221 2136 1275 cretis
2162 1223 2319 1278 suis:
2349 1243 2374 1272 «
2401 1223 2603 1278 l’resul
2632 1238 2892 1279 summus
2918 1240 2944 1278 a
2971 1225 3198 1277 nomine
3218 1225 3606 1293 jiuliez'ibitur.

1961 1310 2251 1379 Scriptum
2277 1317 2366 1366 est
2389 1312 2538 1365 enim
2569 1332 2579 1366 :
2611 1315 2740 1368 N072.
2763 1313 2852 1368 est
2873 1313 3206 1383 discipulus
3227 1330 3404 1385 super
3425 1321 3615 1387 magi-

1960 1399 2168 1454 strum.
2196 1418 2222 1449 »
2251 1400 2389 1459 (Fel.
2421 1400 2582 1469 108‘.)
2607 1401 2856 1456 Audiant
2881 1401 3055 1455 etiam
3085 1417 3246 1457 uovm
3271 1403 3442 1472 hujus
3469 1423 3612 1476 pra»

1965 1489 2314 1558 sumptionis
2345 1494 2403 1543 et
2439 1495 2915 1560 praesumptuosze
2958 1491 3235 1546 novitatis
3276 1494 3610 1552 inventores

1965 1582 2020 1630 et
2058 1568 2482 1633 inachiiﬁitores
2506 1593 2577 1633 ex
2600 1579 2795 1633 verbis
2815 1580 3070 1648 ejusdem
3105 1582 3410 1637 Simmachi
3448 1602 3609 1656 pap:e

1970 1665 2105 1734 quid
2149 1672 2502 1735 mereantur,
2547 1672 2609 1722 ut
2653 1668 3103 1738 confundantur,
3135 1677 3193 1724 et
3226 1679 3611 1730 revereautur

1971 1754 2185 1809 utinam
2219 1755 2288 1808 ad
2325 1755 2702 1824 penitentiam
2737 1771 2863 1825 cap.
2892 1761 2924 1810 2
2957 1776 2966 1809 :
3011 1781 3028 1807 ει
3064 1758 3116 1810 Si
3153 1759 3282 1827 quis
3315 1762 3612 1829 presbiter

198 1842 912 1912 contremiscat.Legatur
933 1859 1005 1900 ex
1029 1859 1141 1914 quo
1164 1849 1254 1899 est
1280 1843 1486 1911 religio
1507 1842 1848 1910 christiana,
1885 1870 1936 1929 Β
1970 1841 2254 1897 diaconus
2294 1846 2390 1898 aut
2433 1843 2687 1899 clericus
2733 1859 2872 1914 papa
2909 1845 3194 1901 incolume
3227 1853 3280 1902 et
3316 1865 3384 1902 eo
3419 1850 3613 1904 incon-

200 1928 260 1985 id
293 1929 369 1983 ab
401 1929 598 2000 aliquo
629 1938 1079 2003 przesumptum;
1112 1932 1342 1986 dicatur
1375 1930 1587 2000 quibus
1621 1929 1854 1985 canoni-

201 2017 342 2087 bus,
363 2019 576 2088 quibus
600 2020 840 2089 regulis,
859 2036 969 2090 qua
997 2020 1265 2089 lectione,
1287 2035 1400 2090 quo
1423 2019 1774 2074 documento
1798 2017 1852 2071 id

199 2106 279 2161 sit
325 2108 773 2178 adtemptatum.
820 2110 1092 2164 Auditum
1134 2110 1243 2164 sub
1284 2107 1582 2163 coelo-non
1617 2106 1855 2174 legitur,

203 2196 447 2251 omnino
470 2211 572 2252 nec
587 2197 822 2266 dicitur,
843 2197 995 2268 quod
1019 2197 1200 2268 possit
1227 2197 1438 2266 aliquis
1457 2211 1662 2267 papam
1684 2196 1857 2264 depo-

204 2298 370 2354 nere,
408 2290 466 2340 et
497 2301 773 2342 concessa
808 2287 916 2342 sibi
955 2287 1181 2357 privare
1226 2289 1534 2357 potestate.
1569 2287 1860 2339 Romanus

204 2373 360 2429 enim
397 2376 660 2444 pontifex
683 2391 793 2432 non
820 2377 989 2432 modo
1023 2377 1253 2446 deponi,
1289 2375 1389 2429 sed
1418 2389 1521 2429 nec
1546 2373 1739 2444 aliquo
1763 2388 1858 2444 po-

208 2466 325 2518 test
351 2463 681 2532 dijudicari.
701 2464 1143 2520 Audianttantic
1173 2463 1642 2534 przcsumptiouis
1660 2467 1848 2516 aucto-

207 2565 304 2606 res
328 2552 651 2622 complices
670 2559 726 2607 et
755 2554 1032 2621 fautores,
1060 2552 1195 2621 quid
1223 2552 1593 2620 Symmachus
1617 2565 1761 2621 papa
1788 2549 1858 2604 de

209 2639 524 2710 privilegio
566 2642 806 2696 Romani
849 2641 1141 2712 pontificis
1185 2640 1457 2695 senserit.
1496 2639 1587 2692 Ait
1617 2639 1766 2693 enim
1803 2638 1857 2691 in

208 2728 473 2783 decretis
502 2729 624 2784 suis
654 2729 845 2800 capite
875 2734 942 2784 2:
977 2751 1002 2777 ιι
1036 2728 1294 2783 Aliorum
1323 2727 1616 2782 hominum
1649 2740 1858 2782 causas

207 2818 364 2874 Deus
407 2815 587 2872 voluit
635 2832 735 2887 per
777 2817 1040 2872 homines
1076 2817 1410 2881 terminare,
1442 2814 1599 2870 sedis
1629 2818 1861 2884 aposto-

211 2905 338 2961 lica-:-
372 2906 713 2969 pontiﬁcem
746 2922 850 2962 suo
873 2906 996 2960 sine
1024 2905 1327 2976 questione
1358 2903 1679 2959 reservavit
1711 2903 1863 2958 arbi-

213 2995 346 3050 trio.
399 2994 591 3050 Voluit
637 2995 789 3049 beati
829 2996 985 3050 Petri
1029 3009 1407 3050 successores
1446 2993 1594 3049 coelo
1635 2997 1859 3048 tantum

211 3083 434 3138 debere
484 3083 894 3153 innocentiam,
939 3090 994 3138 et
1039 3083 1436 3139 subtilissima)
1478 3081 1864 3137 discussionis

215 3172 478 3243 indagini
503 3173 840 3228 inviolatam
866 3173 1103 3227 exibere
1127 3172 1606 3227 conscientiam.»
1632 3173 1859 3241 Etpapa

217 3261 488 3318 Gelasius
525 3281 536 3317 :
575 3281 601 3313 «
635 3264 919 3331 Canones,
963 3261 1168 3331 inquit,
1214 3261 1398 3316 sancti
1441 3259 1864 3330 appellationes

222 3351 408 3406 totius
431 3350 698 3406 ecclesiae
714 3352 782 3406 ad
801 3350 968 3418 hujus
992 3357 1207 3406 sanctae
1231 3349 1387 3405 sedis
1407 3363 1645 3404 examen
1663 3363 1863 3403 sanxe-

217 3454 279 3494 re
303 3438 544 3509 deferri,
569 3439 752 3510 ipsam
775 3454 914 3495 vero
939 3455 968 3493 a
993 3438 1153 3494 nullo
1187 3454 1425 3508 prorsus
1460 3437 1742 3508 appellari
1768 3437 1862 3492 de-

215 3528 373 3598 bere,
417 3543 483 3584 ac
525 3543 627 3598 per
669 3528 776 3583 hoc
815 3527 970 3582 illam
1004 3528 1074 3582 de
1109 3532 1228 3583 tota
1269 3526 1534 3582 a3cclesia
1572 3526 1857 3593 judicare,

214 3617 398 3688 ipsam
435 3632 576 3672 vero
609 3617 677 3672 ad
713 3616 928 3672 nullius
961 3632 1284 3672 commeare
1312 3615 1617 3685 judicium,
1652 3629 1755 3669 nec
1792 3615 1860 3669 de

215 3706 343 3775 ejus
365 3721 634 3775 umquam
661 3710 1065 3776 praeceperunt
1094 3705 1602 3774 judiciojudicari,
1632 3706 1862 3758 senten-

214 3795 474 3865 tiamque
491 3796 618 3864 ejus
635 3795 1072 3850 constituerunt
1091 3809 1199 3849 non
1217 3795 1429 3848 debere
1452 3792 1716 3859 dissolvi,
1733 3793 1860 3862 ejus

217 3884 412 3953 potius
435 3884 729 3953 sequenda
755 3884 1098 3938 mandarunt
1125 3884 1382 3938 decreta.
1410 3902 1435 3932 »
1461 3883 1524 3936 Et
1552 3881 1860 3936 Anastasio

219 3973 561 4046 imperatori
587 3975 852 4030 scribens
877 3974 958 4028 ait
978 3973 1237 4044 capitulo
1255 3977 1313 4026 3:
1339 3994 1362 4020 ‹‹
1385 3971 1587 4041 Impeti
1614 3975 1859 4041 possunt

216 4061 484 4119 humanis
515 4063 1069 4134 praesumptionibus
1101 4077 1228 4132 qua:
1258 4061 1454 4116 divino
1479 4063 1610 4115 sunt
1638 4059 1860 4127 judicio

215 4153 558 4222 constituta,
593 4151 742 4208 vinci
766 4156 960 4207 autem
984 4165 1096 4205 non
1131 4152 1394 4220 possunt.
1433 4150 1620 4216 Atque
1642 4147 1858 4203 utinam

218 4241 301 4296 sic
344 4241 882 4297 contranitentibus
935 4238 1261 4311 perniciosa
1311 4252 1421 4292 non
1471 4237 1543 4293 sit
1595 4235 1857 4305 audacia,

220 4329 699 4398 quemadmodum
743 4328 894 4399 quod
936 4329 1007 4383 ab
1049 4327 1176 4398 ipso
1219 4340 1400 4381 sacrze
1435 4323 1732 4392 religionis
1765 4339 1861 4380 au-

219 4420 380 4474 ctore
413 4418 696 4490 prefixum
728 4421 820 4473 est
845 4431 953 4472 non
979 4420 1174 4487 potest
1199 4414 1312 4470 ulla
1337 4414 1557 4468 virtute
1587 4411 1857 4468 convelli.

220 4503 492 4562 Desinant
516 4521 657 4576 ergo
682 4520 860 4576 queso
885 4511 940 4560 te
965 4502 1329 4574 temporibus
1357 4501 1473 4556 tuis
1494 4500 1725 4570 quidam
1760 4514 1862 4571 per

1895 3224 1942 3286 C

1969 1931 2124 1985 sulto
2155 1932 2646 2002 subscriptionem
2675 1949 2777 2002 pro
2803 1934 3053 1988 Romano
3085 1937 3428 2004 pontificatu
3461 1955 3612 1993 com-

1972 2021 2206 2074 modare
2241 2027 2340 2076 aut
2373 2020 2606 2090 pittatia
2640 2022 3001 2092 promittere,
3039 2029 3135 2077 aut
3186 2035 3608 2083 sacramentum

1971 2110 2232 2178 praebere
2265 2111 2660 2180 temptaverit,
2689 2115 2785 2164 aut
2817 2110 3048 2180 aliquod
3081 2119 3242 2166 certe
3274 2114 3610 2184 suffragium

1970 2196 2254 2267 polliceri,
2286 2198 2374 2252 vel
2399 2198 2467 2252 de
2493 2199 2594 2254 hac
2618 2214 2793 2254 causa
2817 2199 3063 2268 privatis
3088 2202 3512 2259 conventiculis
3539 2208 3613 2260 fa-

1970 2285 2084 2341 ctis
2106 2285 2433 2341 deliberare
2461 2292 2636 2356 atque
2671 2287 2991 2342 decernere
3017 2292 3474 2360 priesumpserit,
3505 2291 3612 2347 loci

1972 2375 2062 2430 sui
2082 2375 2850 2443 dignitateeteommunione
2869 2376 3151 2446 privetur,
3182 2379 3302 2448 pari
3325 2382 3612 2436 sententia

1971 2463 2336 2533 dampuando
2361 2477 2511 2531 cum,
2541 2464 2637 2532 qui
2662 2465 2768 2519 hoc
2795 2465 2923 2519 vivo
2949 2466 3102 2520 sicut
3125 2467 3340 2522 dictum
3367 2475 3456 2524 est
3480 2486 3617 2541 pon-

1971 2552 2147 2618 tifice,
2178 2552 2436 2622 quolibet
2474 2554 2644 2608 modo
2672 2553 2844 2607 fuerit
2877 2554 3128 2609 ambissc
3153 2557 3478 2626 convictus,
3515 2566 3615 2615 aut

1972 2645 2130 2696 certe
2164 2644 2502 2711 temptasse.
2532 2661 2558 2692 »
2585 2641 2745 2706 Quod
2776 2657 2912 2697 vero
2944 2643 3221 2712 :equitate
3256 2646 3411 2700 Petri
3449 2650 3616 2703 robo-

1973 2734 2177 2785 rentur
2225 2730 2545 2799 apostolica
2592 2729 2830 2798 judicia,
2875 2730 2957 2785 ait
2997 2733 3370 2789 Innocentius
3423 2750 3564 2806 papa
3601 2758 3612 2791 :

1975 2838 2002 2869 «
2026 2819 2212 2873 Manet
2234 2817 2391 2871 Petri
2417 2817 2802 2888 privilegium,
2828 2819 3177 2889 ubicumque
3192 2837 3262 2875 ex
3277 2823 3404 2891 ejus
3433 2825 3616 2880 fertur

1972 2906 2568 2976 zequitatejudicium.
2597 2926 2624 2958 »
2659 2908 2972 2976 Gregorius
2997 2923 3228 2979 quoque
3253 2911 3334 2966 sic
3360 2913 3438 2966 ait
3465 2913 3616 2968 inter

1974 3000 2170 3050 cetera
2206 2995 2258 3048 in
2294 2995 2530 3050 decreto
2571 3011 2676 3051 suo
2715 3011 2840 3067 cap.
2887 2999 2954 3051 10
2987 3016 2998 3050 :
3038 3017 3065 3047 «
3100 2997 3249 3053 Nulli
3283 3000 3365 3054 fas
3404 3007 3494 3056 est
3527 3005 3613 3057 vel

1978 3099 2146 3155 posse
2171 3084 2259 3138 vel
2285 3084 2433 3140 velle
2471 3086 2797 3153 transgredi
2836 3092 3125 3156 praecepta
3161 3091 3497 3158 apostelicm
3533 3108 3618 3145 sc-

1976 3171 2083 3240 dis,
2122 3187 2226 3227 nec
2257 3172 2384 3242 ejus
2423 3173 2828 3244 dispositionis
2872 3175 3277 3245 ministerium,
3315 3179 3467 3247 quod
3501 3195 3618 3233 om-

1976 3260 2130 3315 nium
2164 3261 2324 3329 sequi
2363 3266 2598 3331 oportet
2631 3262 2956 3317 caritatem.
2995 3263 3076 3318 Sit
3108 3280 3246 3333 ergo
3281 3265 3461 3321 ruina:
3497 3282 3615 3322 sua:

1976 3348 2174 3404 dolore
2199 3351 2554 3419 prostratus,
2599 3365 2702 3405 nec
2738 3350 2927 3405 locum
2951 3351 3224 3422 deinceps
3247 3353 3399 3408 inter
3422 3370 3615 3410 sacer-

1975 3437 2142 3492 dotes
2164 3438 2392 3505 habeat,
2412 3438 2679 3507 quisquis
2698 3438 3036 3508 apostolicis
3053 3441 3301 3496 voluerit
3321 3444 3614 3500 contraire

1974 3526 2252 3595 decretis,
2280 3526 2382 3581 sed
2415 3527 2671 3581 extorris
2696 3541 2725 3581 a
2753 3533 2956 3583 saneto
2989 3529 3308 3585 ministerio
3344 3532 3459 3586 fiat.
3497 3534 3614 3587 Non

1974 3615 2422 3683 deejusjudieio
2442 3615 2746 3686 quisquam
2765 3631 2960 3672 curam
2978 3617 3186 3673 habeat
3213 3620 3480 3688 quoniam
3499 3621 3613 3690 jam

1976 3703 2320 3774 dampnatus
2343 3719 2370 3758 a
2395 3709 2590 3759 sancta
2615 3710 2670 3758 et
2697 3705 3019 3774 apostolica
3053 3707 3312 3762 :ecclesia
3337 3713 3393 3763 et
3423 3715 3618 3764 aucto-

1974 3792 2150 3846 ritate
2193 3807 2412 3863 suaque
2455 3792 2848 3848 inobedientia
2893 3797 3066 3863 atque
3103 3797 3554 3868 prmsumptione
3587 3814 3613 3853 a

1972 3895 2264 3952 quoquam
2297 3895 2426 3935 esse
2460 3896 2570 3936 non
2601 3881 2924 3950 dubitatur,
2962 3885 3094 3954 quia
3126 3884 3360 3953 majoris
3391 3901 3619 3941 excom-

1973 3969 2382 4024 municationis
2424 3969 2745 4038 dejectione
2791 3975 2880 4024 est
2919 3971 3241 4040 exigendus
3275 3974 3365 4028 cui
3400 3979 3616 4031 sancta)

1972 4056 2236 4113 ecclesiae
2267 4057 2570 4113 commissa
2599 4059 2786 4114 fuerat
2816 4058 3144 4129 disciplina,
3173 4062 3266 4131 qui
3295 4078 3405 4116 non
3431 4063 3614 4118 solum

1973 4145 2200 4217 prmlati
2226 4150 2441 4202 sanctae
2464 4146 2727 4202 ecclesias
2756 4147 3119 4214 jussionibus
3151 4165 3356 4221 parere
3390 4151 3613 4222 debuit,

1973 4233 2076 4289 sed
2108 4234 2281 4288 etiam
2324 4233 2468 4288 alios
2502 4249 2570 4288 ne
2605 4235 2973 4304 prieterirent
3012 4237 3324 4294 insinuare.
3363 4241 3444 4294 Sit
3479 4256 3618 4310 ergo

1975 4320 2200 4378 alienus
2226 4336 2254 4376 a
2281 4321 2493 4376 divinis
2516 4326 2573 4376 et
2599 4321 3029 4392 pontiﬁcalibus
3059 4326 3282 4396 ciliciis,
3309 4328 3402 4397 qui
3433 4329 3614 4384 noluit

1974 4410 2380 4481 obtemperare
2417 4411 2729 4480 praeceptis
2768 4411 3124 4481 apostolicis.
3159 4433 3184 4465 »

2047 4497 2339 4567 Sylvester
2359 4498 2530 4554 etiam
2555 4513 2699 4569 papa
2721 4499 2789 4554 de
2813 4515 2918 4554 non
2940 4499 3248 4568 judicanda
3276 4503 3456 4574 prima
3479 4504 3617 4559 sedc

219 4595 582 4653 occasionem
634 4593 1094 4666 perturbationis
1138 4589 1550 4648 ecclesiasticas
1601 4588 1864 4660 praacipi-
1892 4577 1944 4638 D
1976 4587 2058 4643 sic
2084 4586 2308 4656 aitcap.
2332 4591 2394 4641 6:
2425 4589 2600 4644 Nemo
2611 4587 2924 4656 judieabit
2932 4591 3193 4659 primum
3208 4592 3619 4660 sede-7:2,,justi-

223 4686 414 4738 tenter
439 4683 680 4753 ambire,
699 4698 824 4753 quae
850 4698 960 4738 non
987 4681 1144 4750 licet,
1163 4696 1232 4735 ne
1250 4679 1346 4734 illa
1371 4693 1499 4748 quae
1523 4677 1669 4732 male
1694 4692 1865 4748 appe-

220 4772 370 4842 tunt,
423 4772 761 4828 nullatenus
810 4769 1272 4844 apprehendant,
1317 4771 1373 4821 et
1417 4766 1645 4823 modum
1697 4781 1862 4821 suum

227 4860 376 4928 apud
406 4861 584 4917 Deum
616 4860 993 4929 hominesque
1027 4873 1138 4914 non
1168 4861 1425 4912 teneant.
1457 4876 1483 4905 ››
1521 4853 1867 4910 Melchiades

223 4959 448 5019 quoque
473 4964 618 5021 papa
646 4951 702 5004 in
727 4948 975 5020 epistola
1010 4946 1296 5018 Hispaniae
1326 4944 1617 5016 episcopis
1641 4943 1863 4999 directa

224 5033 293 5090 de
321 5037 628 5108 privilegio
653 5038 824 5093 beato
846 5039 1022 5092 Petro
1047 5041 1106 5091 et
1129 5032 1572 5090 successoribus
1593 5031 1718 5100 ejus
1742 5032 1866 5086 vice

221 5122 441 5182 Domini
473 5141 750 5183 concesso
783 5126 865 5183 sic
899 5125 976 5181 ait
1011 5129 1143 5196 post
1176 5123 1366 5192 aliqua
1395 5141 1406 5175 :
1435 5139 1463 5172 «
1489 5122 1603 5176 Hoc
1634 5120 1867 5191 privile-

222 5210 376 5279 gium
407 5216 684 5272 Dominus
719 5215 890 5270 beato
912 5216 1087 5270 Petro
1109 5211 1402 5281 clavigero
1435 5225 1541 5265 suo
1573 5209 1866 5265 concessit

224 5303 282 5353 et
306 5315 408 5358 sua
432 5304 558 5360 vice
581 5303 945 5360 solummodo
979 5301 1293 5370 commisit,
1328 5299 1479 5370 quod
1503 5297 1630 5366 ejus
1654 5312 1867 5369 praero-

224 5389 478 5454 gativam
523 5392 753 5449 cunctis
794 5389 1234 5448 successoribus
1267 5389 1390 5444 suis
1422 5386 1864 5442 hereditandum

227 5479 312 5531 est
339 5481 512 5548 atque
537 5481 848 5536 tenendum
870 5479 1085 5536 futuris
1111 5477 1490 5549 temporibus,
1515 5475 1784 5545 quoniam
1809 5479 1863 5528 et

227 5561 376 5620 inter
408 5569 706 5639 apostolos
728 5569 835 5625 fuit
859 5567 1105 5640 quedam
1130 5565 1414 5622 discretio
1436 5563 1770 5636 potestatis.
1799 5563 1863 5617 Et

229 5648 360 5710 licet
380 5662 726 5717 cunctorum
751 5671 855 5732 par
870 5655 1266 5728 foretelectio,
1287 5654 1459 5711 beato
1480 5657 1674 5711 tamen
1692 5653 1867 5710 Petro

1978 4677 2126 4733 tiam
2159 4674 2476 4747 temperari
2503 4676 2953 4732 desiderantem.
2988 4678 3191 4747 Neque
3222 4680 3377 4734 enim.
3409 4678 3482 4735 ab
3515 4694 3621 4736 aie-

1969 4765 2144 4838 gusto
2181 4778 2368 4834 neque
2398 4763 2471 4821 ab
2502 4764 2660 4820 mimi
2701 4765 2853 4822 clero
2880 4780 3067 4837 neque
3097 4781 3134 4822 (ι
3163 4767 3406 4838 regibus
3430 4783 3619 4840 neque

1975 4868 2012 4912 ιι
2031 4854 2253 4925 populo
2272 4854 2470 4925 judem
2487 4853 2886 4923 judicabitur.

2050 4943 2391 4998 Bonefacius
2407 4957 2553 5013 papa
2576 4943 2645 4998 de
2666 4948 2960 5013 potestate
2986 4947 3251 5000 Romamn
3271 4944 3539 5001 ecclesias
3559 4953 3618 5002 et

1977 5029 2046 5085 de
2070 5029 2157 5084 bis
2182 5030 2278 5099 qui
2301 5044 2438 5098 erga
2463 5044 2585 5085 eam
2619 5032 2987 5101 superbiant,
3015 5033 3095 5087 sic
3119 5032 3196 5087 ait
3224 5033 3488 5089 scribens
3512 5035 3619 5089 Eu-

1977 5117 2113 5175 lalio
2147 5117 2512 5175 Alexandrize
2542 5119 2858 5191 episcopo:
2892 5143 2914 5167 α
2941 5120 3086 5174 Olim
3119 5135 3172 5176 ei
3200 5121 3270 5176 ab
3297 5121 3461 5177 initio
3494 5127 3620 5178 tan-

1979 5212 2091 5263 tam
2117 5207 2527 5278 percepimusa
2546 5208 2714 5264 beato
2737 5209 2911 5264 Petro
2934 5208 3332 5279 apostolorum
3356 5209 3618 5282 principe

1978 5295 2269 5366 fiduciam,
2296 5301 2360 5351 ut
2383 5297 2698 5353 habeamus
2723 5297 3132 5352 auctoritatem
3165 5298 3477 5354 universali
3511 5314 3619 5356 tec-

1978 5384 2170 5442 clesiaa
2194 5372 2510 5440 auxiliante
2532 5385 2770 5440 Domino
2797 5385 3130 5450 subvenire,
3148 5390 3204 5440 et
3223 5387 3504 5456 quidquid
3525 5404 3621 5444 no-

1976 5475 2166 5532 civum
2182 5477 2291 5544 est,
2309 5473 2662 5530 auctoritate
2687 5473 3010 5543 apostolica
3034 5475 3331 5542 corrigere
3350 5480 3405 5531 et
3431 5491 3621 5533 emen-

1979 5562 2138 5620 dare.
2173 5564 2240 5619 Et
2267 5561 2398 5634 quia
2423 5577 2534 5617 non
2559 5566 2755 5634 potest
2785 5561 3010 5617 Domini
3035 5563 3220 5619 nostri
3243 5565 3379 5620 Jesu
3406 5565 3620 5621 Christi

1979 5651 2350 5726 praetermitti
2375 5650 2663 5708 sententia
2689 5649 2938 5709 dicentis
2963 5669 2974 5706 :
3007 5652 3093 5711 Tu
3112 5665 3173 5712 es
3193 5653 3428 5726 Petrus,
3449 5654 3510 5713 et
3523 5666 3621 5718 su-
