3894 6404
309 382 428 448 307

1260 392 1631 461 HUGONIS
1675 394 2032 461 ABBATIS
2076 394 2759 463 FLAVINIACENSIS

3609 400 3742 468 308

310 526 464 585 dicta
491 526 626 587 sint.
667 528 919 597 Quorum
972 534 1219 589 conatus
1264 531 1518 590 nefarios
1550 536 1607 590 et
1634 530 1806 606 impia
1840 548 1957 591 mo-
1985 532 2040 594 A
2073 529 2236 589 riret.
2263 531 2462 590 Nescit
2490 530 2640 589 enim
2668 532 2937 606 impietas
2961 530 3106 591 mala
3132 549 3260 606 quae
3282 533 3567 607 fecit,nisi
3592 552 3735 596 eum

312 616 506 675 limina
538 619 665 691 ipsa
698 620 953 677 destruit
976 621 1273 692 divinitas,
1301 638 1428 693 quae
1462 622 1618 693 regis
1641 624 1850 696 Egypti
1882 624 1957 680 si-

310 708 506 777 gniﬂci
532 709 666 765 dum
692 710 911 766 virtute
934 711 1030 766 Dei
1059 716 1284 782 patrata
1309 713 1429 769 suis
1454 712 1691 769 fallatiis
1715 713 1955 770 moliun-

314 802 409 852 tur
439 799 778 868 obscurare,
831 798 965 855 dum
1001 800 1053 855 in
1088 800 1322 868 angelos
1356 802 1504 858 lucis
1533 816 1594 858 se
1646 804 1958 873 transﬁgu-

312 892 461 956 rant,
488 886 621 943 dum
653 888 905 959 speciem
940 890 1179 961 pictatis
1213 892 1583 962 praetendunt
1610 899 1666 947 et
1691 892 1816 963 ejus
1845 893 1958 948 vir-

311 980 497 1032 tutem
523 978 833 1049 abnegant,
869 980 1130 1051 corrupti
1164 985 1221 1035 et
1255 982 1713 1051 aphominabiles
1743 982 1874 1037 facti
1902 982 1957 1036 in

310 1066 670 1124 vanitatibus
693 1068 832 1133 suis,
856 1070 1193 1139 sepulcrum.
1194 1072 1411 1141 patens
1436 1072 1749 1143 estgaitnr
1763 1085 1960 1129 eorum

308 1168 594 1212 vene-nam
617 1156 895 1228 aspiciam.
933 1157 1042 1216 sub
1076 1158 1259 1216 labiis
1281 1174 1479 1216 eorum
1512 1162 1698 1231 (Rom.
1737 1175 1817 1217 Ill.
1845 1162 1953 1231 13).

313 1245 395 1301 Ad
429 1244 704 1302 nichilum
756 1247 1063 1303 devenient
1116 1252 1405 1319 tamquam
1440 1265 1584 1321 aqua
1620 1250 1955 1319 decurrens,

311 1350 344 1405 q
354 1351 385 1391 u
394 1334 443 1390 ia
458 1350 565 1391 ora
578 1337 852 1406 aspidem
866 1337 1159 1408 ruperant
1168 1338 1225 1393 et
1236 1337 1386 1394 telas
1398 1353 1634 1396 araneae
1647 1338 1967 1395 temnes-unt

313 1425 459 1495 (Isa.
489 1441 598 1491 ux,
636 1428 711 1495 5),
750 1426 960 1496 quibus
984 1426 1188 1483 melius
1214 1428 1401 1483 fuerat
1428 1428 1810 1496 malignorum
1846 1428 1960 1499 spi-

315 1514 531 1570 rituum
563 1513 805 1571 censilia
842 1530 949 1570 non
980 1516 1241 1585 recipere
1273 1522 1373 1573 aut
1396 1517 1545 1572 intra
1577 1517 1841 1572 cordium
1868 1531 1961 1588 pe-

312 1603 557 1659 netralia
606 1609 887 1675 concepta
939 1605 1320 1676 abscondere,
1356 1620 1467 1676 que
1504 1607 1825 1675 figurantur
1860 1620 1963 1676 per

313 1693 580 1763 aspidum
611 1708 740 1764 ova,
768 1708 935 1763 quam
990 1709 1095 1764 pro
1120 1694 1290 1763 hujus
1330 1696 1525 1751 mundi
1548 1694 1963 1766 concupiscen-

316 1783 393 1837 tia
429 1782 771 1853 temporalia
807 1783 1067 1853 quelibct
1111 1786 1363 1854 operari,
1418 1800 1523 1840 nec
1553 1785 1661 1840 sibi
1696 1800 1799 1840 nec
1831 1784 1961 1840 aliis

2072 637 2178 693 pro
2211 621 2428 679 eisdem
2463 623 2628 678 malis
2660 624 2885 694 ceperit
2906 624 3021 693 jam
3045 624 3255 697 puniri.
3286 625 3497 683 Omnes
3519 627 3727 698 etiam,

2069 711 2164 781 qui
2192 711 2597 782 eijuraverant
2625 713 2986 782 veljuraturi
3020 718 3207 781 erant,
3235 729 3264 769 a
3296 715 3529 772 vinculo
3554 718 3724 787 jura-

2069 801 2243 856 menti
2278 807 2414 857 sunt
2444 800 2701 857 absoluti
2728 801 2963 857 licentia
2997 808 3055 858 et
3085 804 3439 859 auctoritate
3482 810 3734 876 aposto-

2069 888 2196 945 lica:
2249 889 2561 946 libertatis.
2614 893 2732 945 Hoc
2761 907 2867 947 cur
2914 895 2971 946 et
3008 891 3260 962 qualiter
3306 898 3499 949 actum
3531 895 3608 950 sit
3646 898 3726 951 ab

2072 980 2417 1051 apostolico,
2439 981 3004 1053 Agnesimperatrix,
3040 982 3425 1053 matcripsius
3441 985 3722 1047 Heinriei,

2070 1067 2428 1139 interrogata
2482 1071 2852 1141 reSpondeat.
2914 1073 2995 1126 Ita
3056 1071 3206 1126 enim
3257 1071 3397 1127 dicit
3449 1073 3726 1129 scribens

2073 1156 2382 1213 Altmanno
2414 1159 2745 1215 Pataviensi
2774 1159 3051 1231 episcopo
3087 1179 3097 1214 :

2145 1266 2172 1298 «
2206 1249 2396 1316 Agnes
2414 1248 2513 1302 Dei
2550 1248 2738 1317 gratia
2765 1248 3047 1319 quidquid
3070 1253 3180 1319 est,
3216 1249 3523 1307 Altmanno
3553 1253 3731 1308 Pata-

2074 1334 2252 1390 viensi
2277 1336 2554 1407 episeopo
2588 1337 2833 1392 salutem
2863 1340 2919 1393 et
2953 1338 3315 1394 carissimam
3346 1338 3724 1396 dilectionem

2074 1424 2156 1478 Mc
2190 1424 2467 1495 SOSpitem
2504 1427 2618 1481 Deo
2651 1425 2962 1494 adjuvante
2996 1428 3335 1498 paternitati
3362 1433 3476 1485 tum
3498 1429 3730 1485 innote-

2075 1517 2222 1583 scat,
2265 1513 2365 1569 sed
2400 1515 2650 1569 maxime
2693 1515 2912 1570 allicier
2933 1530 3194 1583 merere,
3226 1518 3377 1587 quod
3412 1519 3726 1575 maximum

2075 1601 2244 1657 video
2286 1602 2567 1659 :eeclesizc
2610 1603 2907 1659 imminere
2943 1604 3283 1675 periculum,
3312 1605 3429 1661 tilio
3471 1622 3596 1662 meo
3643 1609 3727 1663 ni-

2077 1690 2249 1746 mium
2276 1691 2474 1746 verbis
2491 1690 2806 1747 stultorum
2848 1692 3109 1748 credulo.
3130 1694 3201 1748 Ea
3225 1708 3353 1763 quas
3371 1694 3537 1749 modo
3553 1700 3719 1765 gesta

2078 1780 2290 1834 suntin
2321 1782 2569 1836 Romana
2617 1781 2860 1849 synodo,
2907 1782 3176 1851 quoniam
3212 1787 3271 1838 ut
3306 1783 3410 1838 tibi
3443 1785 3724 1840 referrem

313 1872 645 1942 profutura,
673 1871 805 1941 quia
833 1871 991 1927 nulla
1038 1873 1361 1928 stabilitate
1397 1875 1653 1944 fundata,
1690 1874 1840 1943 quod
1866 1890 1963 1929 ex-
1990 1886 2047 1949 Β
2081 1869 2387 1939 mandasti,
2426 1871 2690 1925 referam.
2713 1869 3023 1938 [sagatililii
3047 1871 3154 1926 mei
3190 1872 3346 1939 regis
3363 1878 3643 1927 venerunt
3666 1874 3723 1928 in

316 1960 588 2032 primitur
621 1975 731 2031 per
752 1976 1095 2017 aranearmn
1146 1962 1313 2017 telas.
1342 1965 1552 2019 Verum
1579 1963 1710 2033 quia
1745 1964 1855 2018 sibi
1882 1963 1964 2018 ni-

322 2050 498 2106 mium
548 2050 793 2120 creduli,
830 2056 885 2105 et
920 2051 1344 2122 scripturarum
1377 2053 1829 2109 auctoritatibus
1888 2053 1968 2107 in-

311 2138 557 2209 creduli,
614 2141 877 2195 fecerunt
910 2142 1060 2210 quod
1098 2157 1207 2196 non
1260 2144 1591 2212 oportebat,
1653 2145 1846 2199 evenit
1877 2146 1962 2200 eis

315 2229 465 2297 quod
492 2230 756 2284 docebat.
789 2231 924 2283 Nam
952 2230 1248 2301 sequitur:
1282 2231 1394 2294 Qui
1416 2232 1816 2289 comederitab
1838 2234 1965 2291 oris

313 2332 513 2373 eorum
540 2319 847 2385 nutriatur,
876 2318 1008 2388 quia
1035 2318 1129 2387 qui
1154 2334 1354 2373 eorum
1380 2320 1623 2375 consilia
1647 2323 1958 2393 receperit,

312 2407 485 2461 vitam
515 2407 568 2461 in
616 2424 675 2461 se
726 2407 929 2461 animm
953 2408 1223 2476 cxtingit.
1259 2408 1343 2463 Et
1369 2409 1528 2480 quod
1546 2411 1844 2467 condition
1878 2414 1967 2468 est

311 2495 577 2565 erzmzpet
602 2496 662 2550 in
688 2495 978 2563 regulam,
1016 2496 1147 2565 quia
1184 2511 1284 2567 per
1308 2503 1576 2566 suscepta
1612 2504 1669 2553 ct
1703 2500 1960 2556 enutrita

313 2583 640 2654 iniquitatis
672 2583 909 2641 consilia
946 2584 999 2638 in
1033 2600 1249 2654 corpus
1279 2586 1610 2642 antichristi
1646 2588 1957 2659 adcrescit,

312 2673 408 2741 qui
438 2688 538 2744 per
561 2672 870 2729 consilium
896 2673 1277 2743 malignitatis
1300 2689 1496 2730 eorum
1529 2677 1705 2731 corde
1742 2682 1959 2733 tectum

312 2761 381 2816 ad
416 2762 640 2832 plenam
698 2761 1063 2832 iniquitatem
1098 2764 1415 2833 enutritur,
1460 2765 1522 2819 ‘le
1557 2766 1768 2835 quibus
1800 2773 1960 2824 recte

315 2849 621 2917 subjicitur
655 2870 666 2903 ε
698 2851 893 2920 Caput
916 2850 1193 2920 aspidmn
1222 2854 1518 2909 steterant
1556 2854 1687 2915 (Job
1718 2871 1807 2925 xx,
1852 2862 1955 2929 te),

316 2938 446 3008 quia
499 2937 769 2993 videlicet
807 2938 1057 2993 latentes
1105 2940 1507 3008 suggestiencs
1555 2942 1956 3000 iumumlerum

316 3026 628 3097 spirituum
658 3041 829 3098 prava
858 3026 1019 3098 prius
1038 3030 1414 3097 persuasione
1431 3038 1833 3103 susceperunt,
1857 3035 1958 3089 sed

314 3115 531 3171 occidit
565 3130 665 3170 eos
708 3115 823 3183 jam
852 3115 1041 3185 lingua
1077 3117 1310 3187 viperze,
1341 3119 1471 3188 quia
1499 3121 1653 3190 capti
1680 3122 1790 3176 leni
1826 3125 1959 3179 sub-

2040 1976 2045 1981 ·
2079 1958 2455 2027 synodum,et
2489 1974 2682 2013 coram
2707 1958 2973 2015 omnibus
2997 1959 3269 2015 dixerunt
3301 1961 3628 2031 apostolico
3652 1978 3726 2016 ex

2080 2052 2242 2117 parte
2262 2047 2361 2102 filii
2384 2047 2515 2118 mei,
2534 2052 2596 2103 ut
2624 2051 2887 2115 surgeret
2912 2054 2969 2103 et
2992 2048 3313 2105 dimitteret
3332 2049 3525 2105 sedem
3549 2064 3724 2121 apos-

2076 2135 2508 2206 tolicam,qnam
2528 2151 2633 2191 non
2651 2137 2928 2192 cenonice
2945 2136 3047 2192 sed
3064 2137 3259 2208 rapina
3279 2138 3717 2207 adeptusesset.

2077 2225 2180 2291 Qui
2205 2226 2401 2281 statim
2428 2226 2751 2281 aItomanis
2767 2226 2922 2296 capti
2940 2230 3095 2281 sunt.
3114 2226 3722 2297 Similiterarclnepis-

2073 2314 2222 2384 cepi,
2256 2314 2625 2383 Moguntinus
2658 2329 2977 2385 omnesque
3025 2315 3281 2385 episeepi
3329 2314 3486 2370 illius
3510 2316 3721 2385 partis,

2076 2403 2361 2458 miserunt
2402 2418 2503 2473 per
2540 2403 2774 2459 eosdem
2816 2402 3039 2473 legatos
3076 2403 3325 2469 litteras,
3350 2418 3411 2457 se
3449 2404 3724 2475 deinceps

2074 2494 2287 2549 nullam
2309 2494 2698 2549 obedientiam
2721 2493 3047 2549 exibitures
3064 2493 3414 2564 apostolico;
3448 2493 3722 2549 hocidem

2072 2584 2581 2655 Langobardorum
2603 2583 2857 2654 episcopi
2880 2582 3279 2654 jurejurando
3300 2583 3714 2639 decreverunt.

2074 2677 2265 2743 Quare
2282 2673 2552 2729 dominus
2569 2687 2714 2744 papa
2730 2687 2928 2727 omnes
2942 2672 3036 2743 qui
3053 2677 3260 2743 sponte
3275 2676 3719 2740 consenserunt,

2074 2764 2262 2820 ofﬁcio
2306 2766 2362 2817 et
2405 2762 2810 2817 communione
2857 2761 3126 2832 privavit,
3166 2762 3368 2831 eisque
3393 2761 3487 2831 qui
3532 2760 3721 2816 coacti

2073 2868 2375 2909 assensum
2404 2852 2806 2922 pl'mbuerunt,
2833 2865 3021 2920 usque
3042 2850 3109 2904 ad
3130 2850 3506 2906 festivitatem
3532 2850 3721 2905 sancti

2074 2942 2226 2997 Petri
2255 2940 2519 2996 inducias
2540 2939 2721 3001 dedit;
2741 2938 2916 2993 filium
2932 2953 3072 2994 vero
3089 2953 3273 2993 meum
3292 2953 3485 3007 regem
3505 2939 3578 2993 ob
3597 2937 3722 2994 haec

2070 3036 2125 3086 et
2153 3031 2283 3101 quia
2299 3027 2819 3085 excemnmnicatis
2845 3026 3254 3093 communicat,
3279 3032 3337 3082 et
3361 3026 3491 3096 quia
3513 3026 3582 3081 de
3599 3039 3720 3082 sce-

2075 3121 2295 3177 leribus
2318 3119 2439 3174 suis
2463 3115 2839 3187 penitentiam
2867 3130 3039 3184 agere
3064 3121 3316 3185 recusat,
3346 3116 3503 3183 regia
3539 3114 3726 3185 digni-

318 3205 580 3275 reptiene
613 3203 954 3275 diemonum,
991 3220 1209 3261 veneno
1259 3207 1527 3263 violenta)
1561 3210 1961 3280 temptatiouis
1993 3245 2041 3307 Ο
2077 3214 2193 3265 tate
2226 3207 2473 3279 privavit
2508 3209 2561 3259 et
2616 3204 3003 3259 anathematis
3054 3204 3249 3274 gladio
3285 3204 3577 3275 percussit
3610 3219 3728 3259 om-

314 3293 540 3350 enccati
569 3298 727 3362 sunt,
751 3296 807 3348 et
833 3292 971 3363 quid
1004 3293 1190 3349 dicam
1237 3295 1460 3350 euocati
1507 3299 1674 3351 sunt?
1717 3301 1836 3353 tam
1872 3315 1960 3355 se-

316 3382 481 3454 pulti,
509 3382 624 3452 jam
659 3382 808 3438 mele
833 3382 1260 3453 desperationis
1296 3388 1658 3456 premuntur,
1689 3386 1804 3455 jam
1833 3405 1960 3459 pes-

314 3470 473 3528 sima:
495 3472 942 3528 consuetudinis
961 3476 1019 3527 et
1043 3477 1340 3529 consuetze
1357 3475 1631 3544 nequitiae
1656 3491 1855 3532 eorum
1885 3480 1960 3532 fe-

318 3566 440 3616 tore
467 3560 668 3616 fideles
688 3564 1027 3628 gravantur,
1056 3561 1408 3630 quatridiaui
1444 3564 1592 3619 enim
1619 3567 1955 3636 sunt(.loan.

314 3666 388 3720 χι,
424 3650 533 3719 39).
558 3652 799 3705 Jamnon
822 3653 1042 3704 tantum
1069 3665 1324 3719 sorores,
1351 3654 1549 3707 attines
1571 3659 1626 3707 ct
1664 3660 1957 3724 parentes,

314 3739 412 3794 sed
456 3741 515 3793 ct
546 3744 731 3793 mater
760 3737 1005 3793 ecclesia
1062 3754 1188 3807 qum
1220 3754 1322 3793 eos
1375 3742 1683 3810 parturivit
1718 3748 1774 3798 et
1812 3743 1963 3799 laete

318 3826 446 3882 lidei
482 3827 747 3881 imbuens
801 3826 1101 3891 enutrivit,
1165 3827 1383 3891 utinam
1440 3845 1549 3884 non
1585 3831 1653 3885 ad
1689 3832 1962 3901 pabulum

319 3914 466 3993 ignis
494 3915 718 3985 aeterni,
763 3915 1004 3969 fetorem
1039 3930 1239 3971 eorum
1291 3918 1566 3973 sustinet.
1605 3921 1713 3976 Sed
1758 3927 1965 3991 potens

316 3994 403 4058 est
431 4002 647 4058 Christi
678 4002 914 4059 dextera
945 4008 1003 4058 et
1034 4003 1138 4059 hos
1171 4006 1479 4073 suscitare,
1507 4012 1560 4061 ct
1591 4008 1759 4064 fidem
1794 4010 1846 4065 in
1881 4012 1966 4066 eis

321 4094 539 4147 lirmam
566 4091 987 4161 redintegrare,
1015 4109 1141 4163 quae
1165 4099 1353 4164 potest
1383 4096 1453 4150 de
1480 4095 1771 4167 lapidibus
1790 4100 1968 4155 susei-

320 4186 443 4236 tare
468 4180 617 4237 filios
643 4181 906 4236 Abrahae.
944 4183 1085 4251 (l’el.
1130 4182 1294 4253 110'.)
1320 4184 1573 4249 Quorum
1608 4185 1969 4257 dampnatio-

318 4285 445 4325 nem
471 4270 601 4340 quia
620 4274 804 4325 mater
827 4270 1088 4326 {ecclesia
1109 4272 1397 4327 viseerum
1415 4288 1651 4329 suorum
1674 4276 1967 4333 torsioncs

316 4363 371 4414 et
408 4357 788 4429 parricidalcs
815 4374 1016 4414 manus
1038 4359 1326 4429 quondam
1369 4361 1616 4417 filiorum
1657 4379 1766 4419 non
1793 4366 1969 4420 susti-

318 4461 460 4503 nens
500 4447 701 4517 gemit,
728 4447 1027 4503 videamus
1054 4449 1168 4517 jam
1206 4450 1341 4517 quid
1368 4451 1588 4506 amicus
1610 4454 1805 4522 sponsi
1841 4470 1969 4522 ege-

322 4538 415 4607 rit,
452 4538 741 4607 quomodo
774 4538 846 4593 al)
877 4552 1077 4592 eorum
1139 4540 1544 4594 communione
1577 4546 1634 4595 et
1664 4543 1970 4599 societatis

2076 3312 2292 3366 aesque
2353 3294 2448 3364 qui
2499 3293 2609 3347 sibi
2664 3292 3005 3362 juraVerant
3055 3294 3386 3364 jnramente
3446 3292 3721 3348 absolvit.

2076 3386 2293 3441 Valete.
2332 3404 2358 3434 »

2149 3473 2295 3533 (Fel.
2332 3472 2477 3540 ill.)
2516 3473 2659 3526 Ecce
2706 3470 3097 3526 testimonium
3124 3470 3328 3525 matris
3359 3469 3429 3525 de
3452 3485 3729 3541 prmsum-

2080 3560 2626 3634 ptione,rebellionc
2643 3565 2697 3613 et
2718 3559 3027 3630 iniquitate
3046 3559 3451 3629 tilii,metusde
3466 3558 3729 3629 periculo

2077 3650 2346 3706 ecclesia:
2389 3648 2731 3715 imminenti,
2758 3648 3082 3703 confutatio
3112 3651 3166 3702 et
3212 3646 3730 3718 exprebratioille-

2078 3754 2465 3809 rumquorum
2500 3736 2759 3793 factiosis
2786 3737 2907 3791 lucc
2942 3740 3075 3791 sunt
3117 3736 3440 3791 machinata
3456 3739 3730 3791 etattem-

2082 3826 2549 3900 ptatacousiliis;
2577 3826 2711 3896 quid
2731 3826 2799 3879 ad
2836 3825 3152 3893 hzecdicta,
3188 3825 3326 3894 quid
3363 3824 3725 3895 responsuri,

2083 3916 2219 3987 quid
2235 3914 2521 3984 objecturi
2538 3917 2671 3970 sunt
2687 3912 2991 3969 catholicze
3007 3913 3194 3984 partis
3209 3913 3527 3968 adversarii
3543 3916 3565 3967 ?
3581 3914 3727 3968 Ecce

2076 4006 2192 4076 jam
2211 4020 2401 4074 regem
2420 4019 2607 4071 suum,
2630 4018 2797 4074 quem
2815 4017 2990 4073 super
3006 4001 3375 4057 altitudinem
3393 4001 3627 4058 nubium
3642 4018 3729 4057 ex-

2085 4094 2312 4163 tollere,
2347 4092 2518 4148 immo
2569 4107 2736 4163 quem
2787 4098 2988 4147 contra
3015 4091 3316 4146 Dominum
3349 4093 3407 4146 et
3441 4090 3724 4146 Christum

2085 4186 2384 4253 insurgere
2410 4182 2753 4251 docuerunt,
2782 4181 2896 4250 jam
2921 4196 3029 4235 non
3067 4194 3259 4249 regem
3286 4180 3387 4235 sed
3420 4184 3723 4249 tyranrum

2084 4274 2370 4330 affectatm
2402 4272 2681 4343 superbia
2708 4270 3023 4341 potestatis
3053 4274 3462 4339 susceperunt.
3486 4270 3554 4324 Ut
3579 4271 3724 4324 enim

2083 4362 2160 4417 ait
2180 4361 2457 4416 Ysidorus
2476 4360 2528 4414 in
2546 4360 2695 4415 libro
2713 4358 3006 4414 Sententia
3018 4372 3279 4427 rum,re.-r
3291 4357 3494 4414 erecte
3506 4356 3727 4428 agendo

2081 4450 2324 4506 roratas
2346 4448 2449 4505 est.
2469 4447 2521 4500 Si
2550 4446 2660 4518 pie,
2678 4446 2835 4514 justo
2856 4449 2911 4499 et
2935 4445 3401 4500 misericorditer
3422 4444 3592 4514 regit,
3619 4459 3729 4500 me-

2085 4539 2197 4594 rito
2242 4554 2341 4591 rex
2374 4535 2707 4606 appellatur
2759 4533 2812 4587 Si
2843 4533 2932 4587 his
2956 4534 3216 4589 caruerit
3241 4548 3348 4589 non
3385 4548 3484 4587 rex
3517 4532 3617 4587 sed
3648 4536 3731 4603 ty-

322 4618 774 4697 participatione
807 4625 959 4681 ﬁlios
980 4626 1367 4696 prohibuerit,
1395 4632 1692 4698 postremo
1717 4632 1969 4700 mediter
2001 4623 2051 4680 D
2086 4641 2299 4683 rannus
2331 4628 2443 4680 est.
2472 4625 2537 4678 Et
2564 4628 2626 4677 ut
2651 4622 2799 4677 idem
2828 4621 3031 4677 scribit
3058 4624 3110 4676 in
3150 4621 3299 4677 libro
3327 4620 3729 4689 Ethimologia-

322 4715 427 4771 nisi
461 4714 817 4786 resipuerint
842 4713 1036 4783 gladio
1060 4715 1448 4771 anathematis
1474 4717 1753 4773 ultionem
1781 4721 1969 4775 noxiis

322 4804 720 4859 intentaverit.
749 4805 829 4857 Ac
854 4802 1038 4873 primo
1063 4803 1292 4872 quidem
1314 4806 1574 4872 signiferi
1595 4807 1782 4876 ipsius
1807 4811 1861 4863 et
1891 4809 1973 4864 in-

318 4892 578 4949 centoris
612 4890 896 4947 malorum
941 4891 1258 4947 feriendam
1283 4893 1563 4963 judicavit
1598 4896 1881 4951 maliciam
1915 4904 1973 4951 et

321 4982 405 5036 sic
441 4982 498 5035 in
530 4994 749 5052 corpus
785 4977 1066 5035 malorum
1116 4982 1433 5036 acuendam
1486 4982 1664 5050 gladii
1701 4983 1884 5038 limati
1917 4990 1974 5039 ct

320 5071 613 5140 cvaginati
650 5084 926 5126 mucrone
961 5069 1295 5127 vindictam.

392 5159 700 5215 lleinricus
726 5159 924 5229 igitur,
950 5160 1116 5229 cujus
1142 5166 1387 5215 mentem
1418 5164 1619 5229 torpor
1646 5160 1975 5232 iniquitatis

320 5247 774 5315 constrinxerat,
802 5262 975 5304 causa
999 5248 1388 5304 dissensionis
1404 5253 1459 5302 et
1478 5249 1846 5306 seminarium
1867 5266 1979 5306 ma-

316 5337 465 5403 litiae
489 5342 549 5391 et
570 5336 865 5406 nequitiae,
884 5336 937 5393 in
963 5338 1215 5392 Romana
1242 5336 1464 5406 synodo
1492 5352 1595 5408 pro
1620 5338 1742 5394 suis
1770 5339 1978 5410 iniqui-

321 5424 547 5482 tatibus
561 5439 591 5480 a
610 5424 949 5481 beatissimo
966 5441 1031 5496 pa
1044 5442 1109 5496 pa
1126 5439 1463 5480 excommun
1477 5424 1664 5482 icatus
1680 5443 1807 5483 cum
1827 5444 1979 5482 ceu:-

323 5513 575 5585 plicibus
607 5513 730 5569 suis
754 5518 929 5585 atque
954 5513 1281 5568 fautoribus
1305 5518 1362 5567 ct
1388 5529 1416 5568 a
1436 5520 1720 5581 regnoest
1746 5516 1975 5587 deposi-

323 5606 418 5658 tus
451 5601 638 5672 (Febr.
664 5608 774 5671 9‘2),
802 5606 862 5659 ut
888 5602 1012 5657 sola
1040 5602 1271 5658 vexatio
1298 5600 1657 5659 intellectum
1686 5606 1850 5660 daret
1878 5622 1975 5663 au-

324 5690 491 5760 ditui,
515 5694 569 5747 et
598 5706 843 5761 quorum
877 5689 1081 5745 oculos
1125 5690 1292 5762 culpa
1320 5691 1634 5761 clauserat,
1665 5710 1806 5765 pena
1843 5710 1974 5767 ape-

2085 4731 2150 4769 ru
2161 4730 2210 4768 m
2235 4732 2245 4766 :
2271 4710 2526 4781 Antiqui
2555 4723 2754 4765 omnes
2783 4723 2951 4781 reges
2982 4709 3269 4780 tyrannos
3289 4708 3608 4776 vocalia-ni;
3633 4709 3733 4765 sed

2074 4803 2284 4875 postea
2296 4802 2402 4872 pie
2413 4799 2581 4869 juste
2598 4798 2656 4854 et
2674 4798 3407 4866 misericorditerregendo
3423 4797 3584 4867 regis
3596 4796 3733 4853 sunt

2084 4904 2290 4946 nomen
2309 4886 2529 4958 adepti.
2547 4887 2901 4957 Impierero,
2920 4887 3145 4956 injuste
3165 4890 3223 4942 ei
3242 4886 3732 4956 N‘ibdé’lilc’i‘pi‘iii-

2086 4983 2258 5050 cipan
2270 4978 2427 5035 (ibas
2439 4992 2553 5033 non
2565 4978 2728 5048 regis
2746 4978 2851 5033 sed
2864 4977 3242 5047 tyrannicae:
3260 4977 3528 5048 aptatam
3545 4976 3731 5032 estno-

2085 5083 2233 5125 men.
2262 5064 2719 5135 llexigiturjure
2739 5070 2981 5121 vocatur
3006 5065 3098 5135 qui
3127 5069 3244 5119 tam
3266 5079 3326 5121 se
3351 5065 3540 5135 ipsum
3569 5079 3728 5134 quam

2089 5163 2145 5213 et
2173 5156 2467 5226 subjectos
2484 5157 2628 5210 bene
2648 5169 2852 5224 regere
2873 5155 3031 5210 novit
3050 5160 3105 5210 et
3128 5154 3381 5224 regendo
3407 5153 3727 5225 pacificare,

2091 5248 2184 5319 qui
2211 5246 2430 5303 cultum
2448 5244 2622 5313 regite
2639 5244 2941 5314 dignitatis
2956 5251 3173 5301 sanctae
3195 5242 3429 5313 subjicit
3449 5242 3728 5313 religioni,

2091 5339 2185 5410 qui
2213 5338 2393 5407 magis
2418 5336 2472 5391 in
2502 5335 2705 5390 timore
2732 5333 2954 5390 servire
2978 5333 3219 5388 Domino
3239 5347 3408 5404 quam
3436 5331 3489 5386 in
3513 5336 3730 5387 tumore

2091 5427 2422 5483 delectatur
2450 5422 2736 5480 dominari
2765 5421 2997 5495 populo,
3034 5421 3088 5476 in
3124 5436 3237 5492 quo
3271 5420 3483 5476 lenitas
3515 5420 3732 5476 iracun-

2090 5517 2241 5572 diam
2266 5515 2513 5584 mitigat,
2544 5516 2890 5585 petestatem
2914 5509 3240 5580 benignitas
3263 5512 3451 5577 ornat,
3479 5507 3574 5579 qui
3596 5509 3699 5564 sub

2080 5605 2257 5675 jeetis
2287 5602 2568 5659 salutaria
2602 5599 2893 5672 praecipit,
2930 5599 3026 5654 eui
3058 5613 3119 5654 se
3152 5598 3337 5667 magis
3380 5596 3725 5667 diligendum

2087 5708 2256 5765 quam
2290 5690 2657 5749 metuendam
2689 5687 2872 5759 cupit,
2907 5686 3003 5756 qui
3037 5686 3119 5742 sic
3155 5685 3441 5757 justitiam
3484 5688 3643 5741 tenet
3672 5688 3725 5740 ut
