3894 6436
363 404 477 469 311

1323 411 1690 477 HUGONIS
1733 410 2086 476 ABBATIS
2128 410 2813 479 FLAVINIACENSIS

3657 422 3783 485 312

367 538 499 600 dum
542 540 823 615 docendo,
859 548 914 601 et
968 542 1066 602 tali
1118 561 1179 604 se
1230 537 1696 621 pracipitatione
1744 563 1905 621 vorag

2238 563 2349 621 .itia
2367 563 2623 621 caruerit
2644 578 2672 618 a
2689 562 2909 620 sanctis
2926 558 3378 635 patribusetiam
3398 562 3776 625 latrocinium

365 632 552 689 eidem
573 631 988 706 immergendo,
1010 651 1117 692 non
1145 637 1544 708 intelligentes
1569 640 1723 711 quod
1751 640 1848 711 qui
1874 656 1901 697 a
1925 657 2013 698 ca-

366 722 505 792 pite,
531 721 585 776 id
618 727 707 777 est
739 739 766 779 a
803 726 941 780 sedc
977 726 1129 781 beati
1165 728 1341 797 Petri,
1363 731 1881 787 excommunicatis
1915 731 2011 787 ad-

363 809 636 866 haerendo
671 812 1076 883 dissenserint,
1098 814 1264 885 juxta
1290 818 1622 874 sanctiones
1654 824 1886 891 patrum
1920 836 2010 875 or-

364 898 750 956 thodoxorum
785 901 907 972 pari
952 919 1080 958 cum
1114 905 1199 960 eis
1233 905 1645 977 dampnatione
1696 912 2008 965 teneantur

364 987 845 1059 adstricti,juxta
888 991 1030 1048 illud
1069 994 1264 1050 Nieeni
1304 996 1575 1052 concilii:
1618 999 2009 1069 Quodsiquis

364 1077 433 1133 de
449 1079 756 1149 episcopis,
769 1081 1145 1152 prcsbiteris,
1165 1084 1513 1142 diacouibus
1535 1101 1637 1142 seu
1658 1088 1918 1157 quilibet
1936 1101 2009 1143 ese

362 1166 514 1222 clero
562 1167 950 1239 deprehensus
965 1171 1180 1242 fuerit
1203 1176 1729 1232 excommuu-icatis
1760 1191 2008 1232 commu-

360 1254 585 1323 uicare,
613 1257 795 1312 etiam
816 1259 927 1314 iste
945 1262 1347 1317 communione
1377 1264 1669 1331 privetur,
1699 1264 2007 1334 tamquam

361 1345 469 1412 qui
495 1345 769 1415 regulam
801 1348 1119 1420 confundit
1146 1351 1457 1420 (ecclesia;
1493 1352 1725 1406 Fabiani
1777 1368 2006 1422 quoque

362 1447 487 1502 cap.
527 1437 546 1486 1
592 1452 602 1486 :
643 1433 807 1498 Quod
844 1438 898 1491 si
926 1436 1064 1507 quis
1113 1452 1247 1493 cum
1293 1441 1796 1497 excommmzicato
1845 1455 2007 1498 acer-

363 1520 533 1577 teudo
562 1522 808 1593 regulas
844 1526 1099 1581 scienter
1145 1527 1355 1582 saltim
1400 1528 1464 1584 iu
1510 1529 1675 1584 clamo
1725 1530 2007 1601 loquutus

346 1611 555 1680 fuerit
579 1612 674 1668 cel
697 1615 979 1683 orarerit,
1006 1615 1111 1671 ille
1140 1620 1541 1674 communione
1557 1620 1869 1689 privetur;
1891 1636 2004 1675 nou

364 1705 701 1755 reverentes
734 1700 876 1757 illud
909 1705 1215 1771 Augustini
1250 1706 1382 1775 quia
1428 1709 1708 1778 quisquis
1739 1724 1777 1763 (ι
1808 1709 2005 1764 catho-

365 1785 487 1843 lico
499 1788 705 1857 fuerit
729 1792 1047 1859 separatus
1081 1793 1365 1863 ecclesia,
1398 1796 1690 1864 quantum
1734 1796 2007 1853 laudabi-

2126 662 2215 714 est
2249 655 2625 727 appellatum.
2656 654 2750 711 Ait
2775 654 2988 725 quippe
3017 654 3224 709 beatus
3244 656 3679 724 Augustinusin
3706 657 3777 713 1i-

2126 747 2231 803 bro
2264 750 2471 815 quarto
2504 747 2581 800 De
2621 744 2863 799 civitate
2900 743 2999 798 Dei
3026 762 3036 795 :
3066 744 3262 801 Bonus
3281 744 3336 799 si
3356 747 3600 810 serviat,
3623 747 3779 805 liber

2122 837 2242 903 est;
2254 851 2347 892 ma
2357 837 2449 891 lus
2471 834 2653 891 etiam
2669 834 2723 891 si
2740 834 2964 903 regnet,
2980 847 3110 890 sero
3120 847 3186 889 us
3204 834 3306 889 est.
3326 835 3391 889 Et
3412 836 3617 893 beatus
3643 841 3778 894 Am-

2123 925 2355 980 brosius
2375 924 2651 993 :Misera,
2671 923 2770 989 ait,
2788 922 3050 980 servitus
3070 922 3161 978 est
3175 922 3402 978 sortire
3410 926 3698 995 peccatis,
3718 928 3781 983 et

2117 1015 2337 1070 servile
2367 1014 2458 1071 est
2482 1026 2647 1069 omne
2661 1012 2993 1083 peccatum,
3014 1011 3203 1067 libera
3221 1012 3676 1071 estin-nocentia.
3696 1017 3769 1070 Et

2122 1103 2329 1159 beatus
2343 1102 2628 1171 Augustin
2642 1101 2770 1156 usin
2789 1100 2989 1155 eodem
3009 1100 3156 1155 libro
3183 1104 3307 1171 post
3338 1116 3517 1172 pauca
3538 1105 3776 1160 :Iiemo-

2122 1193 2201 1261 tu,
2220 1192 2319 1261 ait,
2321 1191 2599 1263 justitia,
2615 1190 2768 1261 quid
2777 1190 3133 1259 suutrequu,
3153 1188 3510 1260 nisimaqna
3531 1192 3775 1250 latroci-

2117 1282 2419 1353 uia?quia
2440 1280 2499 1336 et
2518 1278 2841 1336 latrocinia
2864 1278 3019 1348 quid
3036 1279 3179 1335 sunt
3196 1279 3320 1336 uisi
3335 1293 3526 1350 prava
3537 1295 3729 1352 requa
3750 1284 3774 1334 ?

2121 1371 2292 1439 (Fol.1
2312 1370 2434 1441 12’.)
2452 1371 2649 1425 Manus
2665 1372 2719 1424 et
2738 1368 2860 1438 ipsa
2878 1368 3171 1423 hominum
3189 1369 3550 1440 est,imperio
3565 1370 3774 1440 princi-

2122 1461 2209 1531 pis
2232 1459 2477 1527 regitur,
2498 1461 2667 1528 pacto
2693 1457 2996 1512 societatis
3031 1457 3397 1526 astringitur,
3418 1457 3612 1528 placiti
3640 1459 3770 1529 lege

2121 1549 2315 1619 przeda
2334 1546 2633 1603 dividitur.
2654 1547 2769 1601 lloc
2789 1545 2999 1601 malum
3016 1545 3063 1601 si
3082 1545 3133 1600 in
3152 1548 3377 1602 tantum
3404 1547 3769 1616 perditorum

2120 1637 2413 1693 hominum
2430 1636 3030 1704 accessibuscrescat,
3052 1638 3183 1690 utet
3202 1634 3324 1691 loca
3339 1636 3766 1705 teneat,sedcm

2119 1726 2462 1794 constituat,
2478 1724 2752 1780 civitates
2774 1728 3041 1794 occupet,
3072 1723 3319 1795 populos
3338 1724 3627 1793 subjuget,
3650 1725 3767 1779 cvi-

2123 1814 2357 1869 dentius
2388 1814 2547 1883 regni
2583 1829 2788 1870 nomen
2814 1813 3075 1869 assumit.
3103 1812 3263 1879 Quod
3297 1812 3550 1868 etiamin
3591 1815 3767 1871 mani-

366 1875 505 1931 liter
533 1890 594 1933 se
622 1878 818 1933 cicere
845 1879 1163 1951 existimet,
1201 1882 1306 1938 hoc
1352 1883 1472 1940 solo
1515 1884 1731 1940 scelere
1777 1900 1904 1957 quoi

2227 1910 2276 1959 to
2306 1875 2554 1973 confert,
2582 1918 2691 1958 non
2727 1903 2959 1973 dempta
2993 1875 3307 1973 cupiditas,
3336 1902 3435 1958 sed
3469 1902 3663 1958 addita
3687 1904 3765 1957 in-

368 1962 597 2020 C'lzristi
641 1967 897 2023 oeri?ute
929 1968 1266 2037 disiunctus
1309 1973 1413 2039 est,
1445 1986 1560 2028 non
1606 1973 1785 2029 liabet
1828 1976 1893 2029 iu
1944 1988 2007 2031 se

362 2052 571 2123 cita/i1,
606 2054 699 2109 set
725 2055 823 2111 ira
861 2057 972 2111 Dei
1004 2058 1201 2113 mouet
1223 2073 1400 2129 super
1428 2075 1574 2116 eum.

438 2142 550 2197 liec
581 2142 760 2211 igitur
790 2149 882 2199 est
916 2145 1165 2201 llcinrici
1192 2148 1477 2217 quondam
1509 2150 1660 2217 regis
1686 2150 2002 2221 depositio,

361 2228 486 2284 hine
516 2234 606 2284 est
641 2230 822 2301 ipsius
854 2234 1079 2302 tyranni
1110 2235 1514 2308 fautorumque
1534 2238 1660 2308 ejus
1681 2254 2006 2295 excommu-

363 2317 598 2373 nicatio.
636 2320 702 2373 Et
748 2321 879 2390 quia
929 2323 1241 2378 secundum
1295 2324 1444 2381 dicta
1498 2328 1838 2398 prOphetica
1892 2346 2001 2385 non

363 2410 487 2461 erat
524 2410 679 2475 virga
717 2410 809 2463 Dei
833 2411 902 2466 ad
927 2412 1349 2469 correctionem
1375 2430 1552 2486 super
1578 2416 1707 2472 illos
1733 2417 1863 2483 (Job
1888 2435 1999 2489 xxr,

361 2496 437 2564 0),
474 2494 840 2566 dirigebatur
872 2498 923 2553 in
959 2515 1125 2555 manu
1157 2518 1354 2558 eorum
1398 2505 1585 2575 dolus,
1620 2508 1771 2564 sicut
1824 2514 1879 2565 et
1932 2512 2002 2565 de

361 2584 553 2654 capite
578 2585 832 2641 omnium
857 2587 1150 2658 scriptura
1181 2595 1433 2647 testatur
1455 2595 1944 2669 qniafucietetpr
1985 2630 2006 2640 -

358 2672 698 2742 sperabitur
720 2676 900 2739 (Dan.
920 2691 1036 2746 vm,
1062 2682 1169 2744 1'2).
1194 2680 1298 2744 Qui
1326 2686 1541 2751 quanto
1565 2684 1813 2755 amplius
1838 2688 2003 2745 malis

360 2759 754 2816 adhaerebant.
795 2766 955 2819 tanto
1006 2765 1193 2822 minus
1240 2769 1641 2839 intelligebaut
1698 2774 1844 2829 bona
1874 2792 2001 2845 qum.

362 2849 702 2917 perdebant.
722 2851 840 2906 Lux
864 2852 1014 2906 enim
1039 2855 1433 2927 veritatisque
1450 2861 1643 2917 habita
1662 2864 1996 2933 negligitur,

358 2950 426 2989 eo
444 2938 733 3007 permittit
763 2941 909 2995 Deus
934 2946 995 2995 ut
1019 2958 1122 2998 nec
1147 2945 1354 3001 amissa
1382 2949 1735 3020 requiratur,
1756 2958 1811 3007 et
1837 2956 1998 3025 pravi

360 3024 573 3094 quique
602 3030 761 3081 tanto
787 3043 846 3082 se
876 3028 1024 3083 inani
1063 3030 1260 3086 lictitia
1300 3036 1611 3108 extollunt,
1645 3046 1851 3109 '[uanto
1890 3060 2001 3099 ma-

356 3112 446 3179 gis
461 3113 531 3169 ad
548 3113 745 3183 pejora
762 3116 1200 3190 convalescunt,
1213 3137 1244 3191 q
1256 3126 1593 3181 neniadmod
1607 3144 1695 3182 um
1713 3130 1870 3201 scrip
1884 3135 1936 3187 tu
1950 3149 1996 3186 m

352 3204 436 3255 est
463 3219 474 3253 :
505 3202 786 3259 Peccutor
806 3218 937 3261 cum
958 3210 1190 3265 ceucrit
1214 3212 1279 3266 iu
1290 3215 1661 3284 profuudmu
1686 3220 1997 3285 l/l(t«'fr)'lllll,

352 3290 717 3362 conicum/let
732 3293 933 3359 (Prov.
973 3311 1126 3367 xvnr,
1163 3304 1239 3366 3).
1276 3302 1574 3359 l’ervcrsze.
1603 3306 1752 3361 enim
1787 3311 1998 3364 mentis

349 3381 439 3432 est
456 3378 712 3448 gaudere
729 3380 781 3434 in
798 3381 1208 3454 iniquitatibus
1221 3404 1364 3457 quas
1380 3391 1516 3447 flere
1537 3393 1838 3450 debuerat.
1859 3400 1995 3454 Nam

352 3465 517 3522 bonae
550 3469 761 3525 mentis
793 3476 883 3525 est
917 3473 1129 3529 vulnus
1155 3478 1374 3533 sentire.
1405 3482 1646 3549 peccati.
1672 3484 1776 3549 Qui
1806 3490 1995 3541 autem

354 3555 611 3622 gaudent
630 3556 696 3610 ad
742 3559 986 3631 scelera,
1009 3563 1171 3618 traha
1185 3569 1241 3618 nt
1261 3580 1406 3634 quos
1420 3568 1611 3623 valent
1628 3572 1695 3625 ad
1724 3574 1909 3642 perdit
1925 3576 1998 3629 io-

351 3656 479 3696 ncm
511 3659 695 3713 suam,
730 3650 787 3700 et
820 3649 928 3703 sub
957 3652 1217 3719 peccatis
1247 3670 1396 3723 esse,
1435 3658 1523 3711 vel.
1573 3659 1762 3730 culpis
1791 3664 1996 3734 culpas

349 3729 586 3801 addere,
606 3734 855 3789 credunt
880 3752 942 3791 se
968 3738 1249 3794 virtutum
1274 3744 1569 3812 opulentia
1590 3729 1905 3821 ruinulare,
1927 3753 1956 3805 d
1978 3774 1994 3807 .2

349 3818 563 3888 quibus
598 3822 742 3876 bene
777 3838 879 3893 per
911 3827 1251 3896 prophetam
1283 3831 1520 3903 dicitur,
1547 3838 1699 3904 (‘plod
1723 3856 1853 3895 esse
1886 3818 1995 3895 sub

347 3909 619 3965 sensibus
652 3910 894 3968 delicias
926 3913 1204 3984 deputant
1243 3919 1373 3981 (Job
1407 3937 1533 3993 xxx,
1569 3928 1647 3995 7/,
1685 3928 1815 3996 quia
1862 3929 1993 3986 inde

346 4011 684 4066 perversam
701 4013 826 4054 men
841 4006 948 4056 tem
965 4002 1033 4058 ad
1053 4006 1258 4071 gaudia
1278 4010 1607 4077 sublevant,
1631 4017 1778 4071 unde
1795 4019 1992 4092 spinas

346 4089 718 4154 peccatorum
749 4095 1001 4157 portant.
1024 4095 1593 4167 Cont.i,niipnr.-ntcs‘°°
1616 4105 1763 4159 enim
1794 4089 1989 4177 Deum,

345 4173 577 4229 minime
605 4174 694 4231 hic
721 4177 980 4234 sentiunt
1008 4196 1038 4250 q
1067 4188 1286 4239 iantum
1321 4187 1398 4241 sit
1434 4190 1564 4244 lILlii
1603 4194 1754 4263 (μιοά
1790 4173 1990 4263 agnit.

344 4260 571 4316 Manere
594 4263 702 4319 sub
725 4266 991 4322 sentibus
1016 4270 1256 4329 delicias
1283 4275 1584 4345 deputant,
1605 4260 1734 4350 quia
1762 4260 1989 4340 etilura

340 4352 397 4403 et
434 4352 741 4420 praesentis
774 4354 905 4410 vitae
938 4372 1133 4412 amore
1170 4362 1443 4434 tolerant,
1471 4370 1529 4420 et
1557 4374 1743 4427 tamen
1780 4374 1989 4429 atl‘cctu

341 4436 532 4494 nimia;
563 4441 906 4511 cupiditatis
939 4446 1203 4517 obligati,
1237 4451 1495 4509 tiberim
1542 4457 1799 4525 ejusdem
1849 4461 1991 4517 tolc.

341 4526 547 4583 rantiie
579 4529 940 4601 voluptatem
980 4542 1207 4604 putant.

2125 1993 2377 2064 punitas.
2408 1993 2737 2048 Cocrcenda
2776 1992 2953 2060 igitur
2986 1991 3116 2061 quis
3151 1995 3319 2059 neget
3342 1991 3762 2046 latrocinia?Si

2124 2086 2342 2137 remota
2373 2081 2601 2151 justitia
2636 2080 2810 2135 nichil
2843 2080 3002 2136 aliud
3035 2083 3166 2135 sunt
3204 2096 3379 2145 regna
3420 2080 3526 2134 nisi
3562 2096 3762 2149 magna

2121 2169 2446 2237 latrocinia,
2475 2174 2531 2224 et
2556 2184 2758 2223 manus
2784 2169 2904 2240 ipsa
2927 2168 3399 2224 latrocinantium
3424 2168 3656 2223 videtur
3681 2184 3765 2223 rc-

2119 2258 2173 2327 gi
2210 2258 2373 2328 quasi
2409 2258 2653 2328 imperio
2688 2257 2966 2328 principis
3000 2256 3373 2326 przesndentis
3406 2256 3475 2312 ad
3510 2256 3764 2321 scelera;

2118 2362 2256 2416 ergo
2285 2347 2651 2403 coercendus
2676 2352 2767 2401 est
2787 2345 3258 2401 latrocinantiuni
3288 2345 3577 2415 princeps,
3604 2360 3763 2400 coer-

2116 2437 2297 2491 cenda
2334 2436 2456 2506 ipsa
2493 2434 2818 2503 latrocinia,
2870 2437 2932 2489 ut
2965 2433 3279 2489 accedente
3306 2434 3533 2502 justitia
3576 2433 3762 2503 dispo-

2116 2528 2330 2579 nantur
2363 2539 2674 2591 regnorum
2703 2522 2830 2592 jura
2864 2528 2922 2577 et
2954 2528 3191 2577 cessent
3224 2522 3549 2578 latrocinia.
3574 2522 3680 2577 Sed
3706 2525 3756 2577 et

2116 2611 2394 2681 numquid
2421 2611 2829 2682 rcgesexcepti
2848 2614 3004 2681 sunt,
3022 2610 3253 2681 quando
3274 2611 3395 2682 ipse
3420 2612 3539 2666 Rex
3566 2625 3759 2679 regum

2116 2700 2185 2755 dc
2202 2699 2506 2769 disciplina
2530 2699 2948 2754 {ecclesiastica
2971 2699 3236 2767 agensait
3263 2699 3506 2770 principi
3533 2702 3758 2768 aposto-

2115 2785 2322 2841 lorum:
2346 2787 2757 2856 Quodcumque
2769 2787 3475 2859 liya‘cerissuperierram
3487 2786 3758 2858 eritliqa»

2117 2876 2239 2930 tum
2261 2876 2317 2930 et
2333 2874 2399 2931 iu
2421 2876 2581 2932 cretis
2608 2875 2848 2940 (illaille
2878 2891 2989 2944 xvi,
3022 2881 3127 2946 19),
3155 2880 3214 2930 et
3239 2875 3483 2946 reliqua.
3509 2876 3758 2931 Verean-

2118 2969 2212 3018 tur
2243 2979 2382 3031 ergo
2414 2970 2470 3016 et
2493 2980 2662 3033 rcges
2688 2966 2758 3018 ah
2778 2965 2868 3019 his
2896 2964 3061 3033 ligari
3088 2964 3140 3019 in
3167 2964 3345 3020 terris
3367 2979 3607 3034 quorum
3633 2979 3757 3019 sen-

2116 3052 2355 3107 tentiam
2382 3054 2532 3108 Deus
2552 3045 2856 3108 conﬁrmat
2884 3053 2937 3108 in
2956 3052 3138 3108 coalis.
3157 3052 3518 3108 Etlemincrint
3543 3068 3605 3109 se
3625 3068 3757 3108 esse

2114 3156 2225 3195 non
2260 3156 2434 3211 supra
2468 3141 2795 3197 {ecclesiam
2827 3141 2924 3196 sed
2954 3142 3103 3198 intra
3126 3142 3468 3211 zecclcsiam,
3496 3141 3540 3197 si
3566 3146 3755 3197 tamen

2116 3244 2222 3283 non
2245 3246 2314 3283 cx
2338 3247 2406 3285 eo
2428 3231 2576 3299 quod
2608 3247 2773 3299 rcges
2798 3231 3449 3300 dicunturingnrgitcm
3475 3230 3754 3287 viciorum

2115 3324 2213 3373 aut
2247 3319 2299 3372 in
2335 3319 2696 3388 tyrannidem
2721 3320 3102 3391 etl‘renantur,
3129 3320 3229 3375 sed
3254 3335 3324 3374 ex
3342 3335 3411 3375 eo
3433 3319 3581 3390 quod
3605 3320 3757 3375 chri-

2113 3407 2285 3460 stiani
2322 3407 2694 3478 appellantur
2726 3424 2828 3478 per
2857 3408 2991 3465 vita:
3024 3408 3338 3478 puritatem
3369 3412 3428 3464 et
3459 3407 3756 3478 regnantis

2113 3496 2614 3550 mansuetmlincm
2652 3496 2942 3552 Christum
2980 3497 3311 3561 imitantur;
3338 3511 3504 3567 quem
3529 3497 3750 3566 utique,

2111 3583 2261 3638 sicut
2293 3584 2371 3637 ait
2406 3585 2612 3640 beatus
2646 3585 3023 3653 Augustinus,
3050 3601 3166 3641 non
3193 3585 3485 3656 sequitur,
3507 3587 3614 3655 qui
3638 3600 3755 3641 non

2107 3673 2425 3728 secuudmn
2455 3688 2655 3729 rerum
2673 3675 2857 3744 ﬁdem
2890 3675 2947 3728 et
2975 3674 3331 3731 catholicam
3371 3673 3754 3744 disciplinam

2108 3761 2480 3818 claristiunus
2507 3763 2771 3819 vocatur.
2795 3763 2849 3817 Si
2884 3778 3020 3818 vero
3043 3765 3468 3820 subsannantes
3492 3778 3595 3818 nos
3620 3778 3753 3818 eou-

2111 3850 2304 3905 trariai
2340 3850 2521 3921 partis
2552 3851 2870 3907 adversarii
2915 3852 3291 3922 requisierint
3341 3853 3603 3923 quisnam
3632 3851 3751 3921 epi-

2109 3954 2418 4008 scoporum
2455 3954 2623 4007 reges
2643 3940 3030 4009 redarguerit,
3058 3940 3296 3996 audiant
3321 3939 3457 4009 quid
3479 3955 3623 4010 papa
3648 3940 3750 3995 Ge-

2108 4024 2287 4081 lasins
2331 4027 2483 4082 dicat
2535 4028 2589 4082 in
2638 4028 2887 4099 epistola
2936 4044 3106 4098 quam
3163 4028 3398 4099 scripsit
3450 4027 3747 4084 Dardanias

2105 4115 2441 4186 episcopis:
2483 4140 2507 4164 α
2538 4118 2783 4186 Nathan,
2836 4118 3041 4187 inquit,
3088 4118 3368 4189 propheta
3413 4116 3597 4189 palam
3648 4133 3748 4187 pu-

2108 4202 2374 4273 bliceque
2410 4204 2463 4259 in
2500 4204 2643 4260 t‘acie
2678 4205 2799 4274 regi
2832 4205 3009 4261 David
3040 4210 3097 4261 et
3129 4205 3500 4262 commissum
3534 4204 3746 4261 denun-

2105 4291 2281 4346 ciavit
2315 4308 2593 4362 errorem,
2621 4299 2676 4348 et
2703 4295 2890 4366 ipsum
2924 4294 3289 4350 commisisse
3320 4310 3431 4350 non
3456 4294 3660 4363 tacuit,
3687 4298 3742 4348 et

2105 4396 2208 4434 con
2221 4382 2468 4437 fossione
2483 4388 2811 4438 correctum
2828 4382 3535 4453 consequenterabsolvit.
3560 4384 3743 4437 Beatze

2106 4470 2397 4526 memoriae
2423 4471 2764 4527 Ambrosius
2797 4471 3242 4527 Mcdiolanensis
3267 4472 3533 4527 ecclesia;
3556 4486 3745 4527 sacer—

2104 4558 2210 4613 dos
2241 4558 2515 4629 majorem
2559 4561 2942 4617 Theodosium
2992 4562 3403 4633 imperatorem
3436 4577 3462 4615 a
3497 4576 3745 4617 commu-

412 4615 761 4722 Ῑτξξιξίοιξίῦυδ
793 4618 973 4687 igitur
1007 4626 1235 4720 li’l’ilm'i
1288 4630 1539 4687 ΠυἿιΓὶυί
1577 4633 1701 4704 ipsil
1734 4637 1861 4706 Olus
1891 4638 1988 4692 de-
2020 4636 2072 4696 D
2104 4647 2273 4702 nionc
2300 4615 2529 4719 p'ublicc
2545 4649 2850 4721 palamque
2866 4652 3191 4722 suspendit,
3212 4657 3385 4721 atque
3401 4651 3470 4706 ad
3488 4650 3745 4722 peniten-

339 4702 560 4772 positio
579 4710 636 4758 et
656 4710 1182 4767 excommunicatio
1209 4730 1373 4771 versa
1400 4725 1490 4773 est
1517 4720 1568 4773 in
1595 4702 1903 4795 canticurn,
1929 4732 1988 4781 ct

339 4788 586 4847 domnus
606 4807 753 4862 papa
777 4796 962 4851 factus
981 4804 1073 4852 est
1098 4800 1214 4856 illis
1241 4803 1291 4857 in
1315 4808 1705 4875 proverbium.
1725 4813 1829 4878 Qui
1855 4788 1983 4870 clnn

339 4878 607 4935 audirent
634 4885 1195 4943 cxcommunicatum
1220 4906 1435 4963 regem,
1458 4912 1574 4966 pra)
1602 4899 1984 4960 admiratione
2033 4921 2040 4926 '

339 4980 401 5021 se
429 4966 590 5037 ipsos
616 4982 722 5023 non
746 4972 1076 5044 capiebant,
1096 4976 1455 5048 impossibile
1482 4983 1589 5040 hoc
1613 5004 1739 5043 esse
1761 4991 1985 5059 piocla-

338 5055 593 5125 mahant,
618 5072 646 5112 a
685 5059 887 5114 seculo
910 5061 1233 5121 inauditum
1260 5055 1983 5138 pronunciabant.'Andia-

337 5156 465 5200 mus
493 5159 634 5215 ergo
666 5150 725 5201 et
756 5163 860 5204 nos
891 5152 962 5206 ab
990 5153 1074 5207 cis
1107 5154 1249 5211 illud
1286 5164 1505 5216 tantum
1533 5175 1980 5238 sacramentum,

339 5230 495 5299 quod
515 5238 614 5291 aut
638 5249 831 5305 regem
860 5240 1074 5309 corrigi
1102 5244 1431 5317 prohibeat,
1460 5255 1556 5305 aut
1583 5230 1980 5314 contmnaccm

338 5320 615 5377 canonice
650 5325 836 5379 notari
868 5343 980 5383 non
1011 5333 1362 5388 consentiat.
1410 5337 1554 5402 Quid
1591 5341 1980 5403 inverecunde

340 5407 528 5464 servis
560 5409 658 5465 Dei
688 5419 989 5482 Opponunt
1024 5419 1185 5486 regni
1224 5422 1477 5483 fastum?
1503 5428 1661 5493 Quod
1699 5433 1898 5503 utique
1930 5437 1976 5491 si

2103 4735 2237 4790 tiam
2273 4737 2498 4806 redegit
2532 4738 2748 4808 regiam
2804 4744 3177 4811 potestatem.
3215 4742 3403 4796 Beata)
3455 4739 3740 4795 memoria:

2102 4838 2246 4892 papa
2282 4827 2390 4879 Leo
2421 4825 2830 4896 imperatorem
2868 4828 3539 4898 i‘hcodosiumjnniorcm
3563 4826 3743 4899 Ephe-

2100 4910 2240 4967 sinze
2274 4914 2474 4982 synodi
2510 4915 2817 4971 latrocinio
2843 4915 3023 4972 libere
3047 4918 3309 4987 coarguit
3337 4917 3738 4972 excedentem.

2099 5001 2324 5057 Sanctae
2359 5003 2650 5059 memoriae
2684 5020 2828 5076 papa
2862 5005 3130 5074 llylarius
3163 5006 3527 5061 Anthemium
3566 5005 3743 5076 impe-

2100 5092 2373 5159 ratorem,
2404 5106 2532 5146 cum
2566 5091 2870 5149 Filothcus
2912 5095 3357 5150 Maccdonianus
3403 5094 3529 5163 ejus
3582 5093 3741 5147 raini-

2098 5174 2357 5233 liaritate
2378 5180 2651 5237 suffultus
2670 5181 3029 5238 diversarum
3044 5183 3430 5239 conciliabula
3447 5186 3739 5239 sectarum

2096 5263 2149 5318 in
2185 5265 2387 5321 urbem
2440 5268 2614 5323 vellet
2668 5269 2967 5341 inducere,
3016 5272 3165 5342 apud
3222 5272 3451 5326 beatum
3504 5272 3739 5327 Petrum

2094 5353 2423 5421 apostolum
2448 5356 2633 5426 palam
2660 5372 2728 5413 ne
2750 5358 2803 5415 id
2832 5358 2995 5414 ﬁeret
3019 5359 3176 5415 clara
3200 5375 3339 5415 voce
3364 5359 3736 5425 constrinxit,

2094 5440 2146 5494 in
2179 5446 2406 5498 tantum
2437 5450 2496 5500 ut
2532 5460 2642 5500 non
2683 5461 2747 5501 ea
2802 5446 3060 5503 facienda
3112 5465 3239 5504 cum
3293 5448 3740 5519 interpositione

771 5596 807 5628 ο
1706 5602 1791 5657 VA
1804 5605 1938 5658 [HAS
1983 5607 2378 5666 LECTIONES.

404 5680 473 5713 ⁴⁰⁰
502 5685 833 5756 Contcpneu
846 5691 930 5743 tes
959 5702 1005 5746 c.
