3894 6412
163 413 292 475 813

1420 414 1917 483 CHRONICON.
1953 454 2028 467 —-
2059 419 2214 488 LIB.
2263 425 2334 490 II.

3469 419 3582 486 314

166 549 532 607 sacramenti
570 549 716 609 idem
787 553 1156 624 promitteret
1219 553 1554 627 imperator.
1605 553 1828 608 Sanctze
1860 552 1914 614 A
1946 555 2245 629 Pippinum
2280 561 2335 620 in
2360 562 2578 620 honore
2604 561 2763 633 regni
2789 560 3091 620 sublimari
3111 556 3438 618 constituit.
3466 560 3589 616 Ste-

170 641 478 698 memorizc
505 658 734 713 quoque
763 643 1115 714 Simplicius,
1151 648 1208 700 et
1259 651 1387 716 post
1447 661 1574 702 eum
1615 649 1830 699 sancta:

173 731 482 785 memorhe
517 747 662 803 papa
699 732 851 786 Felix
887 749 994 788 non
1031 733 1212 789 solum
1261 735 1605 790 Basiliscum
1643 739 1832 804 tyran-

173 831 343 886 num,
372 821 473 874 scd
510 821 680 876 etiam
721 822 1127 892 imperatorem]
1171 825 1453 879 Zenonem
1492 824 1829 894 prohisdem

177 906 329 976 ipsis
345 910 689 965 excessibus
711 911 1064 966 auctoritate
1090 912 1270 967 libera
1290 914 1486 983 sepius
1503 914 1833 983 increpasse

175 1004 536 1053 noscuntur.
577 999 845 1068 flectique
869 1000 1174 1070 potuisset,
1203 1002 1310 1055 nisi
1355 1002 1835 1072 (-Ionstantinopo-

177 1085 354 1141 litani
385 1087 654 1158 praesulis
683 1088 1444 1160 accendereturinstinctis,
1501 1091 1594 1161 qui
1660 1094 1835 1163 parti-

175 1191 326 1244 ceps
351 1181 612 1231 exterme
636 1178 1055 1233 communionis
1088 1180 1354 1249 effectus,
1419 1182 1753 1236 necessario
1779 1181 1832 1236 in

180 1265 341 1334 quod
382 1265 666 1321 inciderat
695 1266 811 1335 jam
841 1268 1326 1336 fovebat,malens
1343 1270 1391 1324 vi
1423 1285 1540 1326 sure
1567 1271 1836 1340 praevari-

179 1354 442 1408 cationis
473 1355 785 1425 obsistere,
823 1372 990 1425 quam
1025 1358 1318 1412 curandus
1355 1358 1424 1413 ad
1459 1359 1714 1414 salubria
1751 1376 1837 1414 re-

181 1458 308 1498 mea
324 1443 565 1512 re,sicut
590 1444 712 1514 ipse
738 1460 927 1500 rerum
955 1447 1222 1516 probavit
1241 1454 1502 1503 eventus.
1528 1449 1667 1516 (Fol.
1688 1455 1709 1503 1
1731 1453 1834 1520 l3.)

181 1533 419 1588 Sancttc
443 1550 670 1603 quoque
703 1535 991 1591 memorizc
1026 1537 1398 1593 Innocentius
1443 1553 1586 1608 papa
1626 1539 1837 1594 Archa-

181 1621 346 1677 dium
376 1622 808 1693 imperatorem,
842 1625 974 1694 quia
1009 1627 1301 1680 consensit
1329 1632 1389 1680 ut
1451 1632 1689 1683 sanctus
1745 1631 1838 1682 Jo-

183 1709 414 1765 hanncs
441 1712 829 1769 Crisostomus
867 1714 1214 1770 dczecclesia
1242 1715 1578 1786 pelleretur,
1611 1731 1836 1771 excom-

184 1799 532 1854 municavit.
563 1801 700 1867 (Fel.
738 1802 893 1871 ll‘2‘.)
927 1805 1072 1858 Ecce
1106 1819 1289 1873 nuper
1316 1805 1564 1859 Onorico
1594 1807 1836 1860 Wanda-

1947 647 2169 716 phanus
2203 667 2428 723 quoque
2463 655 2752 708 Romanus
2787 651 3067 724 pontifex,
3105 665 3418 706 successor
3440 649 3583 720 ejus,

1944 739 2210 818 eumdem
2241 741 2540 811 Pippinum
2578 742 2629 796 in
2665 758 2840 810 regno
2869 740 3204 808 constituit,
3267 745 3327 793 et
3386 753 3588 794 omnes

1947 826 2332 898 Franeigenas
2366 846 2392 884 a
2421 832 2751 899 jnrz‘nnento
2777 829 3078 884 lidelitatis
3101 827 3371 883 absolvit.
3411 827 3583 893 (Anii.

1944 915 2118 970 Ριιίᾱ.
2158 934 2205 971 a.
2241 921 2387 989 834.)
2419 919 2745 974 Ludovicus
2777 919 2950 973 etiam
2983 918 3120 972 Plus
3184 917 3500 986 imperator
3534 915 3586 968 in

1948 1005 2246 1062 Elisatiam
2281 1010 2599 1078 profectus,
2636 1008 3086 1063 occurrentibus
3115 1006 3165 1062 ei
3228 1004 3591 1060 ibiﬁliissuis

1948 1107 2076 1148 cum
2113 1096 2390 1165 Gregorio
2425 1099 2489 1152 IV
2515 1099 2768 1152 Romano
2796 1096 3087 1167 pontilice,
3118 1093 3338 1166 judicio
3366 1095 3592 1165 cpisco-

1951 1200 2150 1253 porum
2177 1200 2332 1240 arma
2355 1186 2646 1257 deposuit,
2682 1191 2737 1239 et
2765 1186 2834 1240 ad
2870 1184 3249 1255 penitentiam
3311 1183 3589 1252 agendam

1949 1274 2245 1343 aliquanto
2280 1280 2538 1344 tempore
2565 1274 2825 1345 privatus
2856 1277 2951 1328 aut
2974 1273 3123 1328 sicut
3151 1272 3398 1340 ingestis
3422 1273 3592 1326 Fran-

1950 1363 2378 1431 corumlegitur
2403 1363 2664 1418 inclusus
2679 1361 2990 1417 victitavit.
3017 1361 3218 1429 (Iba/1.,
3236 1375 3283 1415 a.
3304 1359 3588 1429 863,8qq.)

1951 1451 2121 1518 Legat
2150 1451 2322 1506 etiam
2355 1452 2407 1505 in
2441 1451 2639 1506 eodem
2675 1450 2964 1506 volumine
2997 1450 3093 1519 qui
3125 1450 3280 1504 scire
3313 1447 3586 1516 voluerit,

1951 1539 2085 1608 quid
2122 1554 2148 1593 a
2181 1541 2352 1594 beato
2386 1539 2659 1595 Nicholao
2683 1553 2831 1609 papa
2857 1536 3484 1594 adversusLotharium
3507 1551 3592 1591 rc-

1949 1633 2155 1695 gemet
2189 1627 2483 1699 conplices
2533 1631 2905 1696 fautoresque
2945 1625 3071 1694 ejus
3100 1632 3292 1681 actum
3349 1624 3422 1678 sit
3489 1640 3589 1696 pro

1948 1715 2251 1784 Tietberga
2289 1717 2482 1785 regina
2521 1716 2843 1787 repudiata,
2879 1719 2936 1769 ct
2970 1713 3237 1769 Waldrad
3270 1728 3298 1768 a
3323 1712 3589 1768 adultera

1952 1804 2416 1862 subintrmlncta.
2456 1807 2679 1858 Sanctze
2704 1803 2994 1857 memoria)
3028 1816 3258 1872 quoque
3273 1803 3590 1857 Germanus

186 1887 377 1942 lorum
402 1889 520 1955 regi
543 1890 628 1942 vir
646 1905 883 1958 i'nagnus
899 1893 1240 1960 etegregius
1255 1893 1529 1947 sacerdos
1545 1895 1836 1958 Eugenius
1869 1915 1919 1973 Β
1953 1893 2302 1948 Parisiorum
2325 1893 2636 1962 episcopus
2663 1893 2992 1947 Aribcrtum
3021 1906 3235 1958 regem,
3265 1890 3392 1959 quia
3414 1905 3591 1944 uxore

185 1977 671 2046 Carthaginiensis
699 1979 1014 2049 episcopus
1050 1982 1332 2050 multique
1357 1999 1483 2037 cum
1517 1985 1720 2038 eodem
1746 2000 1836 2037 ea-

186 2065 393 2118 tholici
446 2067 782 2121 sacerdotes
840 2074 1177 2123 constanter
1237 2072 1516 2125 restitere
1565 2073 1833 2141 scvienti,

183 2160 522 2224 cunctaque
553 2161 809 2210 extrema
841 2157 1176 2223 tolerantes,
1198 2159 1485 2228 hodiei'lue
1523 2177 1835 2231 persequu-

184 2243 423 2295 toribus
460 2243 738 2299 resistere
767 2261 873 2300 non
898 2246 1191 2302 omittunt.
1223 2248 1362 2317 (l’ol;
1392 2254 1532 2307 113.)
1571 2251 1838 2318 Nosque-

185 2344 297 2397 que
332 2331 603 2386 Odoacro
639 2334 886 2388 barbaro
916 2335 1175 2388 heretico
1203 2350 1440 2403 reg-num
1497 2336 1673 2390 Italia'
1699 2341 1835 2390 tunc

189 2419 440 2485 tenenti,
469 2435 596 2473 eum
630 2420 819 2491 aliqua
848 2437 955 2477 non
993 2424 1248 2478 facienda
1290 2426 1659 2494 praacipcret,
1725 2428 1838 2481 Deo

188 2512 518 2576 praestante
551 2508 883 2566 nullatenus
923 2511 1188 2581 paruisse
1246 2513 1612 2569 manifestum
1666 2521 1773 2569 est.
1810 2537 1835 2566 »
1892 2519 1896 2522 ’

187 2596 302 2650 IIee
330 2596 624 2652 Gelasius.
660 2598 962 2668 Reliquum
1006 2605 1112 2669 est,
1177 2606 1239 2656 ut
1297 2606 1350 2655 et
1411 2617 1515 2657 nos
1575 2604 1837 2674 exempla

187 2686 581 2752 querentibus
616 2687 944 2741 testimonia
978 2689 1059 2742 rei
1091 2692 1145 2742 et
1179 2690 1422 2758 tempori
1481 2706 1736 2760 congrua
1769 2708 1839 2746 ex

191 2775 452 2831 decretis
487 2778 786 2834 canonicis
817 2784 876 2833 et
906 2780 1219 2851 scripturis
1243 2782 1552 2837 autenticis
1582 2784 1840 2852 profera-

191 2879 338 2928 mus,
375 2865 521 2919 etin
557 2866 724 2921 domo
756 2868 872 2931 Dei,
909 2869 955 2922 si
1006 2884 1209 2924 aurum
1259 2874 1561 2937 argentum
1617 2870 1838 2941 lapides

193 2953 514 3021 przctiosos
547 2969 657 3008 non
695 2971 1025 3026 possumus,
1049 2958 1254 3012 saltem
1281 2959 1510 3027 quiasic
1542 2960 1837 3015 nobiscum

193 3041 336 3096 bene
369 3043 588 3113 agitur,
625 3044 712 3099 vel
738 3045 886 3115 pilos
911 3060 1219 3116 caprarum
1245 3047 1570 3103 offeramus.
1600 3050 1670 3102 L’t
1702 3066 1840 3118 ergo

190 3128 498 3200 aliquanto
547 3134 849 3203 superiora
911 3141 1268 3204 repetamus,
1315 3138 1498 3192 licata)
1547 3139 1838 3193 memoria:

197 3218 484 3276 Fabianus
543 3235 684 3291 papa
736 3222 1061 3293 Philippum
1120 3223 1529 3294 imperatorem
1594 3226 1837 3296 primum

193 3308 450 3364 omnium
480 3310 891 3380 imperatorum
944 3312 1499 3382 christiaimm,cum
1557 3313 1837 3368 Voluissct

198 3393 249 3448 in
287 3397 665 3466 paschalibus
693 3400 855 3454 festis
886 3401 1314 3456 communicare
1351 3401 1594 3457 vivilieis
1650 3403 1842 3457 miste-

197 3481 316 3547 riis,
358 3484 513 3540 inter
549 3487 877 3556 penitcntes
911 3494 1065 3543 stare
1103 3489 1610 3559 pi'zeeepit,i‘[uoad
1638 3490 1842 3560 culpas

197 3585 322 3637 qum
339 3573 409 3626 dc
424 3590 492 3627 eo
512 3574 773 3644 plurimae
793 3577 1146 3642 ferebantur,
1161 3592 1260 3646 per
1277 3577 1611 3646 penitentia':
1632 3577 1843 3632 lamen-

198 3664 250 3712 ta
270 3658 523 3716 dilueret
548 3679 560 3726 ;
585 3663 734 3732 quod
761 3667 817 3717 et
836 3663 1314 3731 religiosissimus
1336 3665 1844 3735 princepsgratan-

201 3745 238 3799 ti
265 3748 456 3804 animo
490 3751 768 3821 suscepit.
794 3751 970 3820 Cujus
996 3752 1310 3820 humilitas,
1331 3753 1520 3822 utjam
1547 3753 1682 3807 alibi
1701 3753 1844 3808 dixi-

202 3849 343 3906 mus,
379 3839 547 3893 tanto
579 3840 905 3896 mordacius
937 3844 1220 3896 tumorem
1258 3857 1458 3908 regum
1512 3847 1841 3896 nostrorum

204 3920 446 3996 impetit,
484 3931 701 3996 quanto
735 3929 1066 3998 religiosius
1101 3929 1198 3984 ille
1259 3929 1621 4000 disciplinam
1646 3930 1844 3986 accele-

202 4012 498 4070 siasticam
518 4016 570 4070 in
591 4021 701 4071 tam
731 4034 855 4073 rara
875 4018 1211 4088 recentique
1259 4018 1693 4074 ehristianitatc
1722 4035 1845 4076 sus-

203 4102 374 4171 cepit,
395 4119 565 4174 quam
589 4105 663 4159 hii
686 4106 736 4159 in
753 4106 869 4174 jam
892 4113 1113 4162 matura
1135 4111 1192 4161 et
1218 4107 1463 4161 dilatata
1523 4123 1624 4162 nec
1642 4108 1842 4162 audire

203 4191 592 4248 consentiunt.
616 4195 827 4249 Beatus
843 4195 1186 4251 Ambrosius
1201 4195 1509 4250 maximum
1527 4195 1839 4264 imperato-

205 4291 318 4331 rem
344 4295 372 4334 a
402 4283 806 4338 communione
840 4284 1191 4352 segregavit,
1229 4284 1544 4338 admonens
1571 4289 1631 4338 ut
1677 4283 1840 4339 effusi

205 4369 504 4435 sanguinis
536 4370 750 4425 domini
784 4373 868 4427 sui
890 4372 1499 4442 penitentiamageret.
1521 4371 1840 4440 Eugenium

205 4469 430 4525 quoque
454 4459 864 4529 imperatorem
889 4460 1017 4530 quia
1045 4461 1113 4514 de
1133 4460 1444 4530 repetenda
1470 4475 1566 4515 ara
1583 4460 1842 4515 victoria)

207 4556 265 4596 se
301 4547 610 4616 sacrilegio
636 4549 887 4616 miscuit,
916 4549 1064 4603 idem
1084 4549 1423 4604 Ambrosius
1460 4563 1694 4603 munera
1719 4549 1843 4617 ejus

1873 3273 1920 3334 C

1954 1980 2208 2049 legitima
2245 1981 2522 2035 derelicta
2549 1983 2693 2035 duas
2726 1980 2834 2034 sibi
2869 1979 2917 2032 in
2949 1977 3593 2046 matrimoniumjunxe-

1953 2073 2060 2136 rat,
2098 2069 2617 2123 excommunicavit
2653 2086 2665 2132 ;
2703 2068 2797 2136 qui
2829 2067 2961 2136 quia
2997 2071 3304 2121 correctus
3337 2080 3445 2120 non
3480 2070 3590 2131 est,

1948 2158 2166 2226 judicio
2196 2158 2292 2212 Dei
2320 2173 2635 2228 percussus
2667 2161 2930 2212 mortuus
2962 2162 3070 2210 est.
3125 2155 3429 2209 Niccforus
3455 2169 3593 2223 quo-
3631 2228 3634 2231 _

1952 2264 2062 2317 que
2082 2247 2405 2316 patriarcha
2425 2249 2635 2300 (Ionsta
2650 2244 3231 2314 ntinopolitanus,vir
3249 2242 3590 2308 catholicus,

1953 2336 2321 2391 considerata
2341 2335 2551 2388 dillicnl
2568 2339 2682 2388 tate
2699 2338 2754 2388 et
2775 2332 3106 2387 incursione
3126 2331 3501 2386 barbarorum
3519 2331 3595 2384 in-

1955 2425 2268 2490 tolerabili,
2303 2423 2639 2479 Miehaelem
2666 2423 3094 2493 imperatorem,
3123 2421 3253 2492 quia
3284 2420 3594 2490 aliquoties

1952 2529 2303 2584 congressus
2337 2530 2465 2569 cum
2504 2512 2770 2567 barbaris
2796 2512 2921 2567 sine
2969 2511 3266 2580 triumpho
3325 2523 3597 2565 reversus

1955 2604 2129 2660 fuerit
2161 2607 2217 2658 et
2255 2601 2560 2670 inglorius,
2595 2601 2887 2671 deposuit,
2923 2607 2980 2654 et
3011 2613 3117 2654 una
3141 2615 3270 2654 cum
3314 2597 3592 2667 I’rocopia

1955 2698 2202 2760 augusta
2245 2691 2516 2759 natisque
2536 2689 2658 2744 suis
2676 2688 2996 2743 monastico
3014 2687 3200 2742 induit
3233 2685 3589 2740 indumento.

1955 2781 2093 2848 (l’ol.
2127 2776 2912 2848 113’.)Etutinnumerabilia
2949 2775 3494 2847 przrttermittamus
3519 2779 3597 2828 te-

1955 2869 2451 2937 stimonia,dicant
2469 2867 2562 2936 qui
2584 2880 2748 2934 “eges
2764 2867 2834 2920 ab
2850 2864 3266 2920 zeeclcsiastica
3283 2861 3589 2932 disciplina

1953 2964 2009 3012 et
2036 2944 2276 3027 perhoc
2302 2972 2330 3010 a
2366 2958 2477 3010 Deo
2511 2955 2712 3010 volm.t
2739 2953 3012 3022 alienare,
3051 2951 3312 3007 utrumin
3348 2949 3598 3006 omnidi-

1953 3046 2212 3100 vinarum
2249 3045 2674 3114 Seripturarum
2711 3042 2882 3110 serie,
2912 3041 2963 3094 in
2988 3041 3197 3110 quibus
3232 3039 3593 3094 diversarum

1952 3137 2239 3190 sectarum
2260 3133 2500 3187 heretici
2519 3133 2793 3201 leguntur
2809 3129 3104 3200 dainpnati
3123 3128 3316 3197 fuisse,
3347 3128 3593 3198 impera—

1955 3230 2114 3279 tores
2138 3223 2445 3278 videantur
2477 3221 2732 3290 excepti;
2750 3219 2910 3273 verbi
2936 3218 3120 3287 gratia
3139 3222 3193 3272 et
3216 3232 3344 3272 eum
3368 3215 3593 3271 Arriani

1955 3312 2360 3381 dampnantur,
2447 3308 2820 3364 Constantius
2853 3307 3188 3377 imperator,
3214 3309 3313 3361 aut
3345 3305 3592 3372 Walcns,

1955 3404 2053 3454 aut
2084 3399 2295 3468 aliquis
2327 3413 2524 3467 regum
2548 3397 2791 3451 Arriano
2815 3410 2973 3450 ezcno
2993 3391 3597 3461 sordentumexcipia-

1957 3492 2052 3542 tur
2079 3489 2101 3540 ?
2126 3488 2233 3542 Sed
2252 3487 2365 3556 jam
2399 3487 2519 3556 ipse
2541 3485 2786 3539 domnus
2810 3498 2975 3553 papa,
2995 3480 3088 3551 qui
3109 3481 3342 3535 menbra
3362 3479 3593 3550 putrida

1957 3581 2015 3630 et
2048 3581 2306 3631 emortua
2341 3569 3231 3644 przeeiditabunitalecorporis,
3263 3567 3597 3639 porrigatet

1957 3664 2236 3719 obtendat
2256 3669 2459 3717 contra
2477 3661 2864 3730 obloquentes
2888 3658 3458 3714 etsubsannanteset
3486 3671 3596 3710 ma-

1957 3753 2169 3809 ledicta
2227 3753 2511 3821 jacientes
2545 3750 2792 3821 clipeum
2848 3747 3219 3805 defensionis.
3276 3746 3366 3800 Ait
3401 3746 3596 3815 itaque

1945 3841 2220 3897 scribens
2256 3840 2522 3895 fidelibus
2547 3839 2603 3894 in
2633 3837 3120 3894 Tlieutonicorum
3156 3849 3330 3903 regno
3351 3847 3598 3889 commo-

1957 3930 2223 3985 rantibus
2256 3935 2314 3984 et
2337 3929 2406 3983 de
2439 3926 3041 3983 excommunicatione
3077 3924 3230 3994 regis
3284 3921 3600 3978 dubitanti-

1961 4019 2103 4074 IHIS:

2030 4126 2056 4156 «
2091 4105 2407 4174 Gregorius
2464 4107 2611 4174 (ltiti)
2674 4105 3004 4174 episcopus.
3055 4115 3260 4156 servus
3300 4114 3596 4155 servorum

1957 4195 2074 4263 Dei,
2110 4194 2375 4249 omnibus
2409 4192 2722 4264 episcopis,
2742 4191 3009 4260 ducibus,
3031 4188 3344 4245 comitibus
3364 4187 3599 4244 ceteris-

1957 4299 2066 4353 que
2091 4282 2361 4336 fidelibus
2378 4281 2430 4334 in
2453 4296 2630 4346 regno
2655 4279 3180 4334 Theuthonicorum
3223 4275 3598 4332 christianam

1957 4372 2123 4426 fidem
2159 4368 2536 4438 diligentibus
2567 4367 2813 4421 salutem
2845 4372 2905 4420 et
2938 4365 3317 4435 apostolicam
3369 4362 3600 4418 benedi-

1954 4459 2225 4515 ctionem.
2255 4457 2595 4512 Audivimus
2629 4454 2907 4524 quosdam
2933 4455 3083 4507 inter
3106 4468 3210 4509 vos
3269 4452 3338 4507 dc
3369 4466 3597 4506 excom-

1956 4547 2342 4603 municationc
2379 4560 2546 4614 quam
2599 4543 2650 4597 in
2705 4558 2895 4611 regem
2947 4541 3186 4596 fecimus
3234 4540 3592 4606 dubitare,»

206 4635 422 4700 sprevit
452 4639 603 4692 etab
627 4638 888 4697 zccclcsia
908 4642 1106 4692 cumet
1129 4637 1584 4707 compliccsejus
1604 4616 1837 4707 abjecit.
1871 4616 1924 4677 D
1956 4641 2066 4692 etc.
2101 4636 2120 4706 (
2168 4636 2307 4690 Vide
2336 4634 2494 4691 inter
2519 4632 2686 4704 epist.
2726 4631 3000 4702 Gregorii
3039 4630 3170 4698 VII,
3235 4627 3598 4697 Patrologite

209 4720 428 4779 Sanctae
461 4726 751 4781 memoria)
785 4741 1013 4796 quoque
1049 4741 1192 4796 papa
1229 4726 1540 4794 Gregorius
1562 4727 1634 4780 III
1660 4740 1845 4780 remo-

209 4808 282 4862 vit
314 4812 572 4883 Romam,
607 4820 665 4869 et
697 4815 937 4883 Italiam,
973 4819 1030 4870 et
1064 4815 1251 4870 omnia
1287 4820 1400 4868 tam
1454 4813 1536 4869 rei
1595 4813 1842 4884 publica}

209 4912 372 4964 quam
407 4903 840 4959 zecclesiasticze
868 4903 998 4971 jura
1031 4903 1083 4958 in
1130 4903 1424 4973 Hesperiis
1476 4902 1740 4972 partibus
1774 4903 1843 4956 ab

209 4986 533 5047 obedientia
554 4991 757 5046 Leonis
780 4991 1218 5062 imperatoriset
1248 4991 1470 5062 imperii
1498 4990 1604 5046 sub
1623 5005 1691 5046 eo
1712 5008 1843 5046 con-

212 5074 418 5131 stituti.
457 5081 747 5135 Iohannes
780 5081 1102 5150 etiam,non
1123 5094 1268 5150 papa
1290 5079 1716 5150 autepiscopus
1743 5080 1844 5134 sed

213 5167 521 5223 monachus
535 5173 590 5224 et
609 5168 1539 5240 prcsbiterDamasccnus,doct0r
1563 5169 1841 5238 Optimus,

211 5254 448 5310 eundem
477 5257 716 5313 Leonem
737 5273 865 5312 cum
901 5257 1156 5313 Orientis
1177 5256 1469 5326 episcopis
1493 5257 1844 5312 anathemati

215 5339 490 5399 subdidit.
532 5345 1035 5402 Beatzcnicmorize
1064 5344 1374 5400 Zacharias
1418 5359 1563 5415 papa
1608 5344 1852 5400 Hilderi-

212 5440 337 5482 cum
370 5431 633 5489 ultimum
668 5435 735 5489 de
769 5434 952 5504 stirpe
986 5433 1445 5502 Merovingorum
1504 5448 1696 5502 regem
1718 5448 1852 5489 are-

211 5527 319 5580 gno
349 5518 643 5592 deposuit,
675 5528 730 5577 et
770 5522 822 5576 in
856 5521 1272 5578 monasterium
1306 5521 1757 5591 detrudijussit,
1795 5528 1854 5576 et

1959 4731 2092 4781 tom.
2128 4724 2427 4792 CXLVIII).

2029 4812 2275 4883 Scripsit
2307 4815 2361 4864 et
2398 4810 2565 4866 aliam
2599 4807 2928 4879 epistolam,
2968 4806 3180 4862 intuitu
3199 4803 3591 4871 discretionis,

1961 4901 2197 4973 pietatis
2242 4904 2298 4955 et
2360 4897 2778 4954 misericordiie
2831 4895 3139 4951 dulcedine
3191 4893 3436 4964 plenam,
3489 4908 3596 4962 pro

1961 4986 2437 5044 reconciliatione
2467 4984 2847 5056 quorumdam
2883 4989 2980 5050 ;ut
3016 4983 3062 5038 si
3097 4983 3192 5053 qui
3223 4981 3291 5036 ad
3319 4983 3493 5035 Deum
3515 4996 3598 5035 re-

1961 5077 2106 5132 verti
2167 5075 2507 5142 voluissent,
2563 5075 2845 5128 haberent
2909 5075 3170 5143 paratum
3224 5085 3342 5140 pra:
3410 5068 3598 5124 oculis

1964 5165 2144 5221 medic
2156 5168 2444 5219 amentum
2464 5161 3061 5228 reconciliationis,ne
3078 5159 3248 5215 alicui
3268 5156 3598 5227 egritudine

1963 5257 2261 5326 praevento
2289 5253 2545 5320 obesset,
2573 5251 2723 5321 quod
2750 5250 2818 5305 ad
2853 5249 3049 5304 sedem
3099 5247 3480 5318 apostolicam
3511 5261 3600 5301 0c-

1963 5357 2202 5399 currere
2225 5357 2337 5398 non
2371 5345 2615 5412 posset;
2672 5342 2824 5393 etut
2878 5337 3032 5393 nulla
3081 5337 3396 5391 haberetur
3451 5349 3604 5390 com-

1965 5431 2253 5489 munionis
2285 5429 2538 5486 societas
2561 5444 2689 5485 cum
2709 5417 3224 5481 excommunicatis
3261 5443 3271 5476 :

2039 5539 2065 5570 «
2115 5517 2430 5588 Gregorius
2480 5517 2812 5588 cpiscopus,
2865 5528 3071 5569 servus
3123 5526 3419 5569 servorum
3479 5510 3599 5574 Dei,

1796 5630 2014 5684 ΝΟΤιΕ.

1796 5631 1838 5683 Ν
1936 5631 2014 5684 ιΕ.

282 5711 424 5784 (166)
453 5716 657 5772 Exstat
686 5721 746 5771 et
778 5716 829 5772 in
863 5716 1065 5772 codice
1098 5716 1350 5773 Udalrici
1391 5719 1484 5771 146
1507 5723 1565 5771 et
1587 5717 1736 5788 apud
1774 5631 2249 5772 Begifriedensem
2283 5730 2331 5768 c.
2368 5717 2453 5768 78.
2493 5713 2554 5765 Κ.
