3894 6404
317 325 434 393 315
1277 350 1646 421 HUGONIS
1685 356 2043 425 ABBATIS

315 464 663 567 omnibusin
687 471 918 567 Christo
950 478 1253 554 fratribus,
1279 487 1591 563 episcopis,
1619 493 1953 567 abbatibus,
1986 497 2042 559 A

319 557 1020 652 sacerdotibus,dncibus
1038 575 1094 625 et
1136 557 1499 647 principibus
1540 557 1716 652 atque
1764 557 1960 640 militi;

322 641 449 730 bns,
487 647 868 721 omnibusque
896 641 1298 720 christia—niam
1330 641 1497 722 ﬁdem
1532 675 1590 724 ct
1623 641 1778 727 beati
1804 675 1961 730 Petri

318 729 593 832 honorem
628 754 830 798 revera
864 745 1246 817 diligentibus
1291 754 1343 809 in
1408 758 1664 815 Romano
1718 760 1960 832 imperio

326 817 743 895 habitantibus,
776 832 1020 891 salutem
1055 842 1113 892 et
1162 844 1547 912 apostolicam
1608 848 1962 907 benedictio-

317 923 462 1011 nem.
486 914 714 973 Gratias
737 921 1360 1002 agimusonmipotenti
1416 936 1555 1006 Deo,
1606 942 1765 994 )ietc.
1823 940 1963 1011 (Ea:-

310 995 436 1091 stat
461 1001 730 1073 Regum
754 1006 851 1065 lib.
880 1026 955 1084 ιν,
992 1029 1044 1069 n.
1100 995 1175 1091 ιζ)

386 1087 499 1145 Hec
522 1090 701 1161 igitur
735 1114 840 1169 pro
864 1087 1342 1166 reconciliatione
1368 1112 1596 1180 regiset
1621 1114 1863 1173 aliorum
1888 1120 1957 1175 ab

313 1177 559 1268 ecclesia
584 1181 970 1246 alienaturum
1006 1194 1136 1264 pius
1150 1177 1503 1268 patei'dabat
1530 1204 1802 1261 mandata
1828 1206 1958 1263 ﬁde-

315 1263 467 1325 libus
504 1287 517 1335 ;
554 1273 645 1328 cui
680 1278 899 1334 tamtns
930 1263 1208 1341 “(inerat
1239 1288 1487 1358 justitizc
1543 1292 1838 1366 Splendor,
1894 1299 1950 1351 ut

312 1369 472 1412 suam
506 1366 887 1434 postponeret
913 1369 1178 1444 salutem,
1208 1380 1948 1447 quomatriecelesiaeanti-

313 1458 480 1513 quam
516 1450 788 1510 redderet
807 1457 1156 1517 libertatem.
1177 1466 1296 1520 Non
1322 1467 1471 1523 enim
1487 1486 1615 1526 eum
1641 1474 1952 1528 movebant

310 1532 520 1628 salutis
542 1542 799 1608 pericula
845 1563 948 1617 pro
992 1551 1222 1620 justitia
1289 1565 1564 1629 suscepta
1627 1561 1717 1615 vel
1771 1564 1952 1618 susci-

312 1619 537 1690 pienda.
575 1628 718 1697 (Fol.
755 1636 897 1706 116).
932 1619 1011 1693 lta
1029 1641 1180 1696 enim
1213 1619 1651 1703 animum'suum
1684 1649 1952 1707 informa-

309 1717 494 1783 verat,
531 1720 593 1771 ut
625 1732 811 1791 neque
845 1724 1101 1797 divitias,
1138 1745 1323 1801 neque
1382 1735 1734 1807 voluptates,
1762 1754 1949 1810 neque

312 1798 560 1860 honores
593 1805 648 1861 in
674 1812 941 1870 maximis
972 1819 1379 1891 constitueret,
1426 1838 1613 1894 neque
1640 1826 1694 1880 in
1718 1826 1806 1883 his
1831 1834 1950 1884 stu-
1980 1851 2031 1911 Β

314 1887 464 1911 ,ἂμ-,μ
508 1908 603 1911 .--μγ
1021 1910 1026 1911 ν

311 1887 467 1944 dium
502 1908 669 1950 suum
701 1913 869 1956 omne
900 1910 1252 1977 contereret,
1282 1887 1419 1979 quin
1454 1914 1652 1983 potius
1676 1914 1817 1971 illud
1850 1916 1949 1972 de-

308 1991 520 2075 eorum.
542 1986 597 2036 et
634 1982 935 2045 honestum
968 1992 1040 2048 ita
1079 1995 1187 2050 sibi
1214 1982 1621 2072 preposuerat,
1670 2008 1733 2058 ut
1785 2006 1948 2075 quid-

311 2064 447 2132 quid
471 2068 521 2122 ei
555 2073 869 2132 accidisset
902 2095 1014 2150 quo
1040 2064 1503 2154 frangihomines
1533 2091 1745 2163 solent,
1784 2094 1947 2163 quasi

310 2159 582 2227 superior
604 2176 713 2219 non
745 2167 1012 2225 sentiret.
1042 2171 1338 2231 Sollicitus
1370 2178 1542 2234 etiam
1604 2187 1753 2251 erat,
1780 2181 1945 2251 juxta

310 2244 541 2303 beatum
578 2252 963 2327 Ambrosium,
1000 2274 1069 2314 ne
1103 2262 1237 2331 quid
1267 2267 1489 2322 temere
1515 2272 1609 2324 aut
1651 2269 1947 2327 incuriose

308 2343 530 2409 ageret,
565 2355 633 2396 ex
659 2357 772 2413 quo
820 2346 1179 2416 probabilem
1236 2368 1347 2408 non
1408 2361 1606 2425 posset
1666 2360 1948 2415 rationem

311 2426 573 2484 reddere.
610 2431 1003 2491 Pretendebat
1033 2438 1222 2497 animo
1248 2446 1310 2497 ut
1348 2444 1534 2500 bonus
1585 2446 1946 2519 speculator,

310 2518 368 2569 ut
402 2517 700 2588 appetitus
722 2522 931 2579 rationi
958 2526 1082 2597 lege
1139 2534 1360 2588 naturae
1412 2533 1708 2605 subditus,
1762 2517 1949 2607 neque

310 2611 1001 2674 praicurreretrationem
1020 2630 1204 2688 neque
1219 2619 1523 2676 desereret
1558 2637 1660 2687 ;ne
1696 2638 1953 2694 praecur-

308 2693 488 2750 rendo
520 2698 860 2766 pertubaret
891 2717 1017 2759 eam
1051 2708 1226 2776 atque
1257 2708 1620 2780 excluderet,
1673 2717 1732 2768 et
1787 2715 1951 2770 dese-

309 2780 490 2838 rendo
521 2783 889 2843 destitueret.
924 2790 1134 2849 Verum
1164 2796 1418 2852 Heinrici
1463 2800 1772 2868 pertubata
1789 2816 1951 2859 mens

308 2869 497 2926 effuso
530 2874 818 2947 appetitu,
846 2881 1137 2951 tamquam
1185 2884 1427 2941 eﬂ‘erato
1488 2886 1707 2958 impetu
1756 2890 1950 2947 frenos

308 2958 557 3017 rationis
571 2976 680 3018 non
704 2966 1088 3041 suscipiebat,
1106 2986 1213 3028 nec
1227 2974 1518 3031 sentiebat
1535 2977 1750 3047 aurigae
1766 2979 1952 3036 mode-

308 3048 549 3118 ramina,
584 3048 834 3123 ideoque
868 3056 1147 3115 ﬂectinon
1176 3065 1425 3132 poterat.
1455 3065 1571 3120 Nec
1588 3064 1829 3123 deerant
1851 3068 1948 3138 qui

308 3135 515 3193 missas
548 3154 709 3212 pasz
733 3144 1014 3214 epistolas
1042 3147 1092 3202 ei
1111 3149 1468 3223 referebant,
1487 3153 1589 3209 sed
1605 3168 1734 3225 quae
1758 3135 1947 3213 facere

306 3224 692 3300 despiciebat,
711 3232 883 3288 etiam
908 3234 1058 3291 scire
1072 3241 1543 3311 contempnebat,
1563 3224 1635 3298 ex
1669 3243 1737 3275 ⁴⁰²
1753 3246 1947 3302 verbis

305 3318 493 3371 tamen
529 3316 768 3388 pietatis
793 3322 1189 3382 meditabatur
1217 3329 1810 3404 venenainiquitatis,
1845 3336 1948 3390 Ar-

305 3404 566 3472 rogantis
596 3406 746 3464 enim
780 3414 873 3466 est
924 3415 1223 3485 proprium
1280 3416 1351 3472 de
1403 3418 1526 3475 suis
1584 3420 1749 3478 malis
1797 3424 1945 3479 bona

304 3490 599 3565 estimare,
618 3496 689 3552 de
716 3497 920 3557 alienis
935 3501 1104 3559 bonis
1126 3504 1271 3561 bona
1289 3507 1532 3577 sentire,
1550 3514 1608 3565 et
1628 3510 1792 3567 bona:
1809 3526 1947 3583 pon-

304 3581 413 3638 dus
429 3583 677 3643 actionis
708 3592 940 3644 vertere
973 3589 1028 3645 in
1053 3592 1335 3649 maculam
1359 3595 1638 3653 criminis.
1683 3581 1826 3655 Dum
1858 3616 1947 3657 er-

303 3686 375 3739 go
405 3686 476 3726 ex
503 3673 999 3734 condescensione
1029 3683 1086 3735 et
1115 3684 1519 3753 eompassione
1538 3687 1807 3746 caritatis
1834 3705 1947 3745 me-

306 3758 597 3816 ditaretur
628 3776 785 3818 arma
820 3766 1050 3837 furoris,
1087 3768 1388 3827 audiamus
1420 3774 1708 3842 quomodo
1758 3779 1946 3849 patris

306 3848 488 3921 nostri
521 3849 707 3906 virilis
737 3852 984 3925 animus,
1020 3857 1235 3912 astutia
1288 3862 1581 3931 serpentis
1630 3869 1687 3920 et
1727 3866 1948 3923 colum-

306 3934 437 3991 bina
470 3935 847 4009 simplicitate
879 3943 1177 4015 praeditus,
1215 3945 1373 4003 velut
1408 3948 1479 4005 de
1522 3953 1759 4022 specula
1788 3970 1942 4011 men-

306 4023 384 4079 tis
415 4025 772 4096 cogitatione
806 4031 1044 4101 provida
1075 4034 1404 4092 obviaverit
1452 4042 1764 4099 conatibus
1817 4045 1945 4115 ejus

306 4112 537 4183 iniquis.
575 4116 673 4172 Ait
699 4116 895 4190 itaque
944 4121 1209 4180 scribens
1242 4123 1511 4184 ﬁdelibus
1569 4128 1788 4188 eisdem
1823 4112 1948 4205 qui-

306 4200 414 4258 bus
440 4208 496 4259 et
529 4219 706 4275 supra
743 4225 755 4262 :

378 4310 404 4341 «
464 4292 779 4364 Gregorius
833 4297 1166 4372 episcopus,
1208 4316 1415 4361 servus
1465 4321 1769 4365 servorum
1822 4310 1944 4382 Dei,

302 4377 520 4436 eisdem
554 4383 821 4442 omnibus
848 4386 1095 4444 salutem
1120 4392 1175 4444 et
1240 4394 1627 4463 apostolicam
1676 4377 1949 4456 benedic-

307 4466 540 4527 tionem.
577 4472 892 4545 Postquam
956 4477 1310 4536 fraternitati
1366 4487 1580 4540 vestrae
1637 4485 1946 4557 epistolam

307 4554 779 4631 direximus,etc.
814 4562 991 4632 (Vide
1019 4566 1178 4624 inter
1206 4570 1485 4639 epistolas
1518 4554 1833 4646 Gregbrii).

380 4648 497 4703 Non
524 4649 756 4707 mireris
771 4666 901 4708 eum
920 4667 1111 4724 regem
1127 4657 1411 4713 nominari
1432 4659 1568 4716 licet
1586 4661 1942 4737 depositum,

303 4746 431 4789 cum
463 4739 523 4790 et
556 4740 767 4794 mortui
794 4739 1046 4810 pristino
1080 4744 1452 4802 nominentur
1492 4750 1803 4807 vocabulo.
1859 4754 1948 4810 Sic

307 4835 537 4893 quoque
552 4830 792 4882 sanctus
823 4828 1133 4898 Gregorius
1163 4832 1502 4905 episcopum
1546 4835 1951 4897 inrevocabili-

304 4913 393 4965 ter
409 4909 742 4984 depositum
758 4924 1040 4989 usurpato
1056 4921 1284 4976 nomine
1298 4920 1557 4996 episcopi
1571 4928 1849 4985 censebat
1862 4944 1954 4986 no-

308 4999 535 5072 minari,
551 5003 645 5060 cui
662 5010 852 5062 tamen
868 5007 1043 5064 nichil
1059 5008 1338 5080 depositae
1354 5010 1656 5081 dignitatis
1672 5017 1951 5075 restitue-

308 5100 368 5173 re
384 5088 636 5148 volebat.
657 5093 802 5159 Quid
819 5096 994 5153 etiam
1012 5097 1217 5154 beatus
1231 5111 1377 5169 papa
1394 5100 1463 5156 ad
1488 5101 1835 5173 legationem
1885 5108 1952 5163 il-

308 5171 414 5230 lam
433 5179 586 5249 regis
600 5195 658 5237 se
680 5182 911 5240 minime
924 5186 1320 5257 regentis,pro
1334 5202 1443 5258 qua
1459 5195 1514 5245 et
1529 5171 1634 5247 iam
1680 5194 1735 5249 in
1752 5196 1953 5253 Roma-

1979 4554 2030 4615 D

2087 362 2768 441 FLAVINIACENSIS
3606 385 3749 452 316

2081 516 2151 558 na
2184 509 2273 560 est
2325 510 2545 579 synodo
2605 510 2930 585 depositus,
2995 515 3383 589 responderit,
3430 526 3742 591 quomodo

2078 596 2197 650 tota
2231 596 2508 667 Spiritum
2540 608 2803 659 sanctum
2839 609 3029 660 mente
3087 609 3422 679 concipiens
3454 611 3740 671 intonue-

2077 682 2152 738 rit
2184 685 2582 746 subinferatur
2605 690 2723 761 (fol.
2762 692 2900 764 1|6’(
2931 712 2941 746 ε

2147 792 2171 821 ‹‹
2207 775 2523 844 Gregorius
2575 780 2909 851 cpiscopus,
2969 798 3177 840 servus
3225 800 3527 844 servorum
3594 791 3729 859 Dei,

2076 862 2345 919 omnibus
2372 866 2466 935 qui
2491 868 2731 938 cupiunt
2751 872 3116 926 annumerari
3146 873 3297 929 inter
3318 890 3456 931 oves
3480 879 3733 943 Christi,

2073 965 2217 1020 quas
2250 953 2422 1011 beato
2452 956 2627 1013 Petro
2655 958 3223 1028 commisit,salutem
3243 970 3301 1017 et
3331 965 3728 1036 apostolicam

2072 1038 2556 1100 benedictionem.
2609 1046 2893 1118 Audistis,
2943 1049 3159 1106 fratres
3215 1053 3345 1123 mei,
3398 1070 3604 1112 novam
3655 1063 3725 1113 et

2070 1126 2389 1187 inauditam
2420 1136 2934 1206 praesumptionem
2960 1159 2986 1190 »
3012 1146 3126 1195 etc.
3165 1142 3417 1205 (Επειαέ
3441 1144 3729 1215 Registri

2069 1216 2170 1275 lib.
2203 1233 2284 1290 Ill,
2315 1235 2373 1276 η.
2403 1224 2477 1291 6).

2139 1345 2280 1414 (Fel.
2309 1345 2473 1417 116’.)
2510 1350 2669 1405 Anno
2694 1352 2764 1405 ab
2789 1350 2899 1406 inc.
2932 1352 3089 1408 Dom.
3132 1358 3264 1410 1078
3319 1355 3637 1416 indictione
3664 1367 3719 1421 1.

2067 1435 2442 1504 pontiﬁcatus
2474 1437 2600 1507 ejus
2632 1453 2781 1494 anno
2814 1444 2864 1508 ὅ,
2899 1455 3095 1496 mense
3123 1442 3348 1515 Martio,
3398 1446 3720 1517 Gregorius

2065 1537 2209 1594 papa
2230 1525 2345 1594 VII,
2383 1526 2653 1583 Romamn
2701 1525 2921 1598 synodo
2971 1529 3380 1602 episcoporum
3440 1540 3718 1593 cenctum

2066 1612 2406 1684 praesidens,
2433 1614 2580 1670 dixit
2604 1622 2735 1687 post
2763 1616 2955 1687 aliqua
2980 1636 2990 1671 :
3024 1620 3445 1681 Ordtizattones
3466 1625 3721 1681 illorum

2063 1702 2171 1773 qui
2200 1700 2273 1757 ab
2304 1705 2832 1761 exeommam‘catz’s
2853 1706 2997 1761 sunt
3032 1708 3319 1780 ordinati,
3369 1713 3717 1769 sanctorum

2065 1789 2638 1862 Patrumsequeates
2672 1794 2954 1865 vestigia,
2999 1799 3112 1851 etc.
3151 1796 3327 1865 (Vide
3389 1800 3455 1857 in
3494 1800 3715 1873 Grego-

2059 1880 2154 1935 rio
2199 1880 2328 1947 VII,
2362 1882 2510 1938 Acta
2541 1883 2755 1953 synodi
2785 1885 3068 1940 Romana
3095 1889 3160 1955 ι.)

2134 2003 2274 2070 (Fel.
2312 2002 2453 2075 116’)
2490 2004 2653 2075 (Acta
2683 2007 2890 2063 concit.
2926 2010 3108 2079 1079.)
3171 2012 3332 2066 Anno
3393 2013 3464 2068 ab
3520 2013 3714 2069 incar-

2062 2091 2297 2147 natione
2332 2093 2551 2148 Domini
2588 2100 2743 2165 1078,
2773 2110 2969 2151 mense
3022 2098 3333 2155 Februario
3390 2100 3712 2159 indictione

2062 2185 2113 2247 9,
2141 2181 2518 2251 pontiﬁcatus
2548 2181 2741 2237 domni
2775 2200 2935 2255 papw
2968 2186 3226 2253 Gregorii
3269 2187 3384 2258 Vll,
3438 2204 3587 2245 anno
3651 2197 3707 2259 6,

2063 2273 2445 2325 convocatum
2461 2274 2552 2326 est
2569 2270 2878 2327 concilium
2895 2288 2966 2328 ex
2988 2274 3240 2331 diversis
3262 2277 3528 2346 partibus
3546 2279 3712 2334 orbis

2063 2362 2119 2411 et
2154 2357 2422 2413 omnibus
2446 2360 2498 2412 in
2526 2358 2777 2415 ecclesia
2811 2361 3136 2418 Salvatoris
3171 2364 3361 2420 Romae
3397 2382 3711 2436 congrega-

2067 2446 2158 2515 tis,
2190 2446 2427 2503 habitus
2460 2454 2548 2505 est
2580 2463 2770 2505 sermo
2802 2450 2873 2505 de
2902 2466 3147 2522 corpore
3174 2456 3230 2508 et
3273 2456 3552 2525 sanguine
3601 2459 3711 2512 Do-

2064 2535 2203 2591 mini
2238 2534 2404 2607 (167).
2438 2537 2677 2593 Maxima
2711 2538 2997 2608 siquidem
3032 2554 3169 2611 pars
3194 2556 3397 2613 panem
3426 2547 3483 2600 et
3514 2544 3709 2603 vinum

2066 2638 2169 2695 per
2203 2637 2387 2681 sacrae
2411 2625 2696 2682 orationis
2727 2627 2904 2682 verba
2935 2631 2991 2682 et
3024 2628 3349 2686 sacerdotis
3406 2646 3711 2690 consecra-

2067 2713 2280 2770 tionem
2296 2713 2513 2785 Spiritu
2531 2720 2735 2770 sancto
2752 2715 3129 2773 invisibiliter
3143 2725 3423 2790 operante
3442 2723 3708 2779 converti

2064 2802 2537 2859 substantialiter
2570 2804 2623 2858 in
2656 2819 2872 2876 corpus
2889 2804 3238 2864 dominicum
3271 2809 3423 2880 quod
3458 2810 3514 2866 in
3532 2826 3710 2868 cruce

2066 2890 2361 2963 pependit,
2389 2895 2445 2946 et
2482 2891 2537 2946 in
2571 2891 2910 2961 sanguinem
2928 2893 3113 2963 quide
3135 2894 3261 2964 ejus
3293 2895 3478 2952 latere
3517 2898 3705 2967 ﬂuxit,

2064 2980 2365 3037 asserebat
2401 2998 2411 3033 :
2449 2979 2682 3051 quidam
2710 2996 2846 3036 vero
2879 2982 3143 3038 caecitate
3192 2983 3362 3041 nimia
3421 2987 3704 3057 perculsi,

2063 3069 2305 3139 ﬁguram
2338 3072 2565 3125 tantum
2598 3071 2963 3127 astruebant.
2999 3072 3207 3128 Verum
3251 3074 3348 3130 ubi
3399 3090 3493 3132 res
3547 3077 3708 3148 cepit

2062 3160 2173 3228 agi,
2212 3156 2549 3228 priusquam
2577 3157 2858 3215 tertiadie
2877 3162 3112 3215 ventum
3149 3162 3295 3218 foret
3327 3163 3699 3234 insynodum.

2062 3247 2259 3303 deﬁcit
2290 3250 2495 3303 contra
2527 3247 2837 3303 veritatem
2871 3247 2978 3304 niti
3013 3264 3149 3321 pars
3182 3250 3386 3308 altera.
3446 3252 3704 3323 Denique

2059 3335 2463 3406 Berengarius,
2496 3335 2668 3406 hujus
2713 3337 2934 3392 erroris
2987 3338 3284 3427 magister,
3338 3342 3473 3411 post
3526 3340 3700 3411 longo

2060 3430 2322 3495 tempore
2356 3424 2805 3493 dogmatizatam
2841 3424 3200 3498 impietatem
3233 3442 3467 3485 errasse
3514 3444 3575 3485 se
3611 3445 3706 3485 co-

2059 3528 2179 3570 ram
2238 3512 2485 3570 concilio
2545 3514 2872 3585 confessus,
2936 3514 3159 3572 veniam
3222 3517 3572 3589 postulatam
3634 3516 3703 3575 e'x

2058 3602 2382 3674 apostolica
2398 3600 2707 3658 clementia
2732 3602 2964 3673 meruit,
2991 3603 3329 3676 juravitque
3383 3606 3466 3662 sic
3499 3626 3510 3660 :
3542 3608 3703 3678 «Ego

2059 3690 2444 3759 Berengarius
2476 3690 2653 3747 corde
2682 3692 2858 3747 credo
2881 3696 2940 3748 et
2972 3706 3075 3750 ore
3129 3695 3435 3764 conﬁteor,
3501 3710 3703 3766 panem

2056 3782 2113 3836 et
2145 3779 2341 3836 vinum
2376 3794 2503 3850 quae
2538 3779 2591 3834 in
2617 3778 2791 3835 altari
2832 3783 3151 3852 ponuntur,
3205 3795 3307 3852 per
3360 3784 3701 3853 mysterium

2057 3884 2241 3925 sacrm
2269 3867 2553 3924 orationis
2584 3872 2641 3924 et
2674 3869 2854 3923 verba
2887 3867 3073 3935 nostri
3133 3868 3542 3940 Redemptoris
3573 3874 3705 3929 sub—

2058 3956 2416 4015 stantialiter
2446 3955 2708 4013 converti
2744 3956 2798 4012 iu
2830 3970 3024 4012 veram
3049 3958 3106 4012 et
3144 3957 3519 4028 propriamac
3569 3960 3705 4016 vivi-

2058 4044 2377 4102 ﬁcatricem
2410 4058 2642 4101 carnem
2675 4049 2734 4100 et
2767 4043 3104 4114 sanguinem
3131 4045 3699 4106 domininostriJesu

2060 4133 2372 4205 Christi,et
2396 4136 2528 4205 post
2556 4133 3057 4189 consecrationem
3091 4147 3223 4189 esse
3257 4149 3458 4192 verum
3491 4151 3702 4208 corpus

2060 4222 2296 4293 Christi,
2333 4221 2486 4292 quod
2516 4226 2715 4277 natum
2748 4221 2901 4277 etde
2939 4221 3195 4292 Virgine:
3261 4227 3318 4279 et
3379 4239 3484 4296 pro
3517 4225 3701 4282 salute

2062 4310 2257 4368 mundi
2291 4310 2551 4367 oblatum
2583 4310 2638 4365 in
2654 4324 2829 4366 cruce
2854 4309 3156 4382 pependit,
3190 4315 3246 4366 et
3280 4312 3433 4383 quod
3452 4313 3700 4370 sedetad

2058 4401 2358 4457 dexteram
2389 4398 2610 4463 Patris;
2646 4403 2705 4454 et
2737 4412 2936 4454 verum
2970 4399 3310 4470 sanguinem
3368 4400 3581 4458 Christi
3608 4402 3699 4473 qui

2062 4489 2132 4546 de
2172 4488 2298 4559 ejus
2327 4488 2707 4545 laterefusus
2733 4491 2848 4557 est,
2880 4501 2992 4543 non
3018 4492 3243 4545 tantum
3269 4504 3370 4561 per
3398 4489 3623 4560 signum
3645 4495 3699 4547 et

2062 4578 2339 4635 virtutem
2373 4576 2743 4647 sacramenti,
2775 4577 2875 4632 sed
2912 4576 2966 4631 in
2994 4577 3360 4648 proprietate
3394 4583 3615 4636 natura;
3647 4583 3701 4635 ct

2061 4668 2287 4724 unitate
2313 4665 2680 4735 substantiae,
2717 4665 2873 4722 sicut
2903 4664 2958 4720 in
2993 4667 3103 4721 hoc
3139 4666 3299 4721 brevi
3346 4666 3696 4737 continetur.

2062 4761 2117 4812 et
2166 4770 2273 4825 ego
2297 4754 2407 4824 legi
2440 4757 2497 4810 et
2531 4768 2637 4809 vos
2658 4753 3111 4825 intelligitis,sic
3133 4754 3313 4811 credo
3340 4773 3351 4808 :
3383 4769 3485 4812 nec
3502 4762 3699 4813 contra

2062 4845 2210 4901 hanc
2241 4842 2411 4898 ﬁdem
2436 4840 2685 4898 ulterius
2718 4842 2963 4898 docebo.
2999 4841 3090 4898 Sic
3121 4857 3210 4898 me
3244 4844 3397 4900 Deus
3451 4843 3697 4915 adjuvet,

2062 4938 2119 4989 et
2150 4934 2274 4989 haec
2297 4934 2673 4987 sacrosancta
2704 4929 3023 4999 evangelia.
3060 4932 3212 4987 Tunc
3251 4930 3498 4989 domnus
3560 4948 3700 5003 papa

2064 5019 2342 5093 praecepit
2379 5018 2728 5088 Berengario
2762 5018 3118 5075 auctoritate
3156 5019 3503 5091 apostolica,
3543 5024 3601 5076 ut
3635 5021 3701 5077 de

2063 5122 2310 5181 corpore
2331 5112 2388 5163 et
2413 5106 2694 5177 sanguine
2716 5106 2939 5163 Domini
2965 5122 3275 5178 numquam
3303 5108 3554 5165 ulterius
3577 5126 3697 5166 cum

2065 5198 2260 5268 aliquo
2290 5195 2598 5268 disputare
2616 5194 2705 5250 vel
2740 5195 2949 5252 docere
2986 5200 3392 5269 praesumeret,
3463 5204 3700 5270 excepta

1663 5335 1833 5393 VARI
1838 5339 1898 5393 ΑΞ
1939 5338 2233 5396 LECTION
2241 5338 2339 5393 ES.

375 5448 437 5481 to:
473 5450 560 5510 ita
588 5468 634 5512 ο,
672 5454 739 5488 σοι
772 5456 827 5512 in
856 5470 1044 5530 supra
1068 5460 1259 5531 posito
1290 5461 1380 5517 vel
1409 5476 1481 5519 ex
1512 5465 1633 5521 00d.

1896 5574 2115 5631 NOTAS.

374 5664 521 5738 (167)
554 5670 697 5728 Acta
715 5669 947 5727 concilii
974 5670 1126 5744 apud
1149 5672 1348 5743 Mansi,
1379 5674 1493 5746 XX,
1525 5679 1647 5733 523.
