3894 6430
151 406 266 469 317

1415 402 1909 469 CHHONICON.
1945 439 2021 451 —
2049 405 2209 468 LIB.
2256 407 2329 470 ΙΙ.

3455 400 3571 464 318

154 556 334 602 causa
368 542 686 600 reducendi
716 542 785 600 ad
822 542 990 600 fidem
1019 557 1142 612 eos,
1176 542 1271 614 qui
1306 556 1406 614 per
1437 541 1562 612 ejus
1593 539 1805 596 doctri-
1834 541 1889 600 A
1920 541 2005 598 sui
2039 543 2325 616 prepositi
2359 542 2589 601 tramite
2625 541 2848 598 animus
2878 545 3015 597 tuus
3047 535 3304 595 revocari
3341 540 3557 610 potest.

159 649 286 690 nam
319 634 390 690 ab
422 647 487 689 ea
529 638 917 689 recesserant.

227 720 346 784 (Fel
417 726 557 791 H7.)
592 725 708 778 1100
739 737 886 777 1111110
926 722 1070 778 011111
1103 721 1431 776 Grimoldus
1463 721 1643 775 abbas
1678 734 1806 776 san-

155 811 234 865 cti
269 811 486 878 Vitoni,
531 811 665 865 dum
705 827 732 865 a
765 813 942 866 Roma
984 811 1416 879 regrederetur,
1451 816 1507 866 et
1539 809 1806 880 sepultus

153 905 241 952 est
290 901 534 954 Mantum
566 899 617 954 iu
650 901 913 955 1000108111
957 900 1141 955 sancti
1190 901 1428 955 Andreze
1460 899 1708 969 apostoli
1742 902 1806 954 14

159 987 444 1043 Kalendas
489 989 646 1056 Julii,
697 1005 824 1043 cum
871 989 984 1056 jam
1039 990 1220 1060 ipsam
1271 989 1579 1044 ecclesiam
1631 989 1806 1044 tertio

154 1093 308 1132 anno
358 1083 584 1145 regeret
639 1077 883 1132 donmus
934 1076 1218 1132 Rodulfus
1265 1078 1461 1140 abbas,
1516 1079 1639 1148 ipso
1685 1077 1807 1131 Gri-

152 1165 350 1221 moldo
381 1166 451 1220 de
486 1165 827 1236 praelatione
859 1166 1110 1221 abbatis}
1150 1170 1452 1221 excusato.
1485 1167 1620 1220 Erat
1654 1166 1805 1221 enim

152 1253 444 1325 simplicis
477 1260 718 1310 01110110.

231 1344 348 1398 1100
379 1343 552 1398 etiam
585 1357 755 1412 anno,
781 1343 875 1412 qui
908 1344 1129 1398 eratab
1158 1343 1550 1398 incarnatione
1583 1342 1803 1398 Domini

162 1434 322 1501 1078,
350 1432 604 1501 regimen
635 1432 992 1503 przelationis
1015 1432 1163 1503 apud
1192 1433 1387 1486 Casam
1416 1432 1512 1486 Dei
1539 1431 1809 1500 Signinus

153 1521 446 1590 quondam
481 1521 878 1589 Lugdunensis
902 1521 1239 1591 canonicus,
1268 1520 1556 1576 natalibus
1589 1520 1804 1588 clarus,

153 1623 383 1664 morum
428 1609 721 1678 probitate
761 1624 1062 1677 coruscus,
1098 1625 1247 1666 nunc
1292 1609 1442 1664 felici
1482 1611 1686 1664 beatus
1715 1624 1810 1662 cx-

149 1711 327 1752 cessu
358 1695 444 1751 ‘03.
482 1697 597 1752 Sub
631 1711 743 1766 quo
771 1698 1077 1753 ordinatus
1101 1704 1192 1753 est
1225 1699 1404 1753 abbas
1435 1697 1808 1754 Fraxinensis

154 1785 307 1854 (168)
340 1787 601 1842 ecclesiae
633 1787 871 1841 Pontius
894 1802 920 1841 a
947 1787 1176 1841 domino
1204 1803 1345 1858 papa
1374 1789 1672 1855 Gregorio,
1711 1787 1806 1857 qui

1920 639 2235 707 Propterea
2265 640 2528 693 metuens
2561 649 2629 690 ne
2664 633 2718 688 in
2753 631 2916 704 pejus
2951 629 3256 701 proficiant
3291 643 3356 684 ea
3387 627 3562 684 etiam

1919 743 2046 796 qua:
2083 728 2227 782 bona
2261 725 2552 794 videntur,
2588 723 2790 779 melius
2823 720 2990 776 nobis
3021 720 3207 774 visum
3237 721 3328 774 est
3355 722 3416 773 ut
3439 733 3569 772 eur-

1916 832 2041 871 sum
2083 831 2247 871 suum
2300 821 2541 886 peragat
2584 815 2746 870 bonae
2787 811 3128 867 intentionis
3173 815 3285 865 1010
3330 808 3562 876 fluvius,

1918 921 2086 975 quam
2117 910 2314 960 contra
2359 905 2631 974 impetum
2673 916 2916 957 currens
2955 904 3237 971 perpetua
3282 897 3556 952 ariditate

1917 985 2284 1065 dampnetur.
2332 991 2715 1049 Tolerabilius
2755 995 2845 1046 est
2889 989 3038 1045 enim
3071 992 3133 1044 ut
3175 993 3234 1043 tu
3278 986 3442 1044 solus
3477 1001 3570 1057 pe-

1919 1098 2063 1151 reas,
2094 1099 2262 1153 quam
2288 1088 2478 1138 tecum
2506 1080 2725 1152 pariter
2750 1081 2900 1136 sicut
2925 1079 3207 1134 hactenus
3230 1089 3430 1132 omnes
3455 1073 3562 1130 tibi

1919 1173 2262 1228 commissos
2297 1172 2348 1226 in
2376 1171 2686 1226 discrimen
2721 1168 2995 1224 adducas.
3034 1166 3142 1222 Sed
3174 1171 3364 1220 tamen
3395 1163 3570 1220 confi-

1919 1262 2128 1331 dimus,
2185 1261 2315 1332 quia
2366 1261 2584 1317 tribuet
2628 1259 2733 1314 tibi
2780 1258 3056 1314 Dominus
3102 1255 3420 1312 secundum
3470 1268 3574 1309 cor

1922 1355 2103 1416 tuum,
2140 1367 2308 1422 quem
2344 1365 2454 1405 non
2489 1348 2706 1405 invenit
2739 1347 3006 1402 idoneum
3038 1345 3108 1401 ad
3137 1344 3392 1414 regimen
3428 1341 3571 1396 alio-

1917 1456 2045 1498 rum
2071 1441 2387 1496 sccundum
2413 1455 2515 1494 cor
2536 1454 2720 1494 suum.
2756 1437 2810 1490 Si
2836 1437 3032 1505 itaque
3057 1433 3166 1490 alia
3190 1433 3280 1490 via
3307 1433 3437 1503 plus
3463 1431 3566 1490 tibi

1921 1530 2129 1601 placet,
2169 1535 2368 1584 nostra
2403 1528 2634 1584 licentia
2668 1528 2893 1596 depone
2927 1524 3231 1592 sarcinam,
3267 1537 3437 1592 quam
3470 1519 3570 1575 im-

1921 1619 2116 1690 posuit
2149 1619 2254 1674 tibi
2293 1617 2412 1673 sola
2447 1618 2571 1673 sine
2603 1617 2851 1672 caritate
2885 1613 3226 1679 necessitas,
3261 1616 3320 1666 et
3353 1609 3571 1666 sanctis

1919 1709 2286 1764 orationibus
2323 1708 2435 1763 tuis
2468 1705 2672 1775 adjuva
2700 1719 2786 1760 mc
2813 1705 2865 1758 in
2892 1703 3001 1758 alia
3028 1701 3153 1757 navi
3178 1700 3564 1778 laborantem.

1923 1799 2120 1853 Saluto
2152 1813 2256 1867 per
2293 1802 2347 1851 te
2380 1797 2649 1850 domuum
2695 1793 3134 1862 Lugdunensem
3179 1788 3569 1859 archiepisco-

155 1880 288 1945 post
327 1875 547 1944 aliquot
582 1875 1163 1931 11110081010811111οιιο
1200 1878 1444 1932 1“‹·1111·101
1480 1878 1618 1932 dicti
1657 1878 1804 1944 regis

2007 1904 2075 1955 111,
2103 1887 2146 1941 81
2173 1891 2364 1940 tamen
2397 1882 2762 1938 rationabilis
2798 1881 3114 1935 necessitas
3140 1895 3166 1932 a
3197 1877 3377 1932 totius
3410 1876 3570 1931 orbis

155 1964 458 2018 abbaciam
503 1964 744 2032 dimisit,
789 1965 1015 2033 quesita
1061 1980 1088 2019 a
1131 1967 1341 2020 domno
1393 1967 1661 2020 Ansclmo
1709 1968 1808 2020 Lu-

152 2053 317 2108 censi
352 2054 629 2123 episcopo
667 2054 915 2121 licentia,
944 2058 1002 2109 et
1025 2061 1261 2124 optenta
1301 2072 1399 2125 per
1434 2057 1555 2110 11100
1591 2058 1763 2110 verba
1795 2076 1804 2108 :

156 2166 177 2187 «ι
220 2145 279 2196 Ι).
319 2142 702 2196 111100118811110
746 2143 798 2197 111
846 2144 1072 2197 Christo
1121 2144 1418 2208 confrat..ri,
1457 2147 1518 2198 Α.
1555 2145 1806 2199 omnium

150 2231 562 2300 episcoporum
614 2231 901 2299 minimus,
949 2232 1192 2286 salutem
1239 2233 1292 2286 in
1338 2233 1585 2288 Christo.
1633 2237 1808 2288 Tanto

151 2318 564 2384 diligentiores
607 2335 712 2372 008
744 2326 801 2372 et
834 2320 1210 2375 sollicitiores
1245 2338 1345 2375 vos
1379 2337 1512 2389 erga
1560 2324 1805 2377 8111111001

153 2407 364 2461 animm
401 2411 514 2462 tuac
547 2423 676 2462 esse
710 2409 1000 2477 convenit,
1046 2415 1261 2478 quanto
1297 2411 1477 2479 magis
1509 2411 1578 2465 de
1613 2418 1807 2466 nostra

152 2495 406 2551 caritate
458 2497 797 2551 fraternitas
845 2501 937 2552 tua
980 2498 1250 2564 confidit;
1301 2514 1392 2567 ne,
1439 2499 1589 2568 quod
1634 2500 1804 2569 absit,

157 2589 361 2640 nostra
400 2585 754 2655 negligentia
796 2591 1060 2642 sanctum
1095 2587 1367 2642 desiderii
1405 2589 1486 2642 tui
1524 2590 1808 2644 fervorem

155 2674 482 2744 extinguat,
524 2680 582 2728 et
616 2675 953 2743 sanguinem
997 2680 1155 2730 tuum
1191 2677 1246 2729 in
1280 2677 1553 2732 districto
1594 2694 1699 2733 suo
1724 2680 1811 2748 ju-

157 2763 316 2817 dicio
349 2768 718 2833 omnipotens
757 2764 1033 2819 Dominus
1064 2764 1134 2818 de
1168 2780 1333 2819 manu
1370 2780 1491 2821 mea
1527 2766 1804 2835 requirat.

157 2851 394 2906 Credidi
443 2852 636 2906 domui
688 2852 919 2907 abbatis
966 2856 1022 2906 01
1077 2860 1292 2908 81100110
1337 2855 1812 2923 congregationis

155 2941 320 2995 Casze
353 2941 472 3010 Dei,
509 2956 728 2995 necnon
766 2941 1114 2997 venerabilis
1144 2943 1328 3012 patris
1362 2944 1548 2998 nostri
1583 2946 1643 2998 11.
1674 2945 1815 3013 Lug-

156 3028 441 3085 dunensis
481 3029 906 3100 archiepiscopi
951 3030 1362 3099 obedientiam,
1409 3046 1538 3087 cum
1582 3033 1815 3087 benedi-

156 3119 354 3174 ctione
389 3118 708 3190 apostolica
746 3118 1067 3173 beatissimi
1103 3120 1283 3189 patris
1317 3121 1502 3175 nostri
1535 3123 1594 3175 G.
1632 3123 1815 3177 omni-

159 3209 330 3262 nibns
366 3207 778 3276 ii‘iiquitatibus
810 3208 1084 3277 majorem
1118 3223 1270 3276 esse,
1296 3216 1354 3262 et
1383 3225 1486 3263 non
1525 3211 1708 3265 solum
1743 3213 1810 3265 ad

158 3297 574 3365 delergendam
599 3311 824 3351 omnem
854 3296 1133 3351 0111001100
1160 3297 1484 3366 iniquarum
1509 3299 1816 3367 cogitatio-

162 3401 318 3455 num,
353 3399 552 3440 vcrum
587 3383 759 3439 etiam
786 3384 855 3438 ad
881 3385 1322 3453 promerendam
1357 3386 1612 3456 requiem
1647 3393 1815 3443 10101-

161 3489 288 3529 nam
321 3488 493 3544 posse
517 3473 801 3541 sufficere,
831 3473 938 3527 nisi
967 3477 1030 3529 10
1055 3489 1165 3528 11011
1190 3473 1485 3529 credendo
1517 3475 1812 3544 indignum

160 3563 446 3630 cilicercs,
470 3567 528 3617 et
549 3561 795 3629 gratiam
820 3562 917 3616 Dei
946 3562 997 3616 in
1022 3578 1268 3617 vacuum
1296 3564 1606 3633 reciperes.
1637 3566 1814 3621 Omne

160 3653 313 3707 enim
348 3650 500 3721 quod
535 3666 643 3705 non
675 3655 767 3705 est
798 3665 866 3704 ex
904 3650 1033 3720 fide,
1069 3656 1364 3721 peccatum
1396 3656 1508 3721 est,
1549 3653 1628 3708 ita
1665 3657 1722 3708 ut
1759 3655 1812 3709 in

161 3741 253 3796 his
283 3739 455 3794 etiam
483 3739 578 3809 qui
601 3739 836 3794 tradere
871 3739 1142 3794 videntur
1173 3755 1416 3810 corpora
1442 3757 1542 3796 sua
1573 3748 1814 3813 propter

161 3831 338 3884 Deum
371 3828 442 3883 ad
475 3827 781 3898 supplicia,
827 3843 981 3881 mors
1023 3832 1322 3899 operetur.
1362 3845 1468 3884 non
1518 3831 1656 3899 vita,
1701 3847 1813 3886 vnn

163 3935 233 3972 ex
275 3931 375 3973 sua
423 3916 738 3972 diflidentia
793 3917 1214 3986 quodammodo
1264 3918 1649 3988 omnipotenti
1700 3921 1816 3974 Deo

165 4005 568 4062 difﬁcultatem
613 4005 949 4074 perficiendi
985 4005 1230 4075 ingerat,
1267 4007 1362 4075 qui
1396 4022 1592 4062 omnes
1624 4009 1818 4064 salvos
1850 4056 1854 4060 .

165 4095 288 4150 fieri
322 4094 638 4163 desiderat,
664 4094 817 4149 sicut
842 4093 965 4164 ipse
991 4094 1043 4147 in
1071 4093 1378 4162 Evangelio
1407 4095 1549 4150 dicit
1577 4115 1586 4148 :
1626 4118 1651 4144 (1
1674 4096 1818 4152 Cali-

163 4199 289 4239 cem
314 4199 498 4239 meum
522 4183 755 4251 bibetis,
775 4183 980 4238 sedere
1001 4186 1193 4238 autem
1215 4183 1283 4237 ad
1307 4184 1606 4240 dexteram
1634 4201 1814 4240 meam

166 4273 257 4327 vel
290 4270 362 4326 ad
396 4271 712 4339 sinistram,
749 4285 858 4327 non
900 4274 987 4326 est
1024 4286 1208 4326 meum
1243 4271 1380 4327 dare
1411 4273 1598 4328 vobis.
1633 4296 1658 4322 n
1697 4275 1816 4329 Tibi

166 4363 364 4432 itaque
397 4359 712 4429 obedienti,
745 4360 846 4415 tibi
874 4360 1117 4416 ﬁrmiter
1151 4360 1434 4430 credenti,
1464 4361 1566 4417 tibi
1593 4378 1817 4417 onmem

166 4466 329 4521 spem
377 4455 529 4505 tuam
574 4447 626 4502 in
670 4447 889 4503 virtute
933 4452 1150 4504 81100110
1191 4448 1462 4505 000108110
1507 4448 1817 4505 collocanti

170 4539 452 4612 promissa
497 4545 589 4594 est
632 4537 818 4606 venia,
862 4538 968 4592 tibi
1012 4554 1149 4593 vero
1198 4537 1351 4594 aliud
1403 4540 1616 4608 agenti,
1663 4540 1819 4595 aliud

166 4629 486 4698 simulanti,
513 4627 666 4683 nulla
695 4626 1048 4697 relinquitur
1079 4626 1308 4696 fiducia,
1338 4628 1383 4681 si
1409 4643 1624 4698 corpus
1658 4633 1816 4683 tuum

168 4717 488 4775 tradideris
512 4717 587 4771 ita
624 4720 684 4771 ut
711 4715 932 4771 ardeat.
970 4716 1093 4771 Scis
1127 4717 1257 4787 quia
1290 4716 1588 4773 multoties
1620 4717 1671 4772 in
1710 4717 1818 4772 fide

172 4821 295 4864 mea
337 4810 394 4861 te
437 4804 691 4874 suscepi,
737 4803 842 4858 hac
885 4807 1073 4859 tamen
1114 4803 1470 4873 condicione,
1519 4809 1578 4860 ut
1621 4821 1818 4861 curam

173 4893 473 4967 regiminis
523 4893 627 4948 tibi
676 4893 992 4961 iniunctam
1042 4907 1170 4947 cum
1223 4892 1375 4947 omni
1429 4893 1819 4950 sollicitudine

171 4985 461 5052 exibcres,
507 4998 610 5039 nec
653 4981 902 5037 ulterius
945 4980 1147 5035 11010110
1196 4984 1330 5046 1010,
1377 4982 1524 5038 sicut
1574 4989 1632 5037 tu
1674 4983 1818 5037 male

171 5074 474 5139 credebas,
517 5070 846 5126 custodiam
885 5069 1176 5126 commissi
1213 5065 1315 5124 tibi
1345 5072 1542 5139 gregis
1575 5071 1823 5126 necessi-

175 5163 398 5218 tatibus
446 5175 848 5231 prmponcres;
902 5174 1010 5213 non
1060 5174 1186 5228 qua:
1222 5163 1319 5214 tua
1353 5164 1507 5230 sunt,
1545 5161 1646 5215 sed
1695 5176 1822 5231 quae

172 5253 418 5307 aliorum
465 5248 819 5304 attenderes.
867 5247 974 5301 Sed
1019 5250 1078 5302 ut
1112 5247 1297 5316 video,
1342 5247 1497 5303 nulla
1541 5250 1763 5304 ratione
1795 5266 1822 5305 a

1847 3253 1894 3312 C

1923 1975 2318 2030 internecione
2357 1976 2615 2028 excusat.
2655 1971 2706 2024 Si
2741 1970 2888 2025 enim
2932 1973 3031 2022 aut
3071 1967 3297 2034 timore,
3339 1969 3437 2020 aut
3479 1980 3573 2019 nc-

1920 2063 2223 2132 gligcntia,
2262 2069 2357 2116 aut
2403 2061 2618 2130 quietis
2662 2058 2845 2112 11081111
2887 2071 3081 2110 amore
3124 2058 3365 2109 matrem
3408 2067 3568 2108 suam

1923 2153 2180 2212 visitare,
2216 2156 2273 2205 et
2310 2151 2558 2205 liberare
2595 2148 2662 2201 de
2699 2163 2863 2200 01111111
2902 2145 3106 2198 mortis
3147 2142 3397 2210 distulit,
3435 2156 3569 2196 rcus

1920 2240 2028 2293 erit
2059 2239 2298 2307 judicio,
2344 2238 2452 2292 nisi
2499 2238 2621 2291 sine
2663 2249 2817 2288 mora
2863 2231 3058 2286 venire
3101 2237 3159 2285 et
3203 2231 3255 2283 in
3300 2229 3569 2284 omnibus

1921 2326 2186 2380 auxiliari
2230 2324 2542 2379 studuerit.
2579 2347 2602 2370 n

1995 2414 2135 2482 (Fol.
2180 2413 2337 2482 117’.)
2384 2413 2705 2468 Dcstinavit
2747 2418 2939 2467 autem
2981 2411 3259 2480 przefatus
3305 2419 3448 2476 papa
3495 2403 3563 2458 ad

1920 2504 2246 2560 visitandos
2281 2508 2335 2557 et
2380 2501 2851 2557 eorroborandos
2883 2499 3220 2554 christiana:
3261 2494 3393 2551 ﬁdei
3438 2508 3566 2563 pro-

1923 2599 2277 2663 pugnatores
2302 2592 2367 2646 ad
2397 2606 2632 2659 regnum
2667 2589 3152 2644 Tcuthonicorun'i
3185 2582 3566 2646 descendere,

1923 2683 2155 2752 quodet
2189 2683 2258 2735 ab
2295 2681 2409 2736 illis
2441 2680 2634 2735 missis
2665 2680 2734 2734 ad
2771 2692 2956 2733 meum
2992 2675 3238 2741 nunciis,
3275 2672 3565 2742 quesitum

1922 2775 2067 2839 erat,
2112 2775 2170 2824 ut
2215 2770 2268 2824 in
2310 2785 2412 2825 sua
2461 2769 2766 2839 praesentia
2820 2766 3001 2833 magis
3049 2762 3345 2832 magisque
3395 2759 3570 2814 mani-

1925 2859 2240 2913 festaretur
2267 2857 2510 2927 justitia‘:
2542 2856 2760 2925 regula,
2798 2853 3062 2910 scribens
3085 2853 3153 2906 ad
3180 2864 3380 2906 omnes
3416 2847 3567 2903 beati

1925 2946 2078 3001 Petri
2114 2947 2316 3001 fideles
2343 2947 2392 3000 in
2419 2947 2540 3000 11100
2571 2946 2746 2999 verba
2775 2964 2786 2996 :

1999 3056 2026 3085 «
2072 3037 2385 3105 Gregorius
2434 3036 2580 3105 (161))
2624 3033 2959 3103 episcopus,
3015 3044 3219 3085 servus
3266 3041 3566 3083 servorum

1928 3126 2045 3192 Dei,
2081 3126 2350 3179 omnibus
2380 3121 2853 3193 archiepiscopis,
2889 3117 3199 3190 episcOpis,
3237 3115 3567 3181 abbatibus,

1926 3213 2189 3282 ducibus,
2215 3211 2666 3276 marchionibus,
2686 3209 2998 3265 comitibus
3020 3205 3402 3273 onmibusque
3421 3202 3572 3258 chri-

1927 3304 2171 3358 stianam
2197 3308 2254 3357 01
2282 3302 2432 3356 beati
2457 3300 2612 3355 Petri
2639 3299 2805 3354 fidem
2830 3302 2885 3352 et
2913 3295 3236 3351 doctrinam
3260 3291 3571 3347 defenden-

1925 3392 2081 3446 tibus
2116 3397 2171 3446 et
2203 3389 2677 3455 observantibus,
2725 3387 2777 3440 in
2818 3385 2968 3441 omni
3013 3397 3186 3451 regno
3225 3378 3572 3435 Theuthoni-

1923 3496 2120 3535 corum
2154 3478 2576 3543 habitantibus,
2606 3475 2853 3531 salutem
2877 3479 2935 3528 et
2961 3487 3062 3544 per
3087 3473 3389 3526 beatorum
3413 3466 3569 3522 Petri

1924 3574 1982 3623 et
2014 3568 2175 3623 Pauli
2212 3566 2673 3622 benedictionem
2714 3562 2964 3618 omnium
3002 3562 3374 3631 peccatorum
3408 3557 3576 3611 abso-

1927 3655 2224 3711 lutionem.
2251 3658 2369 3724 Ego
2399 3654 2838 3725 qualiscumque
2867 3649 3145 3706 sacerdos
3174 3642 3574 3716 apostolorum

1928 3745 2226 3815 principis,
2266 3768 2287 3792 »
2324 3749 2436 3799 etc.

1998 3832 2204 3903 (1076.)
2240 3832 2443 3888 Plures
2475 3831 2672 3900 itaque
2707 3829 2962 3896 illorum,
2998 3840 3144 3896 quos
3176 3823 3229 3877 in
3262 3818 3570 3892 apostolici

1927 3921 2288 3993 depositione
2320 3920 2649 3992 desipuisse
2674 3918 2945 3987 diximus,
2968 3914 3199 3983 cognito
3229 3915 3470 3982 peccato
3496 3907 3576 3962 in-

1925 4012 2294 4078 obedientiae,
2339 4009 2658 4080 penitentia
2693 4007 2872 4075 ducti,
2906 4004 2972 4060 ad
3009 4006 3183 4059 Deum
3215 4005 3349 4072 post
3380 4000 3572 4054 errata

1928 4101 2148 4155 reversi
2173 4104 2327 4168 sunt,
2365 4099 2627 4152 levantes
2650 4097 2718 4151 ad
2745 4099 2921 4150 Deum
2949 4091 3150 4147 faciem
3173 4088 3388 4158 cordis,
3412 4103 3441 4141 a
3462 4101 3574 4156 quo

1930 4193 2300 4243 recesserant
2330 4184 2748 4241 consentiendo
2781 4180 3097 4252 iniquitati.
3129 4178 3486 4249 Replebatur
3509 4189 3575 4230 os

1928 4291 2129 4330 eorum
2175 4272 2695 4341 increpationibus,
2738 4273 2794 4324 et
2837 4270 2971 4324 dum
3011 4271 3215 4323 contra
3257 4279 3318 4320 se
3362 4262 3575 4320 subtile

1924 4362 2244 4432 judicantis
2293 4361 2391 4416 Dei
2449 4373 2689 4415 examen
2749 4355 3312 4426 contemplabantur,
3375 4350 3578 4420 culpas

1933 4467 2069 4508 suas
2103 4450 2374 4506 lamentis
2418 4449 2894 4518 insequebantur,
2931 4457 3110 4512 seque
3149 4439 3462 4511 penitendo
3497 4438 3577 4492 in-

1932 4542 2248 4612 crepabant
2274 4538 2475 4609 quales
2500 4538 2750 4602 fuerant,
2779 4525 3578 4601 111111111180110011001110101ιο-

1851 4607 1900 4665 D
1932 4607 2127 4685 ctione
2162 4607 2602 4699 persequentes.
2641 4622 2964 4680 Penitentis
2986 4619 3136 4674 enim
3160 4619 3252 4672 est
3275 4613 3572 4686 proprium

1935 4725 2068 4775 tunc
2089 4718 2294 4788 culpas
2317 4716 2615 4788 plangere,
2643 4729 2771 4769 cum
2797 4711 2932 4782 quid
2957 4709 3137 4778 egerit
3165 4703 3405 4773 coeperit
3443 4716 3580 4773 pen-

1932 4822 2081 4876 sare,
2107 4813 2162 4861 et
2199 4811 2336 4861 tunc
2368 4803 2646 4861 subtilius
2679 4815 2943 4872 pensare,
2978 4814 3106 4854 cum
3139 4791 3452 4851 sollicitius
3485 4805 3580 4844 cc-

1933 4896 2084 4965 perit
2132 4895 2426 4966 plangere.
2485 4893 2566 4946 Hii
2617 4905 2758 4959 ergo
2809 4885 3173 4944 absolutione
3225 4879 3469 4952 quaesita
3519 4883 3579 4932 01

1932 4987 2190 5054 obtenta,
2216 4981 2520 5039 consilium
2544 4980 2828 5035 dederunt
2854 4977 2995 5046 regi,
3020 4981 3078 5031 ut
3103 4973 3254 5059 sicut
3278 4969 3386 5040 ipsi
3411 4972 3579 5059 erant

1934 5072 2211 5141 absoluti,
2236 5071 2307 5126 ita
2326 5070 2522 5140 etipse
2545 5067 2806 5123 studeret
2830 5064 3052 5121 absolvi
3072 5055 3321 5118 vinculis
3346 5055 3580 5111 anathe-

1937 5162 2136 5223 matis;
2170 5159 2529 5229 adjicieutcs,
2564 5157 2695 5227 quia
2730 5156 2771 5211 si
2799 5170 2982 5209 annus
3014 5149 3388 5207 clauderetur
3419 5148 3581 5198 ante-

1938 5267 2104 5322 quam
2127 5248 2552 5315 absolveretur,
2568 5244 2720 5301 omni
2740 5259 2938 5298 eorum
2961 5239 3200 5297 servitio
3225 5236 3578 5307 privaretur,

1537 5375 1775 5430 VARUS
1817 5377 2212 5433 LECTIONES.

242 5474 312 5506 "’3
345 5471 616 5541 Suscepit
647 5469 871 5540 supple.

1766 5560 1986 5616 NOTAE.

243 5650 398 5718 (I68)
431 5648 686 5702 Frainet.

243 5713 398 5794 (169)
442 5718 677 5788 Legitur
709 5719 769 5770 et
801 5714 855 5769 in
888 5715 1294 5774 Bernriedensi
1329 5733 1377 5771 c.
1411 5721 1499 5785 83,
1535 5724 1592 5774 et
1628 5717 1683 5774 in
1713 5719 1914 5777 codice
1948 5719 2203 5777 Udalrici
2238 5723 2353 5773 1411.
2392 5715 2777 5787 (Patrologice
2807 5721 2944 5786 10111,
2993 5713 3296 5780 CXLVIII.)
