3894 6444
330 374 448 442 319
538 426 547 434 .

1283 382 1651 452 HUGONIS
1692 382 2046 449 ABBATIS
2088 382 2782 451 FLAVINIACENSIS

3640 380 3787 444 320

333 519 394 574 et
416 517 664 590 amplius
686 535 790 592 pro
810 534 945 592 rege
964 535 1079 579 non
1098 520 1434 591 haberetur,
1457 521 1589 592 quia
1614 522 1669 577 in
1693 536 1819 593 ejus
1836 536 1986 577 com-
2015 519 2072 582 A
2103 519 2420 593 desperati,
2456 520 2673 592 absque
2716 516 2908 575 domui
2954 530 3114 588 papae
3157 513 3406 573 consilio
3439 514 3782 588 elegerunt

334 608 604 664 munione
636 608 727 665 vel
761 609 1001 666 servitio
1032 612 1179 667 certi
1210 614 1379 666 erant
1411 611 1480 666 de
1516 610 1837 665 imminenti
1869 609 1989 665 ani-

333 712 437 754 mae
489 698 768 769 periculo.
812 700 919 754 Sed
964 700 1059 770 qui
1105 701 1427 756 freditatcm
1471 716 1589 756 sua:
1632 700 1989 755 infirmitatis

334 786 710 843 considerare
734 787 1089 859 negligebat,
1112 789 1214 845 sed
1233 805 1338 860 per
1360 789 1633 844 elationis
1661 789 1868 844 fastum
1898 802 1991 859 p0-

337 874 535 930 tentia:
559 891 677 931 sua)
700 876 943 944 gloriam
979 878 1342 948 attendebat,
1370 877 1521 933 unde
1549 877 1654 933 sibi
1680 876 1990 947 gloriosior

332 964 664 1034 videbatur,
701 964 834 1021 inde
865 965 1278 1036 descendebat,
1314 971 1373 1022 et
1407 966 1558 1023 unde
1582 980 1644 1022 se
1667 965 1988 1035 gloriosum

328 1050 649 1123 judicabat,
686 1053 819 1111 inde
852 1054 908 1110 in
937 1054 1048 1110 ima
1081 1054 1344 1111 deterius
1376 1056 1710 1111 corruebat.
1744 1056 1813 1110 Ut
1838 1054 1988 1110 enim

332 1139 411 1195 ait
437 1140 587 1196 idem
612 1141 736 1213 ipse
761 1142 1067 1200 l-Ieinricus
1091 1144 1145 1198 in
1172 1143 1416 1213 epistola
1442 1143 1714 1199 Romanis
1737 1142 1986 1207 directa,

333 1228 429 1283 ubi
461 1243 593 1286 cum
625 1231 811 1287 omnia
848 1231 1124 1288 falsitatis
1153 1237 1212 1287 et
1235 1231 1520 1287 mendacii
1554 1231 1723 1303 plena
1760 1231 1897 1296 sint,
1935 1230 1988 1285 in

334 1316 442 1373 hoc
475 1333 589 1374 uno
622 1319 857 1375 veritati
883 1320 1018 1376 licet
1041 1320 1244 1376 nolens
1270 1322 1431 1389 favit,
1459 1321 1569 1376 sub
1600 1320 1795 1391 specie
1826 1319 1991 1375 timo-

333 1406 415 1460 ris
447 1406 646 1477 divini,
686 1424 794 1464 uon
827 1410 877 1463 in
914 1408 1163 1465 veritate
1192 1408 1497 1465 catholica)
1535 1409 1694 1480 pacis
1721 1407 1990 1464 consiliis

337 1494 565 1551 illorum
617 1498 999 1568 adquiescere
1044 1514 1106 1553 se
1148 1498 1333 1554 ﬁnxit.
1390 1498 1528 1567 (μοι.
1581 1502 1730 1567 118.)
1778 1499 1989 1552 Verum

334 1597 470 1654 nos,
529 1586 742 1655 quibus
796 1587 1065 1643 Christus
1128 1587 1293 1656 fides,
1355 1586 1625 1642 Christus
1680 1585 1987 1655 refugium,

337 1672 604 1729 Christus
631 1679 720 1730 est
753 1675 1048 1745 solatium,
1081 1676 1281 1731 uenias
1313 1674 1441 1745 ejus
1475 1674 1761 1731 diabolico
1795 1675 1867 1729 ab
1890 1689 1990 1728 ore

337 1764 623 1831 ructatas,
670 1763 998 1834 iniquitatis
1046 1764 1267 1820 calamo
1317 1762 1592 1833 dictatas,
1636 1762 1990 1818 confusionis

336 1851 662 1905 atramento
705 1852 987 1921 signatas,
1028 1866 1057 1905 a
1094 1852 1367 1907 memoria
1413 1852 1693 1907 bonorum
1737 1851 1988 1906 omnium
2018 1878 2074 1938 B

338 1936 715 2009 repellentes,
770 1939 907 2009 quid
949 1940 1157 2009 egerit,
1204 1940 1492 2010 quomodo
1538 1939 1987 2008 absolutionem,

336 2028 615 2094 quantum
650 2027 719 2082 ad
752 2028 1066 2084 exterioris
1098 2028 1348 2084 hominis
1389 2028 1809 2095 habitudinem,
1845 2027 1992 2097 Opti'

335 2113 550 2183 nuerit,
583 2130 713 2170 cum
738 2131 903 2171 saera
939 2116 1232 2186 scriptura
1267 2118 1539 2184 testetur,
1577 2116 1709 2185 quia
1737 2114 1833 2185 qui
1862 2114 1992 2169 Iicte

336 2200 514 2257 Deum
569 2207 841 2274 querunt,
891 2219 1201 2274 numquam
1254 2202 1512 2259 invenire
1563 2206 1880 2269 merentur,
1924 2216 1993 2256 ex

338 2290 534 2347 verbis
563 2292 751 2361 patris
784 2293 966 2349 nostri
1002 2308 1141 2363 sepe
1175 2293 1278 2347 fari
1312 2293 1634 2348 audiamus.

413 2402 437 2425 α
473 2380 787 2449 Gregorius
807 2380 1140 2452 episcopus,
1167 2396 1376 2436 servus
1401 2395 1703 2435 servorum
1733 2379 1850 2447 Dei,
1878 2396 1995 2433 om-

340 2466 511 2524 nibus
543 2467 1024 2540 archiepiscopis,
1053 2468 1653 2540 episcopis,ducibus,
1684 2467 1999 2523 comitibus

335 2555 666 2626 ceterisque
691 2556 1055 2628 principibus
1078 2571 1240 2626 regni
1275 2557 1799 2613 Tlieutlionieorum
1836 2556 1996 2611 Chri-

342 2643 589 2701 stianam
631 2644 801 2700 ﬁdem
844 2645 1313 2715 defendentibus,
1349 2644 1595 2701 salutem
1629 2651 1689 2700 et
1722 2643 1997 2716 apostoli-

334 2745 459 2788 cam
521 2732 1007 2789 benedictionem.
1070 2733 1350 2799 Quoniam
1410 2749 1515 2804 pro
1571 2748 1769 2788 amore
1825 2731 1997 2802 justi-

340 2820 455 2889 tiae,
502 2844 526 2869 ιν
581 2825 693 2877 etc.
765 2821 909 2878 Vide
960 2823 1118 2878 inter
1174 2823 1457 2893 epistolas
1515 2822 1793 2893 Gregorii
1865 2821 1994 2882 νη,

339 2910 647 2981 Patrolog.
667 2953 682 2978 ,
717 2915 760 2964 t.
796 2911 1069 2966 CXLVIII.

415 2997 580 3064 Quod
613 3003 1041 3054 sacramentum
1075 3013 1246 3068 quam
1279 3013 1482 3069 parum
1517 3012 1620 3053 rex
1651 2997 1992 3066 attenderit,

346 3084 469 3142 haec
507 3086 752 3157 epistola
788 3090 948 3143 notat
986 3106 996 3140 :

418 3198 442 3223 α
477 3175 794 3243 Gregorius
826 3174 1160 3247 episcopus,
1197 3189 1405 3231 servus
1437 3190 1735 3231 servorum
1766 3174 1886 3244 Dei,
1913 3175 1996 3229 di-

343 3261 765 3320 Iectissimisin
798 3264 1029 3320 Christo
1082 3263 1367 3319 fratribus
1405 3265 1462 3317 et
1505 3261 1659 3331 ﬁliis,
1709 3262 1995 3334 archiepi-

343 3352 553 3424 scopis,
596 3352 907 3424 episcopis,
941 3352 1211 3419 ducibus,
1256 3351 1597 3421 comitibus,
1644 3351 1993 3421 caeterisque

340 3441 725 3513 principibus,
761 3457 891 3496 cum
916 3441 1069 3497 omni
1102 3440 1317 3512 populo
1348 3440 1513 3511 regni
1546 3440 1992 3497 Teutouieorum

342 3529 726 3586 Christianam
787 3529 956 3585 Iidem
1006 3532 1065 3585 et
1118 3529 1460 3598 religionem
1520 3528 1989 3597 defendentibus,

343 3616 590 3672 salutem
613 3620 670 3671 et
694 3616 1071 3688 apostolicam
1104 3617 1590 3673 benedictionem.

419 3725 444 3752 «ι
477 3704 639 3760 Sicut
671 3705 723 3760 in
759 3705 1055 3775 prioribus
1092 3704 1312 3760 litteris
1338 3708 1394 3759 et
1428 3704 1756 3773 legatorum
1796 3704 1992 3760 verbis

342 3791 508 3848 vobis
537 3791 1016 3861 signiﬁcavimus,
1050 3814 1076 3841 υ
1112 3796 1223 3847 etc.
1273 3793 1413 3848 Vide
1430 3791 1600 3859 idm,
1636 3807 1689 3847 n.
1725 3797 1811 3849 33.

411 3880 518 3946 Qui
548 3885 739 3938 autem
775 3880 1088 3936 fuerinthii
1111 3879 1305 3937 domui
1331 3896 1492 3953 papas
1517 3880 1689 3951 legati
1724 3882 1894 3954 (I70),
1921 3897 1995 3951 ex

338 3968 536 4024 verbis
566 3968 720 4038 regis
752 3969 1102 4040 accepimus,
1136 3969 1443 4026 Paduauus
1474 3970 1705 4026 scilicet
1736 3975 1794 4027 ct
1828 3971 1995 4027 Alba-

341 4071 451 4113 nus
497 4056 753 4129 epiSCOpi
800 4058 969 4129 (171),
1005 4072 1035 4113 a
1069 4057 1280 4128 quibus
1332 4057 1504 4114 etiam
1542 4058 1597 4113 in
1646 4060 1994 4130 Wizeburge

340 4145 595 4214 synodus
626 4148 715 4203 est
750 4145 969 4203 habita.
1013 4147 1153 4217 Regi
1195 4147 1391 4219 itaque
1424 4148 1667 4219 praefato
1700 4148 1992 4218 Heinrico,

344 4238 405 4289 ut
442 4233 498 4290 in
533 4234 727 4292 verbis
759 4236 950 4292 domui
988 4251 1149 4308 papae
1191 4236 1468 4307 colligere
1506 4252 1831 4309 possumus,
1868 4238 1993 4293 sola

342 4326 434 4378 cst
472 4325 896 4381 communionis
933 4326 1121 4395 gratia
1163 4326 1393 4382 reddita
1433 4326 1602 4397 (172),
1651 4342 1764 4382 nou
1798 4330 1993 4384 tamen

340 4426 519 4481 regno
559 4414 895 4482 restitutus,
939 4430 1047 4471 nec
1089 4414 1341 4471 fidelitas
1380 4415 1634 4472 omnium
1667 4416 1764 4487 qui
1805 4416 1857 4472 ei
1901 4417 1992 4472 vel

330 4496 671 4567 juraverant
720 4501 813 4558 vel
852 4502 1104 4573 juraturi
1157 4507 1348 4571 erant,
1389 4506 1452 4558 ut
1493 4502 1602 4558 sibi
1654 4510 1992 4561 servaretur

338 4595 695 4662 praeceptum
735 4596 842 4648 est.
897 4593 1045 4661 (Aet.
1086 4592 1269 4663 conc.)
1323 4592 1482 4658 Quod
1525 4591 1655 4648 ideo
1698 4597 1991 4651 retentum
2019 4587 2074 4652 D

337 4684 448 4749 est,
486 4682 548 4735 ut
581 4679 734 4736 inter
774 4696 906 4736 eum
937 4685 998 4737 et
1030 4680 1324 4752 principes
1367 4680 1846 4754 ultramontanos,
1891 4686 1986 4756 qui

336 4766 388 4821 ei
430 4782 606 4824 causa
643 4767 929 4837 jussionis
973 4768 1314 4839 apostolicae
1362 4768 1723 4841 restiterant,
1761 4771 1989 4841 justitia

341 4856 503 4913 fieret
536 4856 628 4911 vel
664 4871 775 4927 pax
804 4860 1280 4927 componeretur,
1314 4856 1463 4914 sicut
1506 4858 1631 4929 ipse
1656 4859 1990 4930 juramento

338 4959 441 5016 per
473 4944 621 5003 duos
653 4944 961 5016 episcopos
996 4944 1365 5015 promiserat.
1401 4945 1543 5015 (Fol.
1580 4947 1745 5021 119’.)
1778 4952 1989 5007 Verum

340 5032 606 5103 praedicti
630 5031 889 5105 episcopi
911 5037 969 5088 et
991 5032 1284 5104 principes
1315 5033 1731 5092 ultramontani
1756 5038 1991 5095 audien-

336 5124 429 5178 tes
450 5120 612 5178 illum
635 5136 745 5177 non
772 5134 1010 5177 servare
1042 5120 1194 5191 quod
1229 5123 1601 5194 promiserat,
1639 5126 1803 5196 quasi
1829 5127 1899 5182 de
1921 5143 1991 5184 eo

2101 609 2209 664 sibi
2242 608 2549 665 Rodulfum
2584 608 2786 663 ducem
2822 607 2873 661 in
2910 622 3122 675 regem.

2172 697 2457 753 Rodulfus
2501 697 2680 768 igitur
2727 696 3069 751 festinanter
3114 694 3287 750 misso
3332 695 3562 764 nuncin,
3616 696 3783 751 indi-

2099 786 2251 841 cavit
2277 802 2336 841 sc
2363 786 2591 855 quidem
2622 789 2885 841 coactum
2923 783 3081 852 regni
3117 783 3509 852 gubernacula
3548 799 3776 840 susce-

2101 876 2276 946 pisse,
2321 879 2513 929 tamen
2547 890 2607 929 se
2645 878 2906 945 paratum
2954 873 3162 928 domno
3202 888 3361 943 papze
3394 872 3444 927 in
3478 873 3778 928 omnibus

2099 962 2359 1020 obedire.
2388 965 2457 1019 Et
2480 964 2744 1019 eumdem
2771 977 3000 1033 semper
3027 961 3375 1032 promittens
3396 975 3769 1027 sermonem,

2099 1052 2309 1122 adjecit
2342 1051 2538 1120 etiam,
2574 1051 2693 1106 filio
2725 1065 2830 1106 suo
2863 1050 3001 1106 dato
3034 1049 3237 1105 obside
3270 1049 3524 1120 itemque
3559 1048 3776 1107 fidelis

2100 1141 2191 1196 sui
2232 1140 2400 1196 ducis
2447 1140 2699 1197 Bertaldi
2751 1139 2889 1209 filio,
2933 1138 3089 1209 quod
3136 1138 3513 1210 promittebat
3556 1153 3774 1195 sacra-

2100 1234 2295 1285 mento
2328 1230 2579 1285 ﬁrmare.
2611 1231 2837 1284 Interea
2862 1228 3037 1283 etiam
3063 1227 3365 1283 IIcinricus
3395 1227 3771 1298 precabatur

2099 1332 2252 1388 cum,
2313 1322 2373 1374 ut
2432 1322 2634 1374 contra
2703 1316 3009 1373 Rodulfum
3067 1330 3196 1372 eum
3256 1316 3581 1385 adjuvaret.
3652 1317 3768 1372 Cui

2101 1406 2348 1463 domnus
2387 1422 2535 1478 papa
2578 1406 2885 1478 respondit
2913 1420 2977 1461 se
3008 1404 3261 1460 libenter
3304 1406 3594 1461 facturum
3661 1421 3767 1460 au-

2101 1494 2222 1549 dita
2254 1496 2562 1565 utriusque
2598 1496 2782 1565 partis
2816 1494 3063 1563 ratione,
3091 1499 3154 1548 ut
3185 1494 3357 1548 sciret
3395 1494 3487 1549 cui
3516 1493 3762 1563 justitia

2102 1584 2284 1652 magis
2318 1585 2558 1640 faveret.
2586 1586 2765 1650 Quam
2795 1584 3229 1654 responsionem
3254 1583 3609 1654 contempsit
3637 1583 3767 1638 ina-

2104 1672 2158 1726 ni
2193 1672 2384 1729 elatus
2418 1688 2668 1741 rumore,
2702 1678 2916 1743 putans
2946 1686 3075 1726 cum
3103 1670 3225 1726 suis
3248 1686 3308 1726 se
3331 1671 3551 1727 viribus
3578 1687 3763 1742 posse

2106 1759 2434 1817 (leviucere.
2462 1763 2619 1817 Meus
2647 1762 2797 1816 enim
2831 1761 2957 1831 ejus
2989 1775 3101 1829 quo
3133 1758 3481 1830 procellosis
3512 1765 3759 1816 actuum

2107 1849 2363 1905 motibus
2416 1851 2841 1917 concitabatur,
2896 1864 2965 1902 eo
3018 1849 3088 1903 ab
3141 1848 3385 1905 internae
3446 1848 3761 1919 sapientiae

2107 1937 2301 2006 quiete
2334 1942 2510 2008 atque
2542 1938 2866 1993 stabilitate
2909 1936 3374 2006 disjungcbatur.
3422 1936 3563 2003 Quia
3599 1937 3757 1992 enim

2108 2024 2391 2081 maliciam
2427 2027 2662 2095 tegebat
2689 2027 2742 2081 in
2769 2026 2968 2095 corde,
3001 2039 3101 2080 ore
3130 2028 3323 2079 autem
3357 2023 3755 2080 blandimenta

2105 2114 2398 2185 exibebat,
2420 2115 2553 2186 quia
2572 2115 2959 2184 cogitationes
2985 2129 3116 2170 suas
3139 2112 3483 2184 duplicitate
3507 2113 3758 2169 obnubi-

2107 2199 2283 2271 labat,
2318 2203 2450 2272 quia
2477 2204 2752 2275 puritatis
2775 2202 2951 2257 verba
2973 2202 3134 2272 quasi
3173 2202 3501 2257 fatuitatem
3527 2200 3758 2269 judica-

2107 2291 2224 2359 bat,
2242 2293 2443 2348 ctvias
2466 2293 2760 2363 simplices
2784 2291 3129 2347 innocentim
3156 2290 3506 2361 declinabat,
3534 2290 3755 2345 idcirco

2105 2380 2853 2451 sapientia}tranquillitate
2876 2379 3093 2450 perfrui
3114 2394 3474 2449 nequaquam
3498 2385 3748 2451 poterat.

2178 2469 2360 2538 Igitur
2391 2471 2638 2526 domnus
2674 2484 2818 2541 papa
2865 2469 3020 2539 quod
3053 2473 3312 2539 coeperat
3349 2473 3407 2524 ut
3442 2468 3753 2541 perliceret

2106 2559 2453 2615 omnimodis
2497 2558 2858 2627 intendebat,
2908 2572 3160 2628 querens
3195 2557 3467 2614 ducatum
3500 2556 3753 2627 qualiter

2106 2645 2177 2700 ad
2209 2646 2736 2702 Theutlionicorum
2771 2658 3009 2714 regnum
3043 2643 3345 2713 transiret,
3380 2649 3437 2699 et
3470 2658 3539 2700 eo
3569 2643 3753 2713 magis

2109 2735 2476 2805 auxiabatur,
2503 2750 2616 2805 quo
2648 2733 2830 2803 magis
2864 2732 3027 2804 regni
3065 2738 3256 2789 status
3288 2733 3654 2790 turbabatur.
3693 2733 3751 2787 Ei

2111 2823 2381 2894 quoniam
2416 2823 2619 2879 ﬁdeles
2652 2822 2752 2878 illo
2783 2822 3011 2892 legatos
3035 2823 3429 2878 destinaverat
3464 2822 3560 2891 qui
3594 2825 3753 2876 voto-

2110 2927 2234 2967 rum
2267 2911 2394 2981 ejus
2426 2926 2536 2968 nou
2569 2926 2777 2981 segnes
2802 2917 3201 2982 cxequutores
3231 2915 3448 2981 essent,
3486 2909 3636 2966 misit
3665 2910 3751 2965 eis

2109 3001 2532 3073 speciales-pro
2565 3001 2671 3057 hoc
2702 3000 2944 3069 negocio
2976 2999 3224 3069 litteras,
3263 3000 3531 3055 scribens
3562 2998 3646 3055 eis
3680 2999 3750 3053 ab

2108 3090 2272 3145 Italia
2308 3109 2319 3144 :

2182 3198 2210 3230 «
2251 3179 2564 3249 Gregorius
2612 3180 2944 3250 episcopus,
2999 3193 3207 3235 servus
3266 3191 3566 3234 servorum
3626 3176 3747 3246 Dei,

2107 3268 2402 3324 Bernardo
2426 3271 2642 3325 sanctae
2672 3270 2941 3324 Romanae
2973 3267 3238 3324 ecclesiae
3269 3267 3511 3324 diacono
3533 3271 3592 3322 et
3616 3267 3748 3320 Ber-

2104 3356 2286 3412 nardo
2326 3355 2671 3412 Massiliensi
2717 3356 2934 3425 abbati,
2984 3355 3226 3410 salutem
3266 3359 3325 3410 et
3365 3353 3739 3426 apostolicam

2104 3445 2588 3501 benedictionem.
2620 3442 2991 3499 Fraternitati
3020 3448 3232 3500 vestra:
3256 3446 3455 3499 notum
3479 3457 3609 3498 esse
3632 3456 3740 3497 non

2104 3534 2471 3604 ambigimus,
2505 3554 2533 3587 ι)
2575 3538 2687 3591 etc.
2721 3534 2889 3604 (I73).

2176 3624 2318 3677 Item
2352 3622 2423 3678 ad
2456 3621 2716 3692 reliquos
2744 3619 2963 3677 Iidoles.

2179 3734 2203 3760 ιι
2239 3711 2556 3781 Gregorius
2587 3710 2926 3782 episcopus,
2952 3723 3157 3765 servus
3188 3723 3491 3765 servorum
3513 3709 3630 3778 Dei,
3658 3724 3745 3764 ar-

2105 3799 2515 3872 chiepiscOpis,
2550 3800 2861 3870 episcopis,
2899 3797 3167 3867 ducibus,
3201 3798 3513 3855 comitibus
3539 3801 3595 3854 et
3626 3798 3745 3854 uui-

2106 3891 2296 3945 versis
2347 3888 2563 3944 Christi
2613 3888 2886 3944 fidelibus
2916 3886 2969 3941 in
3003 3901 3181 3957 regno
3225 3886 3740 3943 Theuthouirorum

2105 3977 2589 4049 consistentibus,
2626 3976 2871 4033 salutem
2894 3981 2953 4031 et
2982 3974 3363 4046 apostolicam
3396 3975 3744 4032 benedictio-

2106 4078 2257 4120 nem.
2308 4064 2733 4121 Notum‘vobis
2765 4063 2890 4118 ﬁeri
2921 4061 3211 4131 volumus,
3265 4062 3473 4118 fratres
3518 4061 3741 4118 karissi-

2108 4153 2202 4222 mi,
2235 4174 2261 4203 ››
2300 4157 2412 4210 etc.
2452 4154 2622 4225 (174).

2180 4242 2424 4311 ἰηιθιεθεὶ⁹
2457 4239 2784 4309 Heiuricus,
2826 4241 2958 4310 quia
3000 4239 3293 4297 aifectatis
3342 4238 3738 4310 iniquitatibus

2105 4322 2233 4392 ejus
2251 4323 2618 4392 subsequens
2638 4320 2865 4376 favebat
2886 4320 3152 4390 effectus,
3172 4320 3343 4389 bella,
3360 4319 3554 4389 cedes,
3573 4319 3740 4375 homi-

2105 4402 2257 4459 cidia
2279 4417 2386 4474 per
2407 4416 2470 4457 se
2494 4415 2747 4471 suosque
2770 4406 3114 4471 perpetrare
3138 4416 3249 4457 non
3274 4399 3616 4467 desistebat,
3647 4412 3739 4455 aec-

2104 4481 2418 4539 clesiarum
2433 4481 2890 4538 destructionem
2907 4484 2965 4537 et
2980 4481 3151 4538 ovilis
3166 4479 3438 4536 dominici
3454 4479 3742 4550 perturba-

2105 4562 2323 4619 tionem
2343 4562 2575 4631 siciens,
2601 4564 2867 4633 pastores
2882 4562 3238 4618 abzecelesia
3262 4561 3553 4632 abigebat,
3580 4559 3737 4631 lupos

2106 4642 2177 4698 ad
2208 4643 2381 4700 ovilia
2415 4641 2941 4707 subintroducens;
2975 4646 3032 4697 et
3060 4640 3457 4713 prosperitate
3477 4655 3577 4697 sua
3601 4638 3738 4695 deei-

2104 4723 2400 4794 piebatur,
2428 4721 2557 4792 quia
2585 4720 2951 4792 dirigebatur
2970 4721 3026 4777 in
3051 4737 3221 4778 manu
3247 4720 3373 4791 ejus
3398 4719 3581 4777 dolus.
3608 4719 3734 4786 Quia

2104 4803 2253 4860 enim
2278 4803 2414 4858 vitae
2438 4802 2585 4856 viam
2611 4801 2891 4857 deserens
2917 4801 2971 4857 in
2998 4805 3371 4874 peccatorum
3395 4814 3457 4856 se
3478 4799 3736 4856 tenebras

2105 4884 2421 4953 dejecerat,
2464 4881 2740 4949 voragine
2784 4880 3115 4951 iniquitatis
3159 4881 3483 4947 demersus,
3519 4884 3577 4933 et
3603 4878 3735 4935 mole

2106 4977 2299 5036 pravae
2342 4959 2786 5017 consuetudinis
2815 4962 3082 5029 obrutus,
3130 4960 3385 5031 reprobo
3430 4958 3617 5014 sensui
3653 4964 3733 5014 est

2102 5043 2376 5111 traditus,
2424 5044 2487 5097 ut
2524 5041 2781 5096 nesciret
2832 5056 3076 5111 pensare
3122 5040 3267 5097 mala
3311 5054 3439 5111 quae
3483 5038 3732 5107 faciebat,

2104 5126 2201 5197 qui
2237 5123 2457 5189 utinam
2482 5122 2617 5177 vitae
2643 5121 2852 5177 itinera
2877 5136 3005 5192 quae
3028 5121 3217 5177 uoluit
3239 5136 3343 5193 per
3366 5118 3732 5176 innocentiam

1934 5277 2155 5334 NOTzﬁ.

412 5384 562 5456 (170)
598 5383 1254 5456 EueruutBernbardus
1285 5384 1564 5445 diaconus
1592 5390 1908 5449 cardinalis
1938 5394 1995 5448 ct

341 5453 715 5534 Dernhardus
781 5454 961 5511 abbas
1029 5456 1444 5526 Massiliensis;
1504 5459 1637 5515 vide
1698 5462 1847 5531 Reg.
1909 5478 1993 5534 vr,

343 5526 568 5666 23,033.)
611 5594 869 5666 Riganno
909 5596 1136 5655 demum
1171 5603 1307 5655 1079
1345 5599 1414 5655 ad
1459 5599 1794 5659 IIeinricum
1839 5603 1997 5660 missi

352 5670 507 5723 sunt.
550 5664 852 5724 ’Bertholdi
890 5666 1032 5753 Anii.
1078 5684 1131 5740 p.
1164 5673 1285 5726 318.

2181 5386 2505 5463 (172)_Sola
2531 5386 2903 5463 «tepet-sit,
2914 5387 3220 5463 devineta-(3
3240 5401 3313 5463 ex
3337 5386 3498 5443 Actis
3522 5387 3732 5444 concilii

2110 5458 2350 5517 Romani
2384 5473 2434 5514 a.
2471 5463 2629 5516 1080.
2673 5458 2851 5514 Mansi
2885 5461 2995 5528 XX,
3028 5462 3150 5515 534.
3306 5458 3307 5465 ‘

2184 5534 2332 5604 (173)
2360 5531 2522 5604 Data
2538 5530 2863 5604 Carpiuetm
2896 5546 2933 5586 ιι
2963 5528 3304 5604 Κᾼεξκμζῃ-ηἱί,
3342 5528 3459 5584 ind.
3494 5533 3579 5599 15,
3611 5529 3730 5599 Reg.

2112 5601 2202 5672 IV,
2237 5601 2324 5659 23.
2356 5603 2418 5673 Κ.
2457 5601 2842 5673 (Patrologiae
2878 5606 2919 5657 t.
2957 5601 3260 5673 CXLVIII.)

2184 5672 2333 5744 (174)
2371 5672 2514 5731 Data
2548 5674 2612 5731 ut
2643 5672 2842 5744 supra.
2878 5672 3133 5744 Registr.
3169 5685 3243 5741 iv,
3278 5674 3364 5728 ‘26.
