3894 6408
107 394 218 457 321

1378 386 1876 459 CHRONICON.
1911 430 1992 443 -—
2016 391 2170 458 LIB.
2219 396 2292 459 II.

3412 403 3530 465 322

111 538 338 588 teneret
398 532 591 588 saltim
642 548 744 603 per
795 532 1212 604 paenitentiam.
1250 532 1395 595 (Act.
1432 535 1615 601 conc.)
1660 532 1760 588 llic
1791 530 1844 589 A
1877 531 2209 602 siapublice
2228 531 3038 604 precidentes,quodomnino
3061 533 3299 589 veritati
3322 534 3529 590 adver-

109 623 307 691 itaque
322 626 528 677 contra
545 621 856 676 Rodulfnm
878 622 1053 676 tertio
1068 636 1273 690 congrc
1289 626 1761 692 zisus,postquam

111 710 401 781 persensit
431 724 493 765 se
524 710 677 780 quod
712 715 1051 781 speraverat
1088 724 1199 765 non
1251 725 1423 781 posse
1458 724 1760 781 peragere,

108 800 255 855 duos
283 800 597 870 episcopos
629 799 700 853 de
731 800 1145 855 consentaneis
1171 800 1311 869 suis,
1338 798 1759 855 Virdunensem

107 894 166 943 et
198 887 704 957 Obseliurgensem
730 887 797 920 ⁴⁰⁵
822 889 1055 943 Romam
1094 888 1251 943 misit
1284 888 1488 959 (1078),
1514 893 1575 943 et
1606 888 1763 943 dom-

110 991 242 1031 num
277 990 482 1046 papam
515 976 565 1029 in
603 974 824 1045 synodo
856 980 918 1030 ut
968 976 1018 1032 ci
1055 974 1346 1044 justitiam
1400 977 1619 1032 faceret
1660 991 1761 1046 per

109 1080 209 1120 eos
244 1064 508 1130 rogavit;
533 1064 687 1134 quod
719 1069 778 1118 et
810 1064 1004 1120 nuncii
1039 1064 1287 1135 Rodulfi,
1315 1065 1411 1135 qui
1438 1068 1762 1134 praesentes

110 1152 374 1215 aderant,
404 1152 526 1207 lieri
562 1151 964 1208 laudavcrunt.
994 1153 1134 1223 (Pol.
1164 1154 1312 1221 121.)
1344 1154 1636 1209 Statutum
1668 1158 1762 1207 est

114 1241 307 1310 itaque
341 1242 397 1295 in
426 1241 625 1308 eadem
656 1242 897 1311 synodo,
923 1241 975 1296 in
1015 1242 1283 1312 partibus
1312 1241 1762 1297 ultramontanis

114 1329 234 1383 fieri
268 1329 647 1400 colloquium,
684 1329 837 1386 sicut
867 1345 940 1385 ex
980 1331 1174 1387 verbis
1219 1330 1414 1386 domni
1450 1345 1611 1401 papae
1647 1330 1761 1401 ple-

116 1416 243 1472 nius
272 1417 523 1487 quilibet
556 1422 747 1489 potest
781 1419 1089 1474 advertere
1125 1439 1135 1472 :

183 1526 209 1556 ‹‹
244 1506 562 1575 Gregorius
618 1508 949 1577 cpiscopus,
1012 1523 1219 1563 servus
1278 1522 1579 1564 servorum
1638 1507 1757 1575 Dei,

112 1594 591 1665 archiepiscopis,
610 1595 877 1667 ducibus,
899 1595 1283 1667 principibus,
1301 1596 1757 1666 marehionibus,

111 1683 492 1753 omnibusque
555 1684 868 1753 majoribus
923 1691 1097 1754 atque
1145 1685 1466 1741 minoribus
1497 1686 1551 1739 in
1580 1686 1761 1740 Theu-

112 1771 344 1826 thonico
370 1786 550 1840 regno
572 1771 932 1841 constitutis,
950 1774 1217 1843 exceptis
1245 1773 1334 1829 his
1357 1773 1453 1843 qui
1478 1774 1757 1829 canonica

1876 621 2138 689 sabatur,
2173 635 2479 692 episcopos
2529 635 2760 691 quoque
2799 621 3153 677 simoniacos
3181 621 3526 678 conﬁrman-

1874 712 1983 775 tes,
2003 709 2098 778 qui
2116 710 2421 764 manifeste
2449 710 2830 765 lleinricianis
2844 709 3525 768 communicabant:cum

1874 796 2076 851 ﬁdeles
2108 797 2189 852 rei
2223 798 2470 853 veritate
2504 797 2692 854 minus
2723 798 2985 868 inspecta
3022 813 3051 854 a
3080 800 3220 855 sede
3251 800 3359 855 hoc
3391 814 3526 872 apo-

1872 883 2077 940 stolica
2110 886 2188 940 ita
2230 886 2593 956 processisse
2642 886 2953 942 crederent
2984 891 3043 941 et
3073 886 3431 957 dubitarent,
3465 894 3521 944 et

1873 987 2065 1029 sermo
2095 973 2468 1029 titubationis
2501 974 2735 1031 illorum
2769 975 2840 1030 ad
2888 990 3061 1031 aures
3110 975 3297 1047 patris
3339 978 3522 1033 nostri

1872 1064 2146 1131 venisset,
2182 1064 2411 1120 litteras
2438 1065 2524 1119 eis
2558 1064 2733 1133 misit,
2762 1066 2820 1120 in
2853 1066 3067 1135 quibus
3096 1072 3151 1120 et
3187 1067 3341 1135 quod
3374 1066 3521 1123 male

1873 1155 2064 1206 actum
2125 1153 2309 1208 fuerat
2370 1153 2767 1223 reprehendit,
2819 1168 3051 1223 quoque
3104 1168 3165 1209 se
3213 1153 3521 1223 ignorante

1875 1239 2087 1295 factum
2120 1246 2279 1296 esset
2309 1241 2566 1311 edocuit,
2593 1246 2649 1294 et
2684 1245 2741 1295 nt
2768 1241 2823 1297 in
2850 1241 2962 1296 ﬁde
2986 1247 3144 1297 recta
3172 1242 3521 1298 inconcussa

1872 1341 1972 1398 spe
2026 1334 2494 1399 perseverarent,
2527 1329 2831 1385 evidenter
2882 1330 3218 1399 ammonuit,
3256 1330 3521 1386 scribens

1872 1416 1961 1470 eis
1992 1416 2044 1469 in
2081 1416 2202 1473 hzec
2232 1418 2408 1473 verba
2442 1437 2454 1471 :

1947 1524 1972 1555 «
2008 1506 2322 1573 Gregorius
2353 1507 2687 1578 episcopus,
2710 1523 2918 1563 servus
2941 1523 3241 1564 servormn
3265 1509 3386 1578 Dei,
3407 1524 3523 1566 om-

1874 1593 2045 1649 nibus
2075 1593 2347 1650 fidelibus
2379 1595 2564 1650 sancti
2597 1595 2756 1650 Petri
2790 1596 2844 1650 in
2894 1596 3294 1652 Theuthonico
3342 1612 3520 1665 regno

1873 1681 2373 1737 commorantihus
2405 1682 2650 1738 salutem
2674 1688 2733 1738 et
2757 1683 3140 1754 apostolicam
3166 1684 3523 1741 benedictio-

1874 1784 2022 1824 nem.
2060 1770 2325 1824 Pervenit
2359 1771 2430 1825 ad
2464 1786 2571 1826 nos
2603 1771 2756 1841 quod
2791 1770 3021 1840 quidam
3045 1786 3117 1827 ex
3139 1771 3308 1827 vobis
3332 1771 3403 1829 de
3424 1788 3524 1829 no-

110 1860 1019 1931 excommunicationetenentur,
1037 1862 1281 1919 salutem
1297 1868 1353 1916 et
1379 1862 1757 1933 apostolicam
1790 1884 1843 1944 Β
1876 1858 1965 1912 bis
1983 1856 2272 1927 dubitant,
2297 1865 2587 1929 tamquam
2614 1860 2667 1913 in
2692 1859 2936 1914 instanti
2964 1860 3132 1916 modo
3157 1860 3520 1916 necessitate

112 1946 598 2003 benedictionem.
628 1951 834 2005 Notum
868 1950 1036 2005 vobis
1068 1950 1193 2005 fieri
1224 1950 1511 2021 volumus,
1546 1950 1759 2005 fratres

122 2034 432 2103 karissimi,
470 2058 495 2082 ι
531 2040 645 2092 etc.
681 2038 848 2108 (175).

184 2122 323 2194 (Fol.
362 2123 529 2197 121’.)
552 2126 902 2181 Misitetiam
927 2142 1031 2198 pro
1063 2128 1170 2183 hoc
1204 2127 1445 2196 negocio
1478 2127 1760 2198 speciales

114 2211 337 2268 litteras
381 2214 710 2271 Trevirensi
746 2215 1207 2288 archiepiscopo,
1250 2231 1395 2286 quas
1441 2216 1533 2271 hic
1582 2216 1757 2271 etiam

112 2301 464 2358 subnectere
488 2318 600 2359 non
625 2304 877 2375 pigebit:
901 2328 925 2352 ιι
950 2305 1267 2373 Gregorius
1289 2304 1760 2377 episcopus,ser-

112 2404 214 2444 vus
244 2405 551 2447 servorum
581 2392 705 2462 Dei,
734 2393 915 2448 Udoni
947 2394 1276 2449 Trevirensi
1304 2394 1585 2465 episcopo
1608 2392 1759 2449 salu-

116 2483 221 2531 tem
264 2483 322 2532 et
366 2479 745 2550 apostolicam
798 2481 1278 2538 benedictionem.
1317 2483 1537 2549 Quanta
1591 2481 1759 2537 nobis

114 2564 466 2638 sollicitudo,
503 2589 530 2620 »
568 2572 682 2625 etc.
719 2570 886 2640 (176).

180 2653 298 2709 Udo
333 2654 518 2725 igitur
547 2658 885 2713 Treviorum
918 2658 1400 2729 archiepiscopus
1432 2673 1542 2713 non
1574 2658 1758 2714 multo

116 2747 237 2809 post
268 2742 440 2799 beato
472 2743 582 2800 line
614 2746 856 2815 quievit,
890 2751 951 2801 et
980 2746 1029 2801 si
1070 2746 1370 2815 negocium
1414 2745 1757 2817 apostolicae

115 2828 410 2898 legationis
464 2833 860 2890 intermissum
912 2838 1024 2889 est.
1062 2834 1448 2900 Quamobrem
1509 2835 1755 2890 domnus

116 2932 249 2988 papa
282 2935 385 2991 pro
414 2921 528 2977 hoc
558 2922 759 2977 eodem
796 2923 1030 2991 negotio
1061 2923 1402 2993 exequendo
1435 2923 1580 2979 alios
1605 2923 1757 2991 lega-

114 3010 200 3061 tos
228 3010 465 3065 mittere
498 3011 727 3081 statuit,
763 3012 1029 3068 scribens
1076 3011 1346 3068 ﬁdelibus
1397 3012 1666 3068 omnibus
1699 3012 1754 3067 in

116 3093 213 3149 hec
244 3098 417 3154 verba
457 3098 603 3169 (177)
636 3118 647 3152 :

182 3184 357 3255 (1079,
393 3188 592 3256 Febr.)
626 3206 654 3236 ‹‹
688 3188 1002 3257 Gregorius
1029 3189 1364 3259 episcopus,
1394 3203 1602 3245 servus
1635 3203 1755 3243 ser-

117 3285 306 3327 vorum
360 3274 484 3343 Dei,
516 3276 782 3332 omnibus
830 3277 1307 3348 archiepiscopis,
1342 3277 1654 3348 episcopis,
1699 3276 1752 3330 in

114 3359 462 3417 Theutonico
488 3362 557 3395 ‘°‘
579 3378 757 3430 regno
779 3365 1278 3422 commorantibus
1310 3365 1397 3435 ‘°‘,
1432 3366 1480 3421 si
1514 3366 1754 3421 obedire

118 3447 419 3521 voluerint,
458 3450 705 3507 salutem
739 3458 796 3507 et
830 3453 1212 3524 apostolicam
1267 3453 1749 3509 benedictionem.

119 3534 386 3599 Quoniam
416 3555 487 3595 ex
521 3540 622 3595 lite
651 3546 709 3596 et
743 3542 1130 3612 dissensione,
1166 3562 1193 3594 »
1226 3547 1339 3599 etc.

185 3626 506 3685 Secundum
540 3645 679 3698 ergo
714 3630 882 3685 fidem
914 3630 1203 3687 dictorum
1232 3631 1391 3686 missi
1418 3636 1554 3686 sunt
1578 3630 1754 3700 legati

118 3726 145 3765 a
178 3713 352 3771 latere
397 3718 557 3773 sedis
607 3719 966 3789 apostolicze,
1003 3719 1073 3775 de
1123 3720 1335 3789 quibus
1381 3734 1510 3774 cum
1564 3718 1755 3789 aliqua

118 3799 345 3859 sinistra
405 3807 791 3877 referrentur,
826 3808 1071 3863 domnus
1122 3824 1264 3879 papa
1312 3809 1416 3863 lias
1464 3808 1551 3862 eis
1602 3807 1758 3863 misit

120 3884 339 3948 litteras
372 3894 524 3964 (178)
553 3895 626 3950 ab
658 3896 802 3950 urbe
831 3896 1027 3951 Roma.

186 3994 213 4025 «
246 3979 559 4051 Gregorius
589 3983 926 4055 episcopus,
955 3999 1163 4041 servus
1187 3998 1488 4039 servorum
1519 3984 1640 4053 Dei,
1675 3983 1758 4038 di-

119 4061 280 4122 lectis
313 4070 367 4124 in
403 4071 635 4126 Christo
695 4072 979 4128 fratribus
1034 4079 1095 4129 et
1150 4072 1537 4143 coep‘scopis,
1581 4074 1757 4127 Petro

123 4152 416 4214 Albanensi
435 4164 498 4214 et
520 4159 793 4216 Odelrieo
814 4161 1162 4230 Pataviensi,
1181 4161 1431 4216 salutem
1446 4165 1502 4215 et
1527 4166 1758 4231 aposto-

123 4238 279 4298 licam
335 4248 816 4305 benedictionem.
871 4249 1014 4305 Sunt
1073 4250 1258 4317 multi,
1295 4249 1508 4319 quibus
1564 4254 1753 4304 tamen

125 4341 227 4384 non
254 4335 570 4406 credimus,
604 4359 629 4386 ››
665 4342 776 4393 etc.

190 4419 282 4476 llis
310 4426 570 4496 acceptis
601 4426 838 4497 litteris,
876 4428 1009 4498 quia
1039 4428 1304 4497 corrupti
1355 4427 1697 4482 muneribus
1725 4442 1755 4482 a

125 4510 397 4567 sententia
413 4518 470 4570 et
492 4516 788 4585 pr0posito
800 4517 1111 4585 gravitatis
1132 4514 1470 4586 apostolicae
1492 4515 1758 4571 deviave-

1787 3236 1836 3299 C

1874 1961 2017 2001 usus
2048 1946 2153 2000 sim
2186 1946 2435 2002 seculari
2470 1946 2729 2015 levitate,
2763 1969 2789 1997 ι)
2818 1952 2930 2003 etc.
2968 1948 3137 2017 (170).

1945 2034 2307 2103 Colloquium
2332 2036 2526 2105 itaque
2555 2035 2696 2090 illud
2722 2034 2976 2106 qualiter
2998 2036 3141 2091 vela
3167 2036 3377 2106 quibus
3397 2052 3524 2107 per-

1873 2122 2031 2179 sonis
2064 2123 2237 2178 fuerit
2268 2123 2627 2194 impeditum,
2664 2124 2717 2178 in
2751 2124 2949 2179 verbis
2984 2124 3510 2196 przeeellentissimi

1873 2211 2058 2282 patris
2091 2212 2273 2267 nostri
2304 2217 2534 2268 constat
2565 2212 3015 2283 apertum.Quia
3033 2214 3184 2269 enim
3214 2214 3519 2271 Heinricus

1871 2302 2100 2371 abjecto
2126 2300 2265 2370 jugo
2298 2301 2668 2371 ohedientize,
2708 2302 2898 2372 ipsum
2942 2301 3295 2372 colloquium
3346 2303 3521 2374 impe-

1870 2389 2104 2459 diendo,
2158 2390 2814 2446 excommunicationem
2877 2390 3220 2446 intentatam
3268 2406 3379 2447 non
3428 2400 3522 2448 est

1872 2477 2100 2534 veritus
2133 2477 2454 2547 incurrere,
2491 2493 2595 2549 pro
2634 2478 2741 2548 his,
2778 2479 3030 2549 inquam,
3067 2483 3125 2534 et
3176 2479 3307 2535 aliis
3357 2481 3521 2537 innu-

1871 2566 2253 2621 merabilibus
2275 2566 2458 2637 malis,
2487 2567 2832 2635 homicidiis,
2862 2568 3159 2637 perjuriis,
3187 2568 3515 2639 adulteriis,

1872 2654 2371 2725 fornicationihus,
2408 2655 2688 2725 symonia,
2721 2654 3122 2711 aecclesiarum
3156 2671 3386 2726 quoque
3418 2658 3520 2713 de-

1870 2743 2195 2798 structione
2228 2757 2339 2799 non
2372 2743 2621 2813 minima,
2655 2743 2712 2798 in
2743 2744 2995 2799 Romana
3028 2744 3248 2813 synodo
3280 2744 3518 2801 anathe-

1870 2832 2181 2887 matizatus
2197 2838 2358 2887 estet
2376 2832 2747 2903 dampnatus,
2764 2836 2821 2887 et
2838 2848 2865 2887 a
2882 2847 3060 2901 regno
3083 2833 3519 2904 inrecuperabi-

1868 2918 2003 2975 liter
2034 2920 2342 2992 depositus
2374 2922 2554 2991 (1080,
2581 2921 2743 2976 Mart.
2770 2922 2845 2991 7).
2873 2921 3053 2987 Quam
3085 2920 3212 2990 ejus
3242 2922 3515 2994 dampna-

1865 3008 2085 3063 tionem
2119 3008 2209 3064 hic
2240 3010 2590 3066 subnectere
2627 3009 2859 3079 dignum
2897 3010 3290 3079 judicavimus
3325 3031 3337 3064 :

1941 3096 2263 3167 (Fol.1'23’.)
2285 3119 2311 3146 α
2334 3098 2506 3153 Beate
2532 3099 2701 3153 Petre
2726 3097 2998 3168 princeps
3022 3098 3442 3168 apostolorum,
3460 3103 3516 3155 et

1866 3191 1951 3256 tu,
1988 3186 2157 3240 beate
2186 3186 2363 3242 Paule
2392 3186 2600 3242 doctor
2630 3187 2911 3255 gentium,
2944 3186 3282 3259 dignamini,
3310 3202 3513 3257 queso,

1866 3288 2039 3329 aures
2072 3268 2312 3330 vcstras’
2350 3275 2419 3330 ad
2473 3290 2559 3329 me
2612 3273 2911 3343 inclinare,
2944 3289 3150 3344 meque
3196 3274 3518 3331 clementer

1865 3364 2163 3419 exaudire.
2189 3364 2332 3429 Quia
2358 3363 2626 3418 veritatis
2650 3363 2798 3417 estis
2827 3362 3076 3433 apostoli
3110 3369 3168 3418 et
3201 3369 3514 3436 amatores,

1867 3450 2135 3521 adjuvate
2161 3455 2218 3507 ut
2246 3451 2548 3506 veritatem
2574 3450 2758 3506 dicam
2782 3451 2969 3519 vobis,
2987 3452 3140 3506 omni
3162 3456 3383 3507 remota
3412 3451 3514 3507 fal-

1868 3540 2063 3609 sitate,
2097 3555 2267 3610 quam
2307 3540 2541 3594 omnino
2589 3539 2995 3606 detestamini;
3027 3545 3089 3595 ut
3135 3540 3346 3595 fratres
3403 3539 3515 3596 mei

1868 3628 2004 3682 mihi
2038 3627 2246 3683 melius
2276 3628 2677 3698 adquiescant,
2721 3632 2783 3683 et
2830 3628 3021 3683 sciant
3052 3632 3111 3683 et
3164 3628 3515 3700 intelligant,

1868 3717 2005 3786 quia
2036 3732 2107 3771 ex
2140 3720 2332 3771 vestra
2367 3716 2580 3773 fiducia
2614 3722 2751 3787 post
2805 3718 2981 3772 Deum
3015 3721 3075 3771 et
3107 3720 3347 3772 matrem
3394 3718 3521 3787 ejus

1869 3820 2099 3874 semper
2128 3805 2419 3873 Virginem
2451 3805 2683 3860 Mariam
2720 3804 2915 3876 pravis
2945 3810 3004 3860 et
3035 3805 3250 3875 iniquis
3281 3806 3518 3876 resisto,

1868 3894 2084 3948 vestris
2108 3896 2298 3948 autem
2322 3892 2594 3948 fidelibus
2620 3892 2897 3949 auxilium
2924 3897 3160 3963 praesto.
3188 3894 3302 3947 Vos
3326 3897 3519 3949 autem

1868 3981 2053 4049 scitis,
2073 3981 2207 4050 quia
2232 3996 2341 4035 non
2368 3981 2619 4037 libenter
2638 3982 2707 4037 ad
2729 3996 2960 4038 sacrum
2985 3981 3247 4037 ordinem
3273 3982 3516 4052 accessi,

1866 4075 1923 4125 et
1960 4070 2177 4125 invitus
2208 4068 2360 4124 ultra
2391 4075 2620 4135 montes
2650 4085 2781 4126 cum
2807 4070 3038 4126 domino
3064 4084 3189 4125 meo
3209 4084 3359 4141 papa
3383 4070 3519 4127 Gre-

1866 4158 2033 4227 gorio
2067 4156 2200 4225 abii,
2224 4156 2325 4211 sed
2360 4157 2544 4224 magis
2575 4157 2791 4213 invitus
2812 4172 2941 4213 cum
2961 4157 3194 4213 domino
3222 4172 3349 4213 meo
3374 4171 3517 4230 papa

1870 4245 2051 4300 Leone
2075 4245 2145 4300 ad
2168 4248 2422 4300 vestram
2447 4244 2757 4314 specialem
2781 4245 3107 4301 aicclesiam
3134 4245 3301 4316 redii,
3328 4246 3383 4301 in
3404 4262 3515 4317 qua

1868 4338 2183 4402 utcumque
2204 4332 2370 4387 vobis
2394 4331 2700 4387 deservivi.
2719 4332 2934 4388 Deinde
2958 4332 3127 4388 valde
3150 4333 3369 4390 invitus
3387 4350 3518 4392 cum

1868 4421 2052 4478 multo
2083 4420 2285 4477 dolore
2315 4425 2375 4475 et
2404 4421 2627 4490 gemitu
2658 4425 2717 4475 et
2750 4420 2988 4491 planctu
3013 4420 3067 4475 in
3087 4422 3298 4477 throno
3318 4428 3520 4479 vestro

1868 4508 2036 4566 valde
2066 4508 2338 4579 indignus
2370 4524 2496 4564 sum
2528 4508 2878 4565 collocatus.
2903 4511 3020 4565 Hec
3048 4509 3178 4565 ideo
3201 4509 3353 4579 dico,
3382 4511 3518 4581 quia

125 4600 270 4667 runt,
303 4599 458 4658 aliud
489 4618 659 4673 quam
693 4605 846 4675 quod
878 4606 965 4661 eis
997 4604 1329 4677 impositum
1366 4604 1553 4659 fuerat
1587 4618 1758 4674 agen-
1787 4588 1838 4648 D
1869 4614 1980 4655 non
2010 4613 2118 4669 ego
2149 4613 2274 4667 vos,
2307 4597 2410 4653 sed
2442 4612 2548 4653 vos
2577 4596 2843 4667 elegistis
2876 4612 2985 4667 me,
3019 4602 3078 4653 et
3106 4598 3519 4667 gravissimum

126 4683 223 4751 tes,
257 4686 583 4747 Heinricum
615 4692 889 4749 videlicet
925 4694 981 4749 in
1011 4708 1251 4764 regnum
1286 4694 1668 4749 reformantes
1697 4697 1757 4747 et

125 4765 416 4834 Rodulfum
443 4794 815 4852 pervasorem
839 4788 896 4839 et
921 4782 1245 4840 invasorem
1266 4781 1452 4853 regni,
1469 4782 1541 4838 ab
1554 4780 1757 4837 aaccle-

1869 4687 2097 4759 pondus
2122 4686 2387 4743 ecclesia:
2418 4689 2631 4742 vestrae
2665 4700 2845 4757 super
2877 4701 2966 4742 me
2988 4685 3363 4758 posuistis;et
3383 4688 3519 4758 quia

1871 4791 2049 4847 super
2077 4781 2328 4832 montem
2360 4773 2655 4831 excelsum
2689 4789 2777 4829 me
2804 4774 3065 4844 jussistis
3097 4773 3435 4845 ascendere,
3460 4779 3520 4832 et

1469 4890 1705 4970 VARUS}
1746 4910 2145 4969 LECTIONES.

188 5016 367 5099 “‘“ifa
392 5040 440 5082 c.
471 5027 541 5061 ‘0‘
570 5032 746 5099 atque
780 5028 837 5084 in
871 5028 1155 5085 Saxonico
1195 5029 1431 5086 addant
1479 5031 1633 5087 Ann.
1693 5034 1850 5089 Sam.
1913 5027 1973 5083 et
2023 5025 2227 5099 Paul._
2256 5024 2568 5099 Diei-mica.
2613 5023 2681 5057 ⁶⁰⁶
2731 5023 3520 5099 omnibusqueprincipibus

125 5092 455 5166 cunctisque
486 5092 806 5170 majoribus
837 5105 899 5155 et
928 5100 1247 5158 minoribus
1272 5100 1369 5171 qui
1403 5115 1515 5157 non
1565 5105 1700 5158 sunt
1746 5096 2229 5157 excommunicati
2278 5094 2501 5153 habent
2529 5096 2678 5153 Ann.
2708 5097 2863 5153 Saz.
2899 5096 2959 5153 et
2985 5092 3174 5153 Paul.
3199 5092 3513 5154 chiried.

1698 5229 1921 5288 ΝΟΤΔΕ.

190 5315 500 5401 (!ZU)_Da_ta
526 5328 722 5386 Romae
753 5344 837 5401 vn
861 5329 941 5385 Id.
978 5330 1187 5401 Martii,
1221 5330 1339 5385 ind.
1389 5335 1441 5401 1,
1493 5330 1751 5401 Registr.

131 5392 290 5457 V,_15.
324 5394 535 5455 Paulus
565 5400 862 5457 Bernried.
897 5404 1018 5457 100.

132 5454 734 5574 alneinaianomé
754 5454 1015 5529 iam;
1045 5472 1254 5543 Martii,
1290 5471 1407 5528 ind.
1442 5478 1491 5529 1.
1523 5471 1666 5528 Vide
1700 5473 1753 5529 in

175 5538 394 5598 resono
432 5540 547 5597 VII.

160 5595 499 5685 ,ίξπῌὲχβξ
506 5595 575 5685 at
592 5616 714 5685 etia
723 5613 839 5685 pud
860 5612 1131 5671 annalist.
1161 5616 1291 5673 Sax.
1312 5617 1370 5673 et
1393 5614 1555 5675 Paul.
1583 5615 1761 5675 Bern-

130 5667 394 5734 ried.105
432 5667 1224 5764 (Patidlo’iiitfdiﬁ'iliij

1940 5328 2090 5401 (178)
2120 5327 2182 5382 In
2216 5325 2485 5401 Registro
2516 5324 3038 5401 desiderantur,_K.
3067 5325 3215 5401 Δῐζπῐιίςς
3242 5323 3525 5401 Gfregorii

1868 5396 2161 5470 epistolas
2181 5398 2358 5455 extra
2376 5397 2726 5468 Registrwm
2742 5397 3033 5470 vagantes
3055 5396 3444 5469 (Palrolog'ia
3472 5405 3516 5456 t.

1914 5468 2260 5613 ἦξξῖιύζιιθ
2286 5539 2498 5613 Αξὶοωω
2529 5537 2801 5596 Kalendis
2845 5538 3145 5611 Octobris,
3177 5536 3292 5597 ind.
3328 5542 3378 5612 3,
3412 5541 3521 5601 Re-

1865 5611 2038 5683 giStr.
2070 5627 2165 5684 vn,
2198 5616 2250 5670 3.
2284 5611 2346 5668 Ii.
