3894 6408
364 396 480 459 823

1324 390 1694 460 HUGONIS
1738 393 2094 457 ABBATIS
2136 386 2816 459 FLAVINIACENSIS

3665 392 3789 462 324

363 538 617 594 clamare
639 542 692 592 et
721 537 1077 610 annunciare
1094 536 1312 609 populo
1337 536 1434 591 Dei
1460 536 1682 591 scelera
1708 550 1932 604 eorum,
1958 539 2017 589 et
2047 534 2101 591 A
2135 537 2519 601 statueretur,
2549 538 2649 589 aut
2673 534 2764 589 cui
2783 534 3011 604 justitia
3050 536 3271 593 faveret
3303 537 3553 608 amplius
3573 552 3790 607 cogno-

367 626 500 684 liliis
514 626 781 682 ecclesiae
807 630 1045 697 peccata
1063 639 1282 694 eorum,
1304 625 1558 679 membra
1576 623 1793 679 diaboli
1813 628 2015 678 contra

366 729 452 770 me
502 719 806 785 cmperunt
859 715 1183 783 insurgere,
1236 718 1294 769 et
1336 727 1519 783 usque
1566 712 1638 767 ad
1685 711 2017 781 sanguinem

369 806 867 875 praesumpserunt
902 803 954 856 in
996 818 1083 857 me
1132 817 1334 857 manus
1385 801 1642 870 injicere.
1691 800 2022 855 Astiterunt

367 905 534 961 reges
566 894 737 947 terrae
769 893 826 945 et
862 889 1154 961 principes
1186 889 1483 945 scculares
1503 893 1558 944 et
1586 888 2015 944 :ecclesiastici.

361 979 535 1036 aulici
566 978 742 1033 etiam
780 983 840 1034 et
870 977 1144 1048 vulgares
1187 982 1585 1033 convenerunt
1622 977 1676 1031 in
1715 992 1888 1032 unum
1925 976 2024 1031 ad-

359 1082 566 1123 versus
594 1067 914 1137 Dominum,
947 1071 1006 1121 et
1039 1066 1323 1122 adversus
1354 1082 1458 1121 vos
1489 1065 1746 1121 chi-istos
1776 1066 1907 1135 ejus
1940 1065 2024 1120 di-

354 1163 559 1212 centes
593 1174 604 1209 :
636 1156 1075 1227 Disrumpamus
1110 1154 1339 1210 vincula
1372 1169 1596 1223 eorum,
1645 1159 1704 1208 et
1754 1154 2025 1225 projicia-

354 1261 482 1303 mus
510 1262 540 1303 a
576 1247 968 1316 nobisjugum
1012 1246 1290 1317 ipsorum.
1327 1268 1352 1295 n
1410 1248 1480 1300 Et
1535 1250 1599 1301 ut
1650 1260 1738 1300 me
1791 1246 2024 1301 omnino

359 1340 547 1391 morte
578 1334 668 1390 vel
699 1333 876 1390 exilio
904 1334 1346 1403 confunderent,
1384 1333 1588 1390 multis
1625 1335 1816 1389 modis
1848 1334 1902 1389 in
1936 1349 2023 1389 me

356 1424 549 1479 conati
580 1427 715 1479 sunt
748 1422 1072 1491 insurgere.
1115 1425 1274 1478 Inter
1305 1437 1451 1492 quos
1483 1423 1828 1494 Specialiter
1856 1424 2024 1478 Hein-

358 1513 518 1568 ricus
534 1528 703 1583 quem
721 1511 923 1568 dicunt
940 1526 1155 1582 regem,
1174 1512 1428 1568 Ileinrici
1450 1512 1826 1583 imperatoris
1846 1512 2018 1597 filius,

362 1603 568 1657 contra
601 1603 855 1655 vestram
889 1598 1224 1655 caleaneum
1255 1600 1442 1655 erexit
1473 1600 1822 1671 zecclesiam,
1859 1601 2019 1656 facta

358 1705 489 1746 cum
524 1687 726 1743 multis
756 1687 1052 1759 episcopis
1084 1687 1536 1743 ultramontanis
1561 1693 1620 1743 et
1645 1687 1866 1743 Italicis
1888 1705 2022 1744 con-

360 1777 704 1849 spiratione,
727 1775 999 1832 adnitens
1032 1791 1120 1830 me
1150 1775 1477 1845 dejiciendo
1510 1790 1635 1832 eam
1671 1777 1780 1832 sibi
1816 1777 2013 1847 subju-

361 1879 522 1935 gare.
541 1864 719 1934 Cujus
743 1863 1033 1935 superbire
1054 1869 1247 1919 vestra
1267 1864 1844 1929 restititauctoritas,
1867 1881 2023 1929 eum-
2050 1889 2105 1950 Β

359 1968 470 2025 que
494 1960 692 2011 vestra
719 1952 1011 2009 destruxit
1038 1956 1324 2023 potestas.
1344 1953 1744 2018 Quiconfusus
1761 1960 1817 2009 et
1834 1956 2023 2012 immi-

358 2042 555 2111 liatus,
584 2041 654 2096 ad
691 2056 780 2096 me
815 2041 871 2095 in
905 2040 1360 2110 Langobardiam
1381 2042 1560 2110 venit,
1585 2042 2016 2099 absolutionem

359 2133 432 2189 ab
461 2130 1066 2188 excommunicatioue
1115 2130 1383 2200 quesivit.
1421 2130 1601 2196 Quem
1652 2147 1761 2201 ego
1812 2132 2018 2189 videns

360 2219 750 2288 humiliatum,
786 2218 986 2275 multis
1016 2219 1087 2274 ab
1116 2232 1184 2273 eo
1216 2219 1707 2288 promissionibus
1755 2222 2019 2292 acceptis

359 2309 429 2364 de
462 2308 598 2365 vitae
632 2322 755 2363 suae
791 2296 1214 2371 melioratione,
1254 2307 1431 2363 solam
1465 2308 1515 2363 ei
1547 2310 2012 2365 communionem

360 2396 583 2453 reddidi
613 2415 627 2461 ;
661 2410 774 2452 non
811 2401 1000 2451 tamen
1032 2410 1160 2451 eum
1190 2395 1240 2450 in
1269 2410 1464 2464 regno,
1488 2412 1515 2451 a
1546 2412 1659 2467 quo
1684 2398 1737 2451 in
1767 2399 2013 2455 llomana

358 2486 579 2556 synodo
642 2485 1049 2556 deposuerant,
1098 2485 1470 2551 restauravi;
1520 2500 1620 2540 nec
1674 2485 2013 2541 ﬁdelitatem

358 2574 609 2630 omnium
644 2573 740 2644 qui
771 2572 822 2628 ei
848 2573 1196 2642 juraverunt
1220 2572 1582 2641 veljuraturi
1613 2580 1800 2643 erant,
1836 2590 1865 2629 a
1899 2590 2013 2645 quo

354 2677 552 2719 omnes
584 2662 639 2717 in
669 2662 871 2718 eadem
906 2660 1127 2731 synodo
1160 2660 1404 2731 absolvi,
1429 2666 1492 2717 ut
1526 2662 1637 2717 sibi
1671 2668 2014 2719 servaretur

361 2751 630 2823 prmcepi.
658 2752 723 2805 Et
753 2749 883 2805 ideo
912 2750 1020 2805 hee
1054 2749 1299 2819 detinui,
1328 2754 1389 2805 ut
1424 2750 1577 2804 inter
1606 2765 1735 2805 eum
1768 2758 1827 2806 et
1858 2752 2015 2821 prin-

354 2840 516 2910 cipes
540 2839 1027 2907 ultramontanos,
1047 2838 1143 2908 qui
1169 2837 1219 2891 ei
1240 2853 1417 2894 causa
1442 2844 1497 2893 et
1522 2840 1806 2908 jussionis
1829 2839 2013 2896 eccle-

355 2929 457 2985 size
490 2932 706 2984 vestrae
754 2926 1120 2995 restiterant,
1152 2925 1442 2994 justitiam
1497 2927 1748 2982 facerem
1798 2927 1884 2987 ‘07.
1922 2929 2013 2983 vel

361 3030 558 3089 pacem
591 3028 1021 3086 componerem,
1058 3014 1208 3069 sicut
1239 3020 1298 3068 et
1334 3014 1455 3084 ipse
1508 3015 1813 3073 Heinricus
1857 3015 2015 3085 jura-

360 3109 555 3160 mento
587 3117 691 3174 per
723 3100 870 3158 duos
901 3102 1213 3173 episcopos
1246 3102 1381 3156 mihi
1434 3103 1721 3173 promisit.
1757 3105 2013 3160 Predicti

359 3198 552 3250 autem
575 3191 839 3264 episcopi
855 3190 1227 3262 etprincipes
1251 3191 1690 3261 ultramontani,
1709 3193 2014 3251 audientes

361 3280 523 3337 illum
558 3295 670 3335 non
692 3293 931 3335 servare
955 3279 1105 3348 quod
1130 3279 1506 3349 promiserat,
1524 3280 1684 3349 quasi
1710 3279 2016 3351 deSperati

355 3370 425 3425 de
457 3384 547 3441 eo,
574 3369 741 3425 vobis
776 3367 1049 3437 testibus,
1076 3367 1385 3437 elegerunt
1420 3367 1533 3423 sibi
1568 3368 1879 3424 Rodulfum
1914 3369 2018 3427 du-

354 3474 477 3514 cem
512 3459 567 3513 in
598 3472 813 3527 regem.
847 3456 953 3522 Qui
990 3470 1089 3511 rex
1124 3456 1408 3513 Rodull‘us
1442 3456 1790 3512 festinanter
1823 3458 1895 3513 ad
1926 3474 2015 3514 me

354 3547 532 3603 misso
565 3546 798 3615 nuncio,
825 3544 1107 3600 indicavit
1137 3560 1198 3600 se
1228 3549 1497 3600 coactum
1532 3545 1694 3614 regni
1728 3548 2015 3615 guberna-

355 3635 487 3691 cula
522 3634 875 3705 suscepisse,
900 3637 1089 3689 tamen
1124 3649 1185 3688 se
1219 3637 1491 3704 paratum
1525 3633 1660 3687 mihi
1686 3634 1874 3690 modis
1899 3652 2015 3691 om-

355 3723 528 3780 nibus
559 3722 820 3779 obedire.
849 3722 916 3776 Et
942 3737 1012 3777 ex
1036 3735 1105 3777 eo
1132 3723 1397 3790 tempore
1422 3721 1685 3777 eumdem
1711 3722 1847 3776 mihi
1870 3739 2017 3780 sem-

358 3827 460 3883 per
492 3812 648 3867 misit
684 3825 1046 3876 sermonem;
1072 3809 1356 3879 adjiciens
1379 3811 1575 3881 etiam,
1607 3811 1722 3866 lilio
1747 3827 1851 3868 suo
1876 3813 2013 3870 dato

351 3899 557 3957 obside
573 3899 836 3955 etlidelis
851 3899 938 3954 sui
967 3898 1132 3956 ducis
1161 3897 1434 3969 Bertaldi,
1455 3899 1606 3969 quod
1628 3900 2013 3970 promittebat

351 3993 723 4047 sacramento
741 3989 991 4045 ﬁrmare.
1012 3989 1242 4044 Interea
1264 3987 1567 4043 Heinricus
1588 3989 1746 4059 cepit
1771 4005 1861 4046 me
1887 4006 2015 4062 pre-

350 4080 493 4150 cari,
523 4084 589 4136 ut
618 4077 782 4135 illum
811 4082 1013 4134 contra
1050 4077 1391 4149 praedictum
1424 4076 1740 4135 Rodulfum
1776 4079 2013 4149 adjuva-

352 4184 491 4224 rem.
513 4168 613 4225 Cui
632 4166 930 4239 respondi,
949 4182 1037 4223 me
1062 4167 1316 4223 libenter
1344 4167 1554 4238 facere,
1574 4168 1773 4223 audita
1798 4169 2014 4228 utrius.

356 4272 468 4329 que
500 4257 689 4328 partis
737 4256 986 4327 ratione,
1018 4261 1082 4312 ut
1132 4256 1342 4312 scirem
1389 4255 1481 4311 cui
1535 4254 1767 4325 justitia
1829 4257 2011 4328 magis

348 4347 591 4404 faveret.
620 4346 723 4402 Ille
756 4361 894 4404 vero
916 4351 1128 4418 putans
1151 4360 1280 4402 eum
1303 4346 1426 4402 suis
1451 4346 1675 4403 viribus
1707 4361 1881 4419 posse
1913 4348 2010 4404 de-

347 4435 605 4506 vincere,
624 4451 805 4492 meam
831 4435 1186 4506 contempsit
1210 4433 1665 4506 responsionem.
1687 4435 1829 4507 (F01.
1858 4436 2006 4508 124.)

347 4527 660 4597 Postquam
690 4529 884 4582 autem
918 4523 1215 4596 persensit
1245 4537 1308 4579 se
1344 4538 1458 4578 non
1489 4538 1665 4593 posse
1696 4523 1847 4579 sicut
1880 4539 2007 4596 spe-

2133 626 2400 676 sceretur
2427 620 2512 673 ‘0‘.
2546 623 2615 676 Et
2650 622 2781 692 quia
2815 624 3090 693 putabam
3126 626 3279 694 quod
3332 626 3603 694 injustior
3647 641 3789 696 pars

2134 709 2487 778 colloquium
2523 710 2702 765 nollet
2733 712 2855 765 fieri
2882 712 3229 780 ubijustitia
3257 713 3448 769 locum
3475 729 3642 770 suum
3662 730 3789 769 ser-

2134 804 2317 867 varet,
2354 799 2850 855 excommunicavi
2882 805 2937 855 et
2970 801 3338 858 anathemate
3380 803 3631 872 obligavi
3666 819 3788 858 om-

2136 900 2238 941 nes
2273 900 2555 957 personas
2590 888 2710 941 sive
2746 889 2922 954 regis.
2961 889 3084 944 sive
3117 890 3305 957 ducis,
3343 892 3464 946 sive
3496 892 3782 962 episcopi.

2135 979 2235 1029 aut
2266 975 2512 1044 alicujus
2543 976 2791 1030 hominis
2825 977 2921 1047 qui
2950 977 3303 1048 colloquium
3336 979 3530 1049 aliquo
3553 979 3789 1048 ingenio

2136 1062 2447 1132 impediret
2478 1079 2547 1118 ne
2575 1066 2759 1120 lieret.
2780 1065 3091 1122 Predictus
3110 1071 3301 1122 autem
3328 1068 3630 1123 Heinricus
3653 1082 3783 1123 cum

2137 1152 2255 1207 suis
2279 1153 2608 1208 fautoribus
2631 1168 2743 1208 non
2768 1154 2978 1209 timens
3002 1155 3322 1224 periculum
3350 1156 3783 1223 inobedientiaé,

2137 1240 2291 1310 quod
2320 1246 2407 1296 est
2443 1241 2638 1298 scelus
2670 1242 2976 1313 idolatrize,
3011 1244 3368 1314 colloquium
3418 1245 3786 1316 impediendo

2135 1331 2792 1387 exconnnunicationem
2828 1332 3094 1402 incurrit,
3130 1339 3185 1388 et
3223 1348 3284 1388 se
3327 1334 3515 1404 ipsum
3548 1335 3789 1389 anathe-

2136 1418 2307 1472 matis
2340 1418 2572 1474 vinculo
2603 1420 2922 1489 obligavit;
2945 1436 3326 1491 magnamque
3352 1422 3784 1477 multitudinem

2133 1504 2585 1561 Christianorum
2619 1508 2790 1563 morti
2822 1507 2992 1573 tradi,
3029 1514 3086 1563 et
3116 1509 3402 1565 ecclesias
3437 1510 3570 1565 fecit
3614 1508 3788 1564 dissi-

2136 1594 2280 1663 pari,
2317 1599 2373 1648 et
2406 1610 2552 1664 pene
2580 1600 2767 1651 totum
2800 1597 3323 1653 Thcuthonieorum
3359 1613 3593 1667 regnum
3619 1598 3786 1653 deso-

2137 1682 2339 1737 lationi
2371 1684 2550 1739 dedit.
2590 1684 2960 1757 QuaprOpter
3007 1686 3308 1743 conlidens
3359 1687 3429 1741 de
3471 1686 3691 1756 judicio
3724 1694 3780 1741 et

2139 1772 2539 1827 misericordia
2575 1774 2691 1835 Dei,
2728 1775 2974 1844 ejusque
3010 1774 3282 1845 piissimzc
3316 1776 3517 1831 matris
3554 1789 3783 1846 semper

2137 1860 2390 1929 Virginis
2412 1862 2622 1931 Marias,
2640 1864 2833 1918 vestra
2861 1863 3043 1919 fultus
3065 1865 3419 1920 auctoritate
3444 1879 3581 1935 sepe
3606 1864 3785 1919 nomi-

2138 1953 2334 2005 natum
2370 1950 2723 2021 Heinricum,
2762 1966 2930 2021 quem
2974 1952 3173 2008 dicunt
3224 1968 3438 2024 regem,
3469 1967 3781 2023 omnesque

2138 2040 2396 2094 fautores
2418 2038 2564 2107 ejus,
2592 2041 3174 2097 excommunicationi
3200 2041 3465 2110 subjicio,
3490 2046 3549 2097 et
3574 2042 3777 2098 iterum

2134 2141 2375 2195 regnum
2405 2128 2932 2186 Tlicuthonicorum
2955 2135 3015 2185 et
3044 2131 3228 2185 Italiae
3258 2147 3329 2185 ex
3359 2132 3780 2201 omnipotentis

2135 2216 2230 2270 Dei
2263 2221 2428 2286 parte
2451 2222 2510 2272 et
2535 2221 2729 2273 vestra
2765 2218 3123 2274 interdicens
3155 2220 3228 2287 ei,
3265 2235 3492 2275 omnem
3530 2225 3782 2291 potesta-

2131 2310 2244 2359 tcm
2271 2311 2330 2360 et
2353 2305 2695 2375 dignitatem
2721 2322 2936 2376 regiam
2963 2308 3044 2362 illi
3073 2308 3232 2378 tollo,
3251 2314 3305 2364 et
3334 2315 3393 2364 ut
3418 2308 3611 2364 nullus
3634 2308 3782 2363 chri-

2129 2393 2357 2449 stianus
2388 2395 2439 2450 ei
2475 2396 2628 2451 sicut
2665 2396 2786 2465 regi
2819 2397 3057 2451 obediat
3089 2398 3375 2453 interdico
3398 2397 3483 2452 ⁴⁰⁹.
3530 2399 3655 2468 Ipse
3685 2412 3783 2453 au-

2130 2487 2243 2536 tem
2279 2482 2584 2539 Heinricus
2607 2499 2736 2538 cum
2767 2485 2886 2540 suis
2912 2486 3239 2542 fautoribus
3263 2486 3316 2542 in
3338 2486 3489 2542 omni
3515 2501 3783 2555 congres-

2128 2570 2289 2625 sione
2316 2570 2453 2625 belli
2478 2571 2670 2627 nullas
2691 2574 2869 2637 vires,
2898 2573 3232 2645 nullamque
3259 2576 3313 2629 in
3339 2575 3455 2631 vita
3481 2589 3579 2630 sua
3606 2576 3785 2629 victo-

2130 2659 2271 2713 riam
2307 2661 2598 2731 optineat.
2640 2664 2710 2717 [τι
2742 2668 2937 2718 autem
2986 2663 3272 2719 Rodulfus
3320 2678 3559 2734 regnum
3606 2664 3786 2718 Theu-

2127 2748 2496 2803 thonicorum
2531 2756 2697 2818 regat
2755 2756 2814 2805 et
2861 2750 3155 2821 defendat,
3191 2766 3358 2821 quem
3409 2751 3782 2810 Theuthonici

2126 2834 2427 2905 elegerunt
2461 2836 2568 2892 sibi
2598 2838 2652 2892 in
2689 2853 2905 2907 regem,
2946 2839 3015 2895 ad
3050 2845 3303 2895 vestram
3336 2840 3678 2897 fidelitatem
3706 2854 3779 2895 ex

2128 2929 2294 2995 parte
2326 2931 2522 2980 vestra
2555 2926 2726 2995 dono,
2762 2926 2983 2996 largior
3003 2934 3061 2983 et
3086 2929 3365 2999 concedo,
3397 2929 3785 2998 omnibusque

2128 3013 2235 3069 sibi
2271 3014 2525 3069 fideliter
2576 3015 2996 3073 adherentibus
3043 3017 3476 3073 absolutionem
3528 3017 3783 3074 omnium

2127 3108 2504 3174 peccatorum
2531 3109 2905 3175 vestramque
2939 3106 3402 3163 benedictionem
3437 3106 3491 3161 in
3520 3107 3626 3162 hac
3659 3106 3782 3161 vita

2127 3197 2186 3247 et
2202 3193 2255 3246 in
2273 3194 2486 3261 futura,
2506 3197 2701 3248 vestra
2727 3193 2912 3250 fretus
2933 3194 3166 3264 llducia,
3186 3194 3426 3264 largior.
3448 3194 3608 3251 Sicut
3632 3194 3784 3248 enim

2128 3282 2431 3337 Heinricus
2466 3296 2569 3352 pro
2600 3296 2703 3337 sua
2736 3283 3010 3353 superbia
3042 3289 3101 3338 et
3131 3283 3523 3340 inobedientia
3548 3290 3608 3339 et
3631 3283 3788 3338 falsi-

2128 3374 2248 3426 tate
2265 3386 2293 3425 a
2312 3370 2472 3439 regni
2505 3369 2792 3439 dignitate
2810 3375 2969 3440 juste
2994 3372 3290 3447 abjicitur,
3310 3373 3388 3427 ita
3413 3371 3788 3428 Rodulfus‘“

2128 3476 2231 3531 pro
2265 3475 2368 3515 sua
2401 3459 2754 3529 humilitate,
2784 3460 3115 3516 obedientia
3139 3466 3199 3517 et
3221 3461 3494 3531 veritate,
3519 3466 3782 3532 potestas

2125 3553 2182 3605 et
2208 3549 2461 3618 dignitas
2478 3549 2641 3618 regni
2659 3548 3021 3605 conceditur.
3071 3549 3240 3619 Agite
3263 3565 3435 3620 nunc,
3460 3564 3659 3620 queso,
3683 3564 3783 3621 pa-

2127 3642 2248 3693 tres
2300 3641 2358 3692 et
2405 3638 2702 3707 principes
2750 3637 3128 3708 sanctissimi,
3183 3642 3247 3694 ut
3293 3639 3481 3695 omnis
3528 3639 3781 3695 mundus

2127 3724 2418 3795 intelligat
2448 3730 2506 3780 et
2536 3731 2873 3795 cognoscat,
2912 3728 3046 3797 quia
3078 3728 3127 3782 si
3163 3728 3413 3798 potestis
3444 3728 3499 3782 in
3534 3727 3682 3783 caelo
3713 3726 3783 3781 li-

2124 3827 2263 3882 gare
2291 3818 2352 3867 et
2383 3812 2636 3881 solvere,
2666 3813 2918 3883 potestis
2965 3813 3021 3867 in
3067 3819 3223 3869 terra
3279 3828 3473 3885 regna,
3510 3813 3775 3885 imperia,

2127 3901 2514 3973 principatus,
2550 3901 2819 3971 ducatus,
2856 3903 3164 3973 marchias,
3199 3904 3532 3974 comitatus,
3565 3907 3625 3957 et
3656 3916 3778 3957 om-

2126 3990 2285 4046 nium
2318 3990 2610 4046 hominum
2644 3991 3052 4060 possessiones
3085 4006 3191 4063 pro
3223 3990 3448 4047 meritis
3479 3989 3687 4047 tollere
3713 3996 3778 4046 et

2127 4078 2473 4135 concedere.
2525 4080 2639 4134 Vos
2697 4078 3154 4149 patriarchatus,
3179 4143 3182 4146 ,
3212 4080 3770 4152 archiepiscopatus,

2126 4168 2432 4240 primatus,
2456 4168 2834 4240 episcopatus
2856 4170 3194 4239 frequenter
3218 4168 3440 4225 tulistis
3488 4169 3682 4240 pravis
3710 4173 3771 4223 et

2126 4257 2396 4327 indignis,
2429 4261 2489 4311 et
2520 4256 2812 4326 religiosis
2858 4256 3001 4312 viris
3036 4257 3304 4314 dedistis.
3340 4257 3397 4312 Si
3426 4257 3576 4313 enim
3605 4257 3773 4328 spiri-

2127 4345 2307 4401 tualia
2328 4344 2628 4415 judicatis,
2657 4345 2795 4415 quid
2820 4345 2890 4401 de
2916 4345 3285 4403 secularibus
3315 4346 3564 4417 potestis
3584 4347 3607 4400 ?
3626 4347 3693 4402 Et
3718 4346 3767 4401 si

2122 4433 2361 4502 angelos
2404 4433 2772 4489 dominantes
2801 4435 3070 4491 omnibus
3089 4435 3361 4506 superbis
3384 4434 3763 4506 principibus,

2122 4521 2259 4593 quid
2290 4521 2361 4576 de
2392 4521 2623 4578 illorum
2657 4522 2846 4579 servis
2874 4523 3065 4579 facere
3114 4523 3418 4595 potestis?
3449 4522 3765 4580 Addiscant

347 4614 498 4678 ravit
547 4627 743 4684 agere,
798 4612 914 4669 duo
964 4610 1229 4683 episcopi
1276 4627 1347 4667 ex
1395 4612 1810 4668 consentaneis
1860 4613 2000 4683 suis,
2034 4605 2088 4667 D
2120 4625 2271 4668 nunc
2303 4624 2473 4680 reges
2506 4614 2680 4667 terra:
2710 4615 2768 4667 et
2800 4625 3000 4668 omnes
3023 4612 3204 4668 seculi
3231 4612 3544 4684 principes,
3566 4611 3766 4681 quanti

346 4702 731 4760 Virdunensis
759 4700 985 4758 scilicet
1013 4700 1389 4771 Teodericus,
1424 4705 1481 4755 et
1516 4700 1999 4771 Obseburgensis,

347 4793 582 4849 Romam
604 4794 913 4860 venerunt,
933 4794 991 4845 et
1016 4789 1072 4844 in
1099 4788 1324 4860 synodo
1350 4804 1421 4845 ex
1443 4792 1611 4859 parte
1636 4787 1886 4845 Heinriei
1913 4804 2003 4846 me

346 4886 412 4938 ut
442 4881 494 4938 ei
521 4880 814 4950 justitiam
848 4879 1093 4935 facerem
1127 4880 1501 4948 rogaverunt,
1539 4878 1693 4947 quod
1719 4882 1777 4933 et
1804 4879 1998 4936 nuncii

346 4968 577 5027 Rodulﬁ
614 4968 740 5024 fieri
771 4966 1179 5024 laudaverunt.
1214 4964 1482 5022 Tamdem
1532 4965 1828 5036 aspirante
1859 4967 1995 5038 Deo,

345 5060 500 5117 sicut
530 5056 733 5133 credo,
764 5056 948 5114 statui
1000 5056 1057 5113 in
1104 5054 1305 5112 eadem
1352 5053 1593 5126 synodo,
1628 5053 1686 5109 in
1732 5055 1998 5126 partibus

349 5146 803 5206 ultramontanis
860 5145 983 5202 fieri
1042 5142 1420 5214 colloquium,
1456 5146 1518 5199 ut
1575 5141 1695 5199 illic
1744 5147 1842 5199 aut
1888 5157 1998 5216 pax

2117 4715 2223 4756 vos
2249 4700 2416 4769 estis,
2453 4699 2591 4769 quid
2625 4700 2899 4771 potestis,
2934 4712 2994 4755 et
3045 4701 3288 4757 timeant
3340 4699 3765 4772 parvipendere

2109 4788 2432 4861 jussiopem
2463 4787 2731 4845 ecclesias
2760 4795 2994 4859 vestrae,
3020 4792 3077 4844 et
3112 4789 3168 4845 in
3196 4789 3476 4861 praedicto
3497 4788 3766 4844 Heinrico

2115 4803 2257 4857 jllSSl
2341 4802 2372 4843 e

2115 4881 2232 4933 tam

2115 4965 2246 5037 quia
2272 4981 2385 5022 non
2410 4965 2677 5036 fortuitu,
2695 4965 2798 5022 sed
2815 4971 3009 5021 vestra
3036 4971 3331 5038 potestate
3355 4965 3524 5022 cadet
3549 4970 3606 5020 et
3627 4979 3764 5021 con-

2115 5054 2413 5126 fundetur,
2436 5053 2654 5111 utinam
2679 5055 2751 5111 ad
2776 5054 3191 5125 penitentiam!
3219 5057 3281 5111 ut
3302 5054 3544 5127 spiritus
3566 5051 3763 5112 salvus

2114 5143 2192 5200 sit
2225 5143 2281 5199 in
2311 5142 2406 5199 die
2436 5142 2677 5200 Domini.
2711 5144 2854 5198 Data
2884 5143 3080 5199 Romae
3110 5142 3251 5200 Non.
3288 5141 3495 5200 Martii.
3528 5165 3553 5191 υ

2384 4876 2669 4948 judicium
2683 4880 2941 4934 vestrum
2955 4882 3243 4949 exercete,
3263 4883 3326 4934 ut
3340 4891 3539 4935 omnes
3553 4877 3763 4945 sciant,

1710 5274 1947 5330 VARLE
1987 5273 2387 5331 LECTIONES.

414 5403 484 5439 “’7
514 5404 706 5461 facere
734 5417 782 5461 ο.
816 5402 888 5438 ⁴⁰⁸
918 5404 1039 5471 Ego
1069 5399 1242 5467 enim,
1274 5400 1428 5456 sicut
1457 5414 1559 5471 vos
1589 5399 1728 5455 mihi
1759 5403 1942 5457 testes
1970 5400 2138 5469 estis,

2174 5405 2385 5482 patres.
2429 5404 2489 5455 et
2535 5400 2775 5482 domini,
2810 5401 3210 5482 usquenbodie
3262 5400 3481 5482 nullam
3511 5404 3759 5482 partem

350 5445 1221 5552 ᾳίεροέὶῖἰέἆλῖίνειτρῖίέίξὲέῶ
1228 5445 1357 5552 ictui
1367 5445 1432 5541 ἷιῖ
1439 5445 1560 5552 ξζῖιῖ
1571 5445 2138 5552 έςξέξςὶἓῖξᾷᾅᾷἔξᾴἷ
2161 5445 2242 5527 ἱῖ
2253 5445 2420 5529 Ἆὲῑίε
2431 5445 2690 5552 ὧπὲξὶὲξ
2697 5445 2915 5552 ξῦαᾶἓῖ
2923 5445 3210 5552 lissi}:
3229 5445 3297 5530 εἴ
3309 5445 3481 5552 ἒξ)Ξᾶῗᾶ
3496 5445 3759 5552 iam

343 5542 840 5606 Beanedmm
865 5549 1001 5611 107;
1031 5542 1249 5601 damt
1270 5544 1338 5601 in
1366 5542 1561 5615 codice
1594 5542 1869 5615 Udalrtoi
1891 5547 2017 5615 150.
2042 5542 2111 5575 ‘0’
2142 5556 2459 5613 omnesque
2488 5544 2591 5615 qui
2623 5543 2673 5599 ei
2701 5542 3049 5613 iuraverunt
3075 5550 3177 5615 aut
3188 5542 3469 5615 iurabant
3491 5544 3566 5600 de
3597 5543 3756 5615 regni

348 5617 760 5689 dominatione,
794 5632 826 5674 a
851 5615 1165 5688 juramenti
1198 5613 1584 5687 promissione
1616 5614 1875 5672 absolvo.
1910 5614 2057 5673 Acta
2088 5625 2243 5671 om.
2277 5626 2334 5670 ιι.
2369 5614 2509 5670 1080
2546 5620 2603 5673 at
2641 5615 2820 5673 Paul.
2881 5613 3205 5676 Berrm'dd.
3260 5616 3321 5673 et
3364 5616 3484 5675 eod.
3547 5613 3754 5678 σᾰαῖν.

345 5691 381 5755 ι.
423 5692 459 5751 ι.
493 5690 563 5725 ⁴¹⁰
590 5691 686 5751 ita
722 5702 791 5749 c..
