3894 6444
137 438 249 505 825

1370 432 1869 507 CHRONICON.
1906 479 1981 489 -—
2010 441 2171 507 LIB.
2205 444 2278 509 II.

3417 444 3535 513 326

205 573 343 645 (Fol.
374 572 536 643 124’.)
561 574 798 628 Prcerat
828 578 964 628 tunc
986 574 1267 644 temporis
1285 573 1457 645 (179')
1471 574 1743 631 Medioma

2005 596 2233 664 giosum
2268 597 2474 663 virum,
2510 599 2580 654 dc
2608 600 2777 670 cujus
2808 599 2919 655 fide
2950 605 3007 654 et
3058 602 3535 670 magnanimitate

138 664 341 717 tricnm
375 661 504 717 urbi
538 660 626 716 vir
654 662 948 731 egregius,
974 664 1031 716 et
1058 661 1209 717 inter
1231 662 1561 733 praecipuos
1579 664 1779 720 catho-

136 752 257 806 lie:e
283 750 412 805 fidei
439 754 909 820 propugnatores
937 764 1201 817 magnum
1219 751 1535 821 patientiae,
1553 752 1786 821 religio-

138 836 1261 908 nisetjustitizedocumentum,doumus
1278 838 1787 910 Herimannusepi-

143 942 376 997 scopus,
414 925 754 982 Leodiensis
787 925 1070 980 {ecclesiae
1104 925 1280 996 filius,
1336 927 1444 997 piae
1492 927 1787 983 memoriae

142 1014 527 1070 Adalberonis
546 1013 806 1085 episcopi
832 1014 1134 1069 Mettensis
1148 1029 1457 1071 successor
1471 1031 1501 1071 a
1516 1018 1631 1071 Deo
1644 1031 1789 1086 prae-

142 1102 472 1158 destinatus
505 1106 563 1157 et
593 1101 879 1166 donatus;
913 1102 1009 1171 qui
1053 1101 1108 1156 in
1156 1103 1418 1173 primevo
1464 1099 1791 1173 juven'tutis

146 1191 305 1259 ﬂore,
327 1190 692 1260 temporibus
710 1190 969 1246 Annonis
991 1191 1345 1247 venerabilis
1361 1192 1792 1248 Coloniensium

142 1278 593 1350 archiepiscopi,
630 1277 846 1334 tutoris
878 1283 935 1334 et
966 1279 1560 1350 moderatorisregni,
1592 1280 1795 1351 palatii

142 1367 528 1437 frequentiam
561 1371 832 1437 nanctus,
858 1368 1018 1437 regis
1043 1368 1205 1423 illius
1228 1383 1376 1438 pene
1402 1369 1676 1424 universa
1698 1384 1797 1424 no-

140 1461 339 1523 verat;
377 1456 433 1510 in
463 1460 692 1511 tantum
714 1461 775 1512 ut
798 1456 975 1511 etiam
994 1462 1126 1511 ante
1144 1463 1480 1528 perceptam
1495 1458 1798 1529 episcopa-

143 1549 236 1599 tus
265 1544 517 1613 gratiam
545 1559 649 1615 pro
679 1544 806 1613 ejus
839 1543 1149 1600 insolentia
1184 1559 1213 1600 a
1249 1545 1426 1602 curia;
1461 1560 1523 1600 se
1548 1545 1798 1617 plerum-

142 1647 250 1702 que
280 1632 788 1688 administratione
824 1632 1223 1703 subtraheret,
1250 1638 1309 1689 et
1338 1635 1521 1704 magis
1546 1634 1797 1704 eligeret

143 1724 521 1791 contemptus
537 1734 669 1775 esse
689 1719 1099 1775 mediocritate
1112 1735 1236 1790 sua,
1265 1735 1434 1790 quam
1451 1735 1521 1775 ex
1539 1720 1799 1790 inquina-

140 1806 298 1863 tione
322 1808 632 1863 societatis
657 1807 1033 1863 factiosorum
1059 1823 1300 1879 sperare
1324 1809 1543 1878 majora
1579 1827 1590 1865 :
1619 1808 1798 1863 maxi-

1893 683 2234 752 conﬁderet,
2258 686 2608 742 absolveret.
2634 690 2705 742 At
2730 686 2826 741 ille
2850 687 3032 743 vicem
3056 687 3408 747 obedientiae
3434 691 3536 747 im-

1896 786 2116 842 ponens
2147 774 2343 828 abbati
2378 775 2741 831 Divionensis
2762 776 3032 845 coenobii,
3059 776 3277 833 Mettim
3298 792 3427 835 eum
3455 780 3539 836 di-

1899 860 2069 929 rexit,
2108 875 2137 916 a
2168 876 2282 931 quo
2316 864 2624 920 absolutus
2655 869 2741 920 cst
2777 864 2901 935 ipsa
2933 864 3129 933 vigilia
3178 867 3391 923 natalis
3433 869 3539 923 Do-

1899 963 2057 1005 mlnl.

1975 1038 2113 1109 (Fol.
2142 1042 2289 1111 l25.)
2310 1042 2446 1098 Cum
2470 1055 2610 1111 ergo
2636 1042 2774 1098 totis
2799 1042 3068 1099 medullis
3090 1043 3543 1101 cordisadhere-

1902 1130 1993 1181 ret
2024 1131 2335 1200 prmceptis
2365 1130 2724 1201 apostolicis,
2755 1136 2812 1187 et
2843 1146 2874 1186 e
2907 1132 3203 1188 contrario
3248 1132 3437 1189 omnia
3486 1134 3539 1189 ei

1905 1213 2220 1271 intentaret
2251 1219 2493 1275 adversa
2526 1219 2849 1288 indignatio
2883 1220 3061 1290 regia,
3088 1224 3145 1277 et
3189 1220 3365 1277 fallax
3404 1222 3543 1278 adu-

1905 1302 2147 1361 lantium
2180 1307 2231 1361 ei
2264 1307 2481 1378 lingua,
2512 1308 2992 1378 conquerentium
3015 1324 3126 1364 non
3153 1324 3323 1380 posse
3345 1315 3546 1366 aucto-

1906 1390 2140 1448 ritatem
2171 1402 2386 1451 sanetae
2418 1398 2689 1453 Romanae
2711 1396 2995 1453 aecclcsiae
3015 1412 3209 1467 regem
3233 1398 3546 1470 imperato-

1908 1480 1989 1536 ris
2017 1481 2197 1538 filium
2232 1497 2262 1538 a
2301 1486 2418 1540 Deo
2464 1485 2714 1542 electum
2762 1490 2822 1541 et
2870 1487 3231 1556 honoratum,
3285 1493 3545 1544 sanctam

1910 1569 2062 1625 illam
2095 1572 2271 1641 regiae
2305 1574 2627 1644 majestatis
2657 1575 3001 1643 dignitatem
3050 1590 3080 1630 a
3128 1574 3343 1632 seculis
3371 1576 3547 1634 hono-

1908 1665 2093 1715 ratam
2125 1661 2439 1733 deponere,
2471 1668 2526 1719 et
2560 1679 2589 1718 a
2622 1664 2845 1731 gremio
2894 1665 3098 1721 matris
3142 1664 3409 1721 ecclesia:
3458 1681 3548 1722 se-

1905 1762 2173 1819 gregare,
2208 1755 2267 1805 et
2297 1766 2573 1807 concessa
2610 1753 2840 1824 privare
2886 1758 3203 1824 potestate,
3258 1770 3388 1810 cum
3436 1769 3545 1811 non

1908 1843 2066 1893 esset
2096 1843 2363 1909 potestas
2393 1840 2499 1896 nisi
2534 1857 2562 1896 a
2599 1842 2732 1911 Deo,
2769 1856 2896 1911 quae
2927 1847 3120 1899 autem
3152 1848 3287 1899 sunt
3330 1857 3360 1898 a
3408 1844 3543 1912 Deo,

140 1896 668 2001 φεῖ.
688 1897 993 2001 pia}?an
1027 1898 1364 2001 ’θῩθνθῗάέυ
1398 1912 1798 2001 ΜΟῬΟΜΕΪΫ
1822 1925 1880 1987 Β
1908 1896 2173 1982 ordinata
2192 1932 2328 1983 sunt
2346 1948 2357 1982 :
2375 1934 2434 1983 et
2450 1928 2546 1983 ille
2562 1945 2588 1983 a
2606 1896 3083 2001 sedea'postolica
3098 1935 3304 1988 contra
3326 1896 3547 1987 rabiem

140 1998 264 2039 rum
297 1985 602 2040 Annonem
637 1984 838 2040 dolere
873 1990 934 2039 et
963 1999 1198 2055 gemere
1248 1986 1540 2056 frequenti
1583 1985 1797 2041 contri-

136 2072 313 2141 tione,
348 2071 680 2129 desolatum
711 2075 820 2129 sub
866 2073 971 2129 tali
1020 2074 1286 2146 principe
1336 2079 1555 2131 statum
1606 2073 1797 2146 regni,

139 2161 510 2217 incurvatum
537 2161 1246 2234 jusimperii,contritum
1262 2178 1443 2221 cornu
1460 2162 1723 2232 dominii,
1742 2163 1795 2218 in

137 2266 251 2320 quo
263 2255 429 2306 esset
444 2250 571 2306 sola
587 2266 723 2322 spes
740 2251 1092 2321 dejectionis
1114 2252 1580 2323 zecclesiasticm,
1597 2256 1657 2308 et
1670 2267 1801 2323 per-

137 2339 405 2394 turbatio
420 2340 585 2411 paeis
599 2340 928 2410 catholicae,
952 2341 1219 2398 confusio
1233 2348 1293 2397 et
1317 2341 1546 2412 horror,
1571 2341 1801 2397 vanitas

138 2430 200 2479 et
223 2427 533 2497 contritio,
560 2431 619 2484 et
638 2428 828 2484 omnia
854 2430 1240 2499 pessumdans
1260 2429 1531 2500 superba,
1548 2428 1796 2497 lubrica,

139 2526 308 2583 vana,
343 2513 691 2571 inconstans
721 2518 896 2584 atque
930 2514 1220 2571 immunda
1261 2515 1640 2586 prrsumptio.
1691 2513 1799 2569 Ubi

139 2614 280 2655 vero
305 2601 697 2673 episcopatus
721 2602 969 2659 cilicium
992 2603 1244 2674 adeptus
1257 2610 1369 2674 est,
1387 2604 1533 2659 satis
1548 2602 1799 2674 penituit

142 2688 212 2743 de
230 2703 407 2746 manu
426 2691 586 2761 regis
603 2691 765 2747 illius
780 2690 1189 2748 investituram
1208 2692 1583 2763 pontificatus
1595 2706 1656 2746 se
1680 2705 1805 2747 sus-

142 2776 396 2849 cepisse,
437 2778 586 2835 adeo
623 2784 683 2835 ut
715 2780 891 2835 etiam
925 2780 1256 2851 impositam
1289 2780 1654 2851 praelationis
1687 2794 1808 2835 sar-

149 2864 343 2920 cinam
371 2866 567 2922 libens
589 2868 880 2937 rejecerit,
906 2868 1110 2925 volens
1132 2868 1491 2941 deposuerit,
1513 2872 1637 2924 toto
1660 2868 1807 2924 seab

147 2968 215 3010 ea
237 2955 373 3012 nisu
398 2957 796 3027 excusaverit,
819 2956 865 3012 si
893 2972 1196 3014 assensum
1218 2957 1599 3029 praestitisset
1617 2960 1811 3013 aucto-

148 3044 294 3100 ritas
326 3045 574 3101 Romani
608 3046 922 3116 pontificis,
957 3046 1108 3118 apud
1134 3061 1298 3117 quem
1331 3062 1440 3118 pro
1461 3046 1807 3103 excessibus

150 3132 296 3200 suis,
325 3132 385 3188 id
409 3138 506 3188 cst
530 3134 761 3190 incaute
778 3140 1057 3206 usurpata
1073 3136 1273 3195 eadem
1292 3135 1662 3206 investitura,
1679 3149 1806 3205 qua:

144 3228 234 3277 est
278 3227 500 3278 contra
543 3222 812 3279 instituta
858 3223 1159 3293 canonica,
1204 3223 1434 3295 culpam
1482 3223 1649 3280 fateri
1695 3238 1805 3278 non

141 3312 419 3383 erubuit,
459 3311 719 3381 satisque
751 3311 905 3367 cavit
937 3312 992 3366 in
1022 3317 1320 3382 posterum
1350 3328 1378 3368 a
1402 3311 1810 3369 communione

144 3399 277 3468 ejus
304 3406 365 3456 et
396 3401 694 3462 fautorum
719 3399 864 3470 ejus,
900 3406 1140 3471 propter
1161 3401 1315 3471 quod
1338 3407 1396 3456 et
1420 3405 1583 3456 tanta
1602 3414 1810 3471 passus

147 3494 260 3559 est,
290 3494 356 3545 ut
383 3492 443 3544 et
467 3488 654 3544 deillo
672 3488 891 3544 dictum
917 3490 1103 3560 possit
1127 3489 1313 3546 videri
1342 3492 1497 3561 :Ego
1513 3489 1818 3547 ostendam

146 3575 251 3634 illi
282 3577 530 3648 quanta
557 3577 825 3647 oporteat
838 3590 969 3633 eum
978 3590 1091 3649 pro
1109 3579 1344 3635 nomine
1361 3592 1485 3634 meo
1500 3579 1641 3651 pati
1666 3577 1812 3642 (Act.

151 3680 227 3734 ιχ,
266 3665 381 3735 16).
422 3664 483 3718 in
520 3663 705 3734 primo
737 3678 878 3719 sane
908 3679 1228 3733 congressu
1276 3680 1484 3736 passus
1527 3670 1617 3721 est
1666 3666 1817 3735 quod

154 3753 263 3808 fuit
299 3751 583 3823 hominis,
619 3757 683 3808 ut
705 3751 1093 3824 disecretjam
1118 3754 1174 3808 in
1199 3754 1479 3824 secundo,
1507 3754 1604 3824 qui
1627 3754 1677 3809 ei
1713 3754 1821 3810 fuit

147 3840 313 3910 jugis
344 3844 408 3896 et
444 3845 789 3912 perpetuus,
823 3841 892 3896 de
922 3843 1040 3897 Deo
1074 3857 1435 3911 praesumere.
1462 3857 1575 3899 non
1616 3843 1687 3898 de
1736 3856 1817 3897 se.

157 3929 389 4001 Lapsus
424 3933 521 3986 est
549 3928 701 3983 enim
736 3934 800 3985 ut
831 3930 1020 4001 homo,
1057 3930 1338 3987 titubavit
1369 3935 1430 3987 ut
1460 3932 1653 4000 homo,
1688 3931 1824 4001 quia

157 4026 552 4098 praesumpsit
583 4032 642 4082 ut
674 4026 864 4083 homo.
902 4027 1011 4082 Sed
1036 4030 1377 4085 evacuatum
1398 4028 1619 4098 estjam
1644 4028 1699 4083 in
1722 4027 1824 4083 illo

157 4115 517 4172 scandalum
548 4115 872 4185 obprobrii,
909 4115 1041 4186 quia
1063 4116 1119 4170 in
1145 4116 1404 4172 bonitate
1429 4117 1562 4173 vitm
1586 4131 1707 4173 suae
1731 4117 1827 4172 ab-

161 4205 395 4262 scisum
429 4207 528 4260 est
558 4204 713 4274 quod
744 4206 1202 4261 conturbaverat
1236 4204 1396 4261 illum
1422 4222 1436 4269 ;
1460 4208 1516 4261 et
1538 4220 1641 4277 per
1665 4205 1826 4262 illum

159 4294 355 4350 bonos
388 4306 622 4359 omnes,
652 4298 713 4348 et
737 4293 1102 4349 obscuritate
1128 4298 1469 4349 rarescente
1491 4293 1709 4350 reluxit
1732 4308 1829 4351 au-

161 4398 318 4453 rum,
359 4381 615 4438 invaluit
646 4382 812 4438 color
839 4381 1114 4454 Optimus,
1150 4382 1515 4454 resplenduit
1550 4383 1605 4437 iu
1635 4382 1830 4439 diade-

163 4476 323 4529 mate
358 4469 525 4539 regis
552 4471 740 4526 eterni
775 4470 924 4542 lapis
955 4470 1294 4527 sanctuarii.
1328 4472 1430 4527 llic
1456 4470 1636 4541 igitur
1669 4471 1725 4525 in
1748 4470 1830 4542 ip-

162 4576 229 4616 so
262 4559 470 4632 primo
504 4572 611 4614 suo
644 4558 934 4629 ingressu,
986 4558 1323 4629 apostolica:
1373 4559 1654 4616 doctrinae
1700 4573 1833 4616 exe-

1907 2014 2327 2073 oblatrantium
2359 2019 2681 2074 curationis
2729 2025 3036 2091 expeteret
3082 2021 3431 2089 antidotum,
3487 2026 3545 2077 ut

1908 2116 2045 2172 erga
2060 2118 2260 2160 eorum
2278 2104 2531 2176 impetus
2554 2107 2794 2177 scriptis
2808 2106 3151 2178 apostolicis
3163 2108 3329 2178 quasi
3344 2109 3549 2179 clypeo

1908 2190 2268 2249 defensionis
2297 2194 2641 2265 muniretur,
2673 2196 2818 2251 hanc
2849 2196 2901 2250 ei
2933 2197 3005 2251 ab
3038 2198 3181 2252 urbe
3206 2197 3552 2253 mitissimus

1909 2279 2121 2335 doctor
2134 2281 2812 2353 misit(1081)epistolam
2836 2299 2941 2355 per
2954 2284 3265 2341 Rodultum
3280 2286 3550 2341 abbatem

1910 2368 2294 2426 Virdunensis
2325 2372 2683 2441 monasterii,
2717 2373 2796 2427 ita
2817 2373 3272 2429 auctoritatibus
3295 2374 3552 2444 Scriptu-

1911 2472 2107 2519 rarum
2140 2458 2465 2516 divinarum
2502 2461 2779 2516 munitam
2813 2467 2990 2532 atque
3023 2462 3293 2517 refertam
3337 2461 3556 2517 doctri-

1914 2559 2118 2616 naeque
2151 2546 2491 2617 apostolica}
2524 2549 2643 2604 sale
2669 2550 2982 2617 conditam,
3021 2554 3082 2605 ut
3113 2551 3217 2605 hec
3250 2549 3371 2607 sola
3402 2552 3557 2606 διιῆὶ-

1913 2632 2030 2687 ciat
2064 2633 2336 2690 ﬁdelibus
2367 2635 2437 2690 ad
2471 2637 2883 2693 confutandam
2908 2637 3377 2694 adversariorum
3402 2638 3559 2709 inep-

1917 2724 2032 2776 tam
2065 2721 2374 2778 stultitiam
2404 2744 2415 2778 :

1988 2828 2136 2895 (Fol.
2154 2830 2303 2901 125.)
2321 2831 2670 2900 «Gregorius
2684 2831 3018 2904 episcopus,
3037 2847 3243 2889 servus
3259 2847 3558 2887 servorum

1916 2915 2036 2985 Dei,
2072 2916 2286 2973 dilecto
2315 2918 2371 2974 in
2406 2919 2639 2975 Christo
2672 2920 2838 2975 fratri
2869 2920 2935 2952 ⁴¹¹
2969 2921 3234 2977 Mettensi
3257 2921 3557 2993 episcopo,

1918 3003 2168 3061 salutem
2200 3012 2258 3061 et
2308 3008 2689 3078 apostolicam
2740 3008 3220 3065 benedictionem.
3275 3008 3436 3074 Quod
3491 3009 3562 3064 ad

1920 3094 2300 3165 perferendos
2325 3095 2560 3152 labores
2578 3101 2636 3152 ct
2660 3096 2918 3168 pericula
2944 3113 3048 3168 pro
3064 3098 3397 3154 defensione
3412 3098 3561 3153 veri-

1918 3182 2061 3238 tatis
2093 3185 2152 3238 te
2186 3190 2451 3254 paratum
2482 3185 2884 3255 intelligimus,
2920 3186 3096 3241 divini
3129 3185 3386 3242 muneris
3436 3201 3563 3240 esse

1842 3277 1890 3338 (ι
1923 3283 2033 3324 non
2067 3269 2424 3342 dubitamus,
2455 3294 2482 3325 »
2514 3279 2625 3329 etc.
2661 3273 2829 3345 (180).

1996 3377 2135 3447 (Fol.
2166 3378 2311 3449 128.)
2334 3381 2488 3436 Hanc
2510 3379 2687 3450 igitur
2705 3379 3008 3449 epistolam
3032 3379 3567 3449 Mettensis‘episco-

1923 3481 2034 3538 pus
2050 3468 2395 3539 suscipiens,
2420 3467 2728 3539 plurimum
2746 3468 3112 3524 confortatus
3124 3474 3209 3523 est
3233 3467 3288 3521 in
3302 3466 3562 3522 Domino.

1925 3556 2134 3611 Verum
2160 3571 2265 3611 nos
2284 3557 2392 3612 hac
2426 3557 2672 3613 decursa
2705 3556 2776 3613 ad
2805 3554 3064 3612 historize
3087 3554 3346 3610 ordinem
3368 3555 3569 3611 redea-

1930 3660 2072 3702 mus.

2001 3753 2108 3809 Ubi
2141 3752 2211 3807 ad
2246 3768 2418 3809 aures
2441 3753 2694 3809 Heinrici
2719 3753 2875 3822 regis
2897 3756 2955 3808 et
2983 3752 3274 3808 fautorum
3297 3751 3425 3821 ejus
3443 3764 3578 3806 ana-

1933 3843 2188 3898 themata
2224 3843 2457 3899 domino
2488 3858 2637 3914 papa
2672 3841 3244 3913 factum'personuit,
3278 3839 3575 3896 infremuit

1931 3938 2236 4002 tyrannus,
2274 3933 2655 3989 factiosorum
2678 3931 2964 4002 strepitus
2989 3930 3043 3986 in
3070 3929 3225 3986 beati
3250 3928 3409 3985 Petri
3427 3928 3579 3986 vica-

1936 4022 2083 4077 rium
2117 4036 2343 4090 magum
2374 4035 2505 4077 eum
2540 4035 2672 4077 esse
2702 4025 2758 4075 et
2796 4020 3195 4090 impostorem,
3226 4018 3575 4086 hereticum,

1935 4110 2303 4179 homicidam,
2336 4110 2731 4178 fornicarium,
2764 4112 2822 4163 et
2852 4108 2899 4163 si
2924 4107 3064 4178 quid
3089 4106 3245 4163 aliud
3270 4111 3579 4163 aversatur

1938 4212 2095 4254 same
2128 4198 2429 4253 doctrinae.
2463 4199 2583 4253 Non
2614 4196 2829 4255 debere
2858 4211 3075 4265 regem,
3112 4195 3483 4266 imperatoris
3523 4194 3584 4249 fi-

1939 4286 2099 4353 lium,
2137 4285 2233 4356 qui
2264 4300 2374 4341 non
2405 4284 2531 4341 sine
2563 4297 2737 4340 causa
2758 4283 3015 4353 gladium
3038 4289 3324 4354 portaret,
3352 4284 3449 4353 qui
3473 4284 3585 4340 Ro-

1940 4389 2124 4431 manae
2157 4374 2242 4430 rei
2271 4373 2522 4445 publica:
2552 4372 2838 4443 patricius
2873 4376 3034 4428 tutor
3064 4376 3125 4427 et
3154 4372 3429 4429 defensor
3451 4386 3584 4429 esse

1945 4464 2208 4533 deberet,
2230 4466 2453 4518 tantam
2474 4461 2593 4533 pati
2620 4465 2841 4517 sanctas
2862 4460 2961 4516 Dei
2984 4460 3266 4517 wcclesiae
3280 4459 3586 4518 conculca-

1945 4554 2184 4623 tionem,
2217 4556 2280 4608 ut
2305 4552 2476 4610 homo
2497 4550 2753 4608 omnium
2775 4549 3111 4621 peripsima,
3139 4563 3244 4620 pro
3265 4548 3388 4607 suis
3407 4549 3587 4605 scele-

164 4628 398 4717 quutor
426 4646 642 4716 factus,
668 4628 799 4701 cum
820 4628 1193 4717 postmodum
1207 4646 1694 4704 communicasset
1710 4645 1829 4717 regi
1861 4628 1914 4690 D
1946 4645 2110 4701 ribus
2135 4642 2295 4712 juste
2326 4638 2670 4712 puniendus,
2695 4642 2753 4695 et
2776 4638 2987 4694 merito
3009 4638 3083 4694 ab
3104 4636 3366 4694 aacclesia
3389 4640 3589 4695 extur-

164 4736 481 4794 scelerato
503 4740 565 4791 et
591 4750 694 4807 pro
715 4735 1041 4792 sceleribus
1057 4737 1582 4808 excommunicato,
1608 4752 1640 4793 a
1663 4737 1832 4807 cujus

165 4840 254 4895 se,
294 4830 364 4882 ut
420 4823 645 4880 dictum
690 4828 783 4881 est
826 4825 941 4895 jam
990 4839 1094 4896 per
1142 4825 1504 4896 aliquantum
1552 4826 1836 4898 temporis

164 4913 598 4972 communione
629 4913 1041 4985 suspendarat,
1070 4914 1260 4972 doluit
1284 4919 1345 4972 ut
1373 4915 1750 4987 praediximus
1773 4929 1835 4972 se

167 5004 504 5076 deceptum
529 5002 905 5074 ;viribusque
928 5004 1266 5075 resumptis,
1293 5019 1322 5061 a
1342 5004 1555 5062 domno
1580 5020 1726 5077 papa
1741 5006 1838 5062 ab-

166 5093 548 5151 solutionem
573 5091 825 5162 quesivit
847 5093 1048 5149 errati.
1075 5092 1183 5159 Qui
1199 5092 1370 5149 etiam
1390 5094 1839 5166 praeceptidom-

167 5198 245 5238 no
278 5179 495 5237 Diensi
526 5180 828 5253 episcopo,
863 5185 923 5236 ut
949 5195 1079 5238 eum
1102 5182 1230 5239 vice
1259 5198 1360 5240 sua
1380 5186 1480 5240 aut
1502 5197 1607 5254 per
1630 5197 1712 5255 se,
1739 5188 1836 5241 aut

165 5271 214 5328 si
254 5270 484 5327 timore
517 5268 672 5339 regis
699 5274 1006 5326 vereretur
1036 5268 1137 5326 illo
1158 5271 1429 5335 transire,
1464 5284 1567 5343 per
1588 5271 1839 5342 aliquem

1948 4730 2198 4801 bandus,
2230 4742 2513 4787 summam
2552 4727 2708 4783 illam
2742 4726 2885 4796 regii
2935 4726 3186 4782 nominis
3224 4725 3588 4796 majestatem

1947 4822 2315 4894 inpugnaret.
2338 4817 2704 4875 Maledictum
2729 4816 2949 4873 frustra
2974 4813 3285 4886 prolatum,
3303 4813 3360 4869 in
3379 4827 3532 4883 eum,
3559 4826 3590 4870 ιι

1948 4926 2063 4983 quo
2094 4911 2486 4981 processerat,
2522 4903 2982 4976 retorquendum
3012 4909 3078 4961 ut
3108 4904 3206 4975 qui
3228 4903 3463 4960 domino
3483 4915 3592 4959 suo

1948 5005 2008 5057 et
2038 4999 2163 5070 regi
2194 4999 2415 5055 foveam
2448 4997 2760 5068 paraverat
2794 4992 3242 5064 maledictionis,
3275 5007 3345 5049 eo
3372 4992 3594 5049 inmuni

1950 5091 2309 5157 remanente,
2344 5085 2463 5157 ille,
2496 5085 2593 5156 qui
2622 5090 2799 5157 caput
2821 5089 2880 5141 et
2900 5099 3077 5142 causa
3103 5082 3237 5140 mali
3258 5086 3406 5157 erat,
3433 5082 3595 5155 prior

1952 5179 2236 5237 incideret
2270 5177 2326 5231 in
2355 5190 2502 5232 eam.
2540 5177 2677 5232 Cum
2711 5174 2765 5230 in
2805 5174 2913 5230 hoc
2962 5173 3149 5230 omnis
3196 5177 3597 5245 perstreperet

1953 5268 2105 5340 aula,
2136 5267 2438 5324 decretum
2460 5268 2548 5322 est
2569 5262 2861 5321 communi
2883 5262 3156 5332 consilio,
3181 5267 3251 5320 ut
3271 5260 3368 5319 ille
3387 5260 3483 5332 qui
3509 5274 3599 5317 re-

1566 5387 1802 5445 VARI/E
1841 5386 2240 5446 LECTIONES.

240 5474 316 5509 ιιι
350 5469 714 5530 Herimanno
751 5472 1160 5546 supplendum.

1788 5573 2011 5631 NOTAE.

273 5684 442 5758 179*)
481 5681 643 5740 Obiit
679 5698 727 5740 a.
766 5688 907 5742 1090

246 5690 414 5833 £180)
439 5755 650 5812 Exstat
676 5754 733 5812 in
754 5754 907 5827 Rege

272 5754 428 5830 180)’
439 5755 650 5812 Exstat
676 5754 733 5812 in
754 5754 1029 5827 Regesto,
1054 5756 1158 5816 lib.
1182 5766 1303 5833 χιιι,
1328 5771 1418 5832 ep.
1440 5760 1530 5831 21,
1555 5762 1616 5819 et
1636 5758 1695 5817 ln
1717 5759 1847 5819 cod.

1960 5685 2221 5746 Udalrici
2250 5698 2306 5742 ιι.
2350 5684 2453 5742 156

1961 5685 2221 5746 Udalrici
2250 5698 2306 5742 ιι.
2350 5684 2453 5742 156
2510 5694 2541 5738 a
2586 5681 2663 5738 ud
2689 5679 2867 5738 Eckh.
2898 5678 2992 5738 SS.
3022 5679 3229 5752 11,158
3271 5692 3400 5755 sqq.
3453 5682 3605 5756 Apo-

1961 5758 2246 5832 graphum
2274 5755 2391 5814 hoc
2414 5724 2481 5815 \f.
2635 5748 2864 5810 Utlichs
2897 5750 3196 5810 debemus.

2635 5748 2864 5810 Utlichs
2897 5748 3196 5810 debemus.
