3894 6420
352 364 464 423 327

1320 357 1692 423 HUGONIS
1738 355 2091 420 ABBATIS
2136 356 2813 427 FLAVINIACENSIS

3654 379 3775 440 828

351 498 661 555 verendam
694 514 721 554 a
758 496 972 553 seculis
1002 496 1217 564 regiam
1252 496 1616 564 majestatcm
1649 498 1718 552 ab
1759 493 2004 550 ecclesia
2039 498 2084 555 A
2123 493 2409 565 omnibus,
2447 495 2523 551 ita
2563 503 2623 553 ut
2665 499 3069 571 Virdunensis,
3125 519 3291 575 quem
3342 507 3488 565 clam
3538 513 3774 569 absces-

349 594 641 645 extorrem
673 585 1188 658 pronunciaverat,
1223 586 1293 638 ab
1328 586 1612 641 zecclesiae
1644 596 1888 655 corpore
1924 597 2008 638 se-

350 690 523 745 grega
534 681 715 744 retur,
742 677 803 728 et
816 672 1381 728 Romanaaaacclesiae
1405 674 1685 743 pontifex,
1705 671 1801 742 qui
1829 683 2006 740 supra

349 779 549 819 omnes
580 768 691 830 est,
727 762 799 817 ab
832 760 921 815 his
956 760 1053 830 qui
1084 761 1135 815 ei
1164 762 1407 816 subesse
1433 762 1748 831 debebant,
1782 774 2010 815 excom-

352 851 728 908 municationi
753 849 1125 918 adjudicatus
1144 856 1255 904 est.
1289 849 1431 917 (Fol.
1466 849 1624 915 124’.)
1651 850 1694 904 0
1720 846 2006 904 dementia

352 938 868 1010 imcomparabilis,
889 939 1049 993 furor
1066 936 1668 1006 incdicibilis,insania
1688 935 2005 991 mirabilis!

352 1028 512 1097 Quis,
542 1042 702 1097 rogo,
745 1026 1185 1097 imperatorum,
1241 1026 1371 1095 quis
1421 1042 1620 1095 regum
1670 1026 1741 1081 ad
1790 1027 2008 1080 tantam

349 1115 622 1187 prosilire
652 1129 829 1170 ausus
861 1118 951 1169 est
987 1117 1321 1183 protervam
1357 1114 1645 1169 insaniam
1676 1114 2010 1167 insanamve

348 1203 706 1278 proterviam
736 1207 799 1257 ut
845 1201 1122 1269 clavigeri
1177 1202 1439 1256 emlestis
1490 1201 1792 1269 vicarium,
1844 1199 2012 1267 cujus

348 1298 546 1365 lingua
578 1292 763 1348 clavis
797 1290 930 1346 coeli
966 1296 1077 1351 est.
1115 1287 1396 1345 canonice
1428 1289 1702 1361 electum,
1737 1290 1809 1344 ab
1859 1291 2011 1344 omni

344 1382 788 1445 christianitate
826 1382 1189 1449 susceptum,
1226 1380 1372 1434 bene
1397 1379 1706 1445 viventem,
1731 1380 1892 1433 recta
1916 1376 2015 1433 do-

345 1478 597 1542 centem,
653 1471 725 1525 ab
771 1467 1024 1524 ecclesia
1077 1467 1448 1525 alienandum
1500 1464 2014 1539 pronunciavcrit?

353 1564 692 1620 Conventus
713 1558 804 1613 hie
829 1556 980 1627 apud
1006 1556 1265 1611 Ulterius
1286 1557 1613 1625 Trajectum
1638 1555 1873 1611 habitus
1900 1557 2009 1633 est,

354 1653 450 1710 ubi
488 1654 693 1705 contra
726 1649 903 1701 Deum
938 1650 996 1699 et
1028 1644 1326 1699 Dominum
1357 1645 1720 1715 disputatum
1743 1648 1853 1698 est.
1880 1642 2012 1696 Dies

356 1745 485 1797 erat
508 1736 758 1804 sabbati,
783 1738 837 1789 et
863 1748 1108 1803 vespere
1127 1734 1360 1788 sabbati
1382 1734 1503 1803 ipsa
1521 1739 1690 1788 nocte
1707 1731 2009 1787 110111101οί0

356 1828 472 1884 diei
501 1825 933 1891 illuscescente,
968 1821 1023 1875 in
1056 1820 1309 1876 concilio
1336 1820 1771 1889 malignantium
1795 1819 2010 1875 consti-
2036 1857 2090 1916 B

346 1920 542 1972 tutum
578 1916 666 1969 est
700 1914 755 1966 et
788 1909 1174 1965 deliberatum
1212 1913 1272 1964 ut
1306 1909 1358 1963 in
1392 1909 1648 1964 crastino
1678 1908 1745 1962 ad
1800 1908 2008 1962 missas

347 2004 403 2059 in
436 2001 691 2057 omnium
725 1997 1019 2054 audientia
1052 2011 1197 2068 papa
1226 1996 1852 2064 excommuniearetur,
1874 1996 2006 2065 quia

347 2105 523 2147 ausus
558 2088 768 2144 fuisset
804 2101 999 2155 regem
1035 2091 1091 2142 et
1115 2085 1405 2141 dominum
1432 2100 1598 2141 suum
1619 2084 2009 2139 excommuni-

346 2193 481 2234 care
513 2195 526 2243 ;
555 2177 774 2247 justam
809 2177 953 2229 hanc
984 2188 1115 2229 esse
1146 2174 1517 2239 sententiam,
1554 2177 1618 2228 ut
1650 2174 1703 2227 in
1738 2188 1851 2242 quo
1882 2187 2007 2242 pec-

347 2270 608 2335 caverat,
644 2264 972 2336 puniretur.
1010 2260 1223 2316 Aderat
1260 2262 1311 2315 in
1345 2276 1628 2316 concessu
1659 2261 1758 2316 illo
1810 2260 2003 2330 iniqua

344 2352 677 2422 gerentium
708 2350 1093 2407 Virdunensis
1122 2349 1514 2405 Theodericus
1536 2353 1594 2403 et
1618 2349 1758 2403 Pibo
1781 2347 2007 2403 Tullen-

347 2441 448 2507 sis,
484 2444 540 2496 et
572 2441 773 2512 plures
805 2439 921 2507 alii,
962 2438 1057 2509 qui
1089 2438 1201 2493 etsi
1234 2438 1506 2492 favebant
1532 2436 1707 2505 regiis
1725 2436 2000 2503 negociis.

344 2531 452 2586 hoc
468 2534 680 2597 tamen,
701 2528 833 2598 quia
854 2532 1190 2583 sanctorum
1208 2530 1439 2596 patrum
1455 2524 1731 2580 obviabat
1746 2525 2003 2580 decretis

343 2620 398 2672 et
425 2615 832 2673 sanctionibus
854 2614 1215 2684 repugnabat
1236 2613 1556 2681 canonicis,
1574 2612 1828 2667 aversati
1845 2616 1998 2684 sunt.

347 2687 416 2743 Et
447 2688 679 2759 quidem
711 2683 969 2742 TullenSi
1003 2686 1059 2740 id
1091 2684 1262 2739 0111011
1296 2683 1630 2753 impositum
1663 2696 1691 2736 0
1715 2697 1852 2752 rege
1873 2683 1999 2751 fuit,

342 2789 411 2831 eo
437 2774 592 2844 quod
617 2777 779 2829 esset
799 2772 1013 2827 mentis
1039 2771 1257 2826 timidae
1280 2774 1338 2824 et
1360 2770 2000 2838 multmineonstantize,

350 2869 411 2920 ut
447 2862 752 2931 negocium
785 2860 839 2916 id
873 2863 1269 2929 exequeretur
1295 2876 1308 2924 ;
1333 2858 1430 2913 sed
1456 2858 1554 2913 ille
1580 2857 1713 2913 dum
1738 2859 2001 2928 pavetad

348 2950 577 3019 singula
610 2965 719 3005 nec
752 2951 925 3004 audet
961 2947 1155 3017 reniti,
1192 2952 1365 3002 noctu
1388 2962 1519 3002 eum
1543 2946 1890 3002 Virdunensi
1917 2960 2004 3001 as-

350 3037 602 3109 sumptis
635 3036 807 3093 sociis
838 3037 987 3105 fugze
1021 3052 1079 3091 se
1102 3035 1292 3091 credit
1315 3034 1562 3090 consilio
1589 3053 1602 3102 ;
1628 3035 2001 3104 quamobrem

347 3130 404 3180 et
440 3125 494 3180 in
529 3125 850 3182 crastinum
883 3123 1184 3194 aliquanto
1216 3122 1502 3178 morosius
1532 3121 1877 3193 prolongata
1911 3131 2002 3177 est

2120 582 2268 636 sissc
2300 585 2651 657 notavimus,
2690 588 2818 644 urbi
2849 605 2968 645 suae
3014 596 3508 669 appropinquans,
3560 613 3772 657 exeun-

2123 670 2281 726 tibus
2311 672 2419 725 sibi
2472 675 2698 731 obviam
2757 676 2993 734 clericis
3044 682 3164 736 suis
3212 698 3340 739 eum
3390 688 3667 744 crucibus
3712 696 3770 745 et

2119 759 2327 827 cereis,
2378 766 2437 814 ut
2486 764 2661 818 moris
2710 771 2819 834 est,
2878 770 3305 837 processionem
3360 773 3543 845 palam
3596 777 3773 833 inter-

2121 845 2357 916 dixerit,
2391 853 2449 903 et
2481 854 3044 911 cxcomumnicatum
3078 873 3141 913 se
3174 861 3304 928 quia
3330 862 3399 916 ad
3425 863 3621 919 horam
3647 880 3773 921 ecs-

2124 934 2297 989 sisset
2334 940 2831 1011 pronuneiaverit,
2868 945 3128 1015 satisque
3165 952 3297 1003 tunc
3346 950 3661 1019 peuituerit
3716 956 3767 1009 in

2121 1027 2722 1084 excommunicatione
2756 1031 2968 1087 domini
3002 1050 3167 1104 papze
3200 1051 3261 1090 se
3313 1039 3573 1095 factiosis
3617 1058 3771 1098 com-

2124 1112 2486 1179 municasse;
2522 1117 2599 1171 ita
2635 1122 2695 1173 ut
2732 1119 2918 1190 palam
2970 1126 3421 1192 protr-staretur.
3479 1128 3605 1198 quia
3661 1132 3768 1187 nisi

2125 1199 2318 1256 divina
2354 1203 2434 1258 illi
2480 1208 2874 1277 prospexisset
2928 1211 3330 1270 misericordia
3382 1222 3441 1270 ct
3491 1220 3769 1276 bonorum

2126 1288 2382 1379 virorum
2417 1294 2625 1365 oratio,
2664 1312 2865 1367 penam
2898 1314 3067 1369 quam
3102 1301 3425 1359 Willelmus
3458 1321 3770 1379 perpessus

2126 1382 2283 1476 erat,
2310 1378 2435 1449 ipse
2472 1384 2839 1452 pertulisset.
2876 1387 3260 1453 Quamobrem
3293 1394 3467 1449 etiam
3500 1378 3658 1468 papa:
3690 1401 3773 1456 di-

2127 1471 2319 1522 missis
2351 1471 2596 1535 nunciis,
2624 1474 2834 1529 abbate
2859 1476 3131 1533 videlicet
3152 1480 3398 1537 Rodulfo
3420 1498 3545 1539 cum
3568 1489 3768 1559 sociis,

2123 1570 2253 1609 cum
2314 1572 2371 1611 se
2401 1560 2634 1616 omnino
2668 1577 2772 1632 pro
2804 1566 3204 1621 communione
3236 1568 3333 1623 illa
3385 1579 3771 1632 excommuni-

2124 1649 2316 1700 catum
2350 1648 2682 1718 afﬁrmaret,
2717 1655 2773 1706 et
2805 1653 2879 1708 ob
2912 1654 2968 1708 id
3001 1656 3072 1710 ab
3112 1656 3299 1713 0111010
3347 1670 3657 1733 cessasset,
3714 1667 3766 1721 in

2122 1749 2291 1789 manu
2342 1735 2469 1804 ejus
2519 1754 2621 1808 per
2669 1738 2899 1798 litteras
2949 1744 3097 1815 (184)
3150 1744 3357 1801 stolam
3409 1750 3665 1807 reddidit
3710 1762 3763 1809 (1

2122 1821 2375 1879 anulum.
2414 1827 2638 1881 Etcum
2692 1844 2754 1884 sc
2802 1830 2884 1885 sic
2935 1831 3057 1901 ipse
3107 1834 3469 1908 dampnaret,
3522 1844 3762 1909 parebat

2121 1914 2310 1967 tamen
2344 1914 2486 1983 regi,
2524 1916 2653 1985 quia
2688 1918 2793 1973 1100
2825 1925 2953 1974 erat
3003 1921 3141 1976 hora
3194 1923 3342 1993 ejus,
3394 1932 3450 1981 et
3505 1933 3764 1999 potestas

2125 2001 2516 2057 tenebrarum.
2553 2006 2692 2059 Nam
2726 2006 3109 2064 inveteratam
3142 2012 3268 2081 ejus
3302 2014 3605 2085 malieiam,
3635 2033 3761 2088 quae

2119 2089 2534 2161 obduraverat,
2573 2107 2683 2149 non
2726 2095 3070 2165 frangebant
3103 2100 3421 2167 miracula;
3470 2110 3531 2159 ut
3580 2106 3764 2161 inere-

2121 2183 2310 2233 menta
2380 2180 2658 2236 viciorum
2719 2191 2992 2253 parerent
3039 2186 3090 2241 ei
3144 2189 3317 2243 etiam
3369 2191 3761 2250 abditamenta

2118 2253 2563 2307 tormentorum.
2606 2257 2761 2309 inde
2795 2262 2854 2309 et
2902 2256 3200 2327 impletum
3250 2266 3341 2315 est
3391 2262 3443 2315 in
3493 2278 3560 2318 eo
3609 2267 3759 2334 quod

2119 2338 2400 2407 scriptum
2436 2347 2527 2394 est
2564 2359 2574 2394 :
2605 2341 2796 2397 Multo
2828 2343 3028 2401 labore
3070 2348 3351 2405 sudatum
3401 2352 3503 2420 est,
3554 2352 3614 2407 et
3648 2367 3764 2409 non

2116 2427 2313 2481 emicat
2336 2427 2406 2481 de
2418 2441 2478 2481 eo
2492 2430 2681 2485 nimia
2695 2430 2906 2502 rubigo
2920 2434 3050 2502 ejus
3063 2448 3278 2505 meper
3292 2436 3504 2508 ignem.
3524 2441 3759 2508 (Ezeclz.

2102 2522 2265 2583 'xxrv,
2303 2520 2416 2580 12.)
2452 2517 2604 2584 Ignis
2639 2519 2788 2573 enim
2841 2521 2889 2573 ei
2944 2522 3344 2580 tribulationis
3392 2527 3765 2584 circumstre-

2118 2604 2312 2673 pebat,
2349 2603 2445 2672 qui
2476 2604 2756 2660 viciorum
2792 2608 3117 2678 rubiginem
3151 2619 3470 2682 purgaret;
3505 2614 3607 2670 sed
3657 2631 3761 2671 nec

2118 2707 2219 2762 per
2252 2692 2438 2761 ignem
2472 2694 2794 2761 rubiginem
2829 2697 3040 2765 amisit,
3083 2700 3179 2769 qui
3233 2715 3336 2757 nec
3388 2717 3490 2773 per
3537 2704 3763 2773 ﬂagella

2115 2786 2421 2861 correctus
2452 2788 2563 2861 est,
2596 2783 2730 2861 quia
2769 2785 2991 2841 malicia
3023 2788 3149 2856 ejus
3182 2803 3208 2842 a
3262 2792 3581 2847 conflatore
3630 2807 3764 2848 con-

2116 2854 2262 2907 sumi
2296 2868 2406 2907 non
2446 2854 2653 2923 potuit.

2187 2940 2326 3007 (Fol.
2364 2942 2528 3012 129‘.)
2563 2945 2725 2999 Anno
2756 2944 3176 3003 incarnationis
3201 2953 3356 3019 1087,
3381 2950 3527 3007 obiit
3551 2952 3766 3009 Willel-

2115 3043 2243 3084 mus
2274 3030 2590 3098 Anglorum
2627 3048 2745 3087 rex.

2187 3119 2367 3189 (1080,
2405 3120 2529 3175 001.
2570 3125 2678 3189 15.)
2713 3125 2876 3178 Anno
2908 3123 3087 3192 igitur
3117 3127 3188 3182 ab
3221 3126 3622 3185 incarnatione
3654 3132 3761 3185 Do-

340 3213 558 3282 negotii
608 3212 778 3282 hujus
824 3211 1141 3282 cxequutio
1210 3212 1378 3281 (181).
1430 3211 1601 3266 Solus
1679 3210 2001 3265 Willelmus
2032 3209 2081 3272 C
2115 3207 2250 3262 mini
2277 3213 2433 3278 1070,
2473 3209 2686 3266 10010111
2719 3216 2807 3265 est
2838 3211 3097 3282 praelium
3129 3214 3184 3268 in
3218 3215 3483 3287 Saxonia,
3541 3219 3594 3273 in
3647 3235 3763 3289 quo

341 3302 731 3371 Trajectensis
764 3301 1034 3357 inventus
1063 3304 1175 3370 est,
1213 3299 1308 3369 qui
1345 3299 1479 3355 dum
1526 3300 1859 3354 hesternam
1910 3314 2002 3353 ru-

338 3393 460 3445 ctet
495 3390 819 3461 crapulam,
850 3388 1048 3459 posuit
1080 3389 1135 3441 in
1170 3387 1378 3443 coelum
1412 3402 1479 3443 08
1506 3403 1694 3455 suum,
1721 3392 1777 3442 et
1805 3387 1998 3456 lingua

339 3479 469 3548 ejus
502 3479 557 3533 in
592 3478 890 3534 dominum
923 3481 979 3531 et
1006 3476 1351 3545 magistrum
1373 3490 1543 3531 suum
1568 3475 1999 3531 maledictionis

340 3566 864 3636 intorsitjaculum
897 3566 1064 3637 (182).
1102 3565 1209 3620 Sed
1245 3580 1356 3620 non
1397 3564 1629 3634 inpune.
1682 3564 1817 3619 Nam
1868 3578 1997 3619 cum

339 3654 451 3711 hoc
484 3655 640 3710 inter
671 3669 833 3711 sacra
871 3655 1178 3711 missarum
1210 3652 1533 3724 peregisset
1568 3652 1911 3723 solempuia,
1939 3659 1995 3707 et

338 3745 580 3815 peracto
607 3744 831 3799 8001010
855 3743 1028 3798 (10108
1053 3743 1107 3796 10
1131 3742 1447 3811 reprobum
1465 3755 1694 3797 sensum
1710 3741 1779 3796 ad
1794 3742 1995 3797 eadem

339 3833 735 3905 perexplenda
761 3833 1190 3900 accingeretur,
1219 3845 1288 3884 ne
1313 3829 1400 3885 vel
1428 3829 1479 3884 in
1507 3830 1613 3885 hoc
1637 3844 1666 3885 a
1688 3831 1997 3901 ,1011011110-

336 3921 549 3977 ditoris
580 3921 880 3977 000801110
910 3924 969 3974 01
1003 3919 1212 3973 merito
1235 3924 1630 3989 separaretur,
1658 3919 1753 3974 ubi
1779 3933 1996 3990 corpus

340 4010 710 4080 dominicum,
745 4010 799 4064 in
830 4009 984 4079 quod
1017 4014 1386 4079 peccaverat,
1422 4009 1569 4063 male
1591 4009 1701 4064 sibi
1722 4009 1997 4065 conscius

341 4100 595 4171 sumpsit
627 4099 774 4155 ultio
805 4098 998 4154 divina
1026 4097 1397 4153 manifestata
1421 4101 1533 4153 081.
1562 4099 1884 4154 Ρο1008808
1907 4103 1997 4154 081

340 4187 492 4243 enim
526 4203 556 4242 a
588 4189 707 4243 Deo
741 4187 907 4259 plaga
941 4186 1273 4255 insanabili,
1310 4186 1388 4242 ita
1420 4193 1481 4242 ut
1516 4201 1646 4242 cum
1670 4187 1913 4242 horrore
1937 4194 1993 4243 01

339 4283 582 4348 stupore
605 4276 856 4332 mirabili
882 4277 1159 4333 clamaret
1188 4295 1200 4332 :
1224 4277 1415 4332 Ardea
1434 4288 1452 4332 ,ι
1477 4276 1656 4333 ardeo
1677 4287 1697 4332 ,ι
1721 4277 1856 4346 quia
1871 4292 1996 4332 cor-

335 4379 447 4439 pus
480 4367 635 4437 quod
667 4366 945 4435 vivificat,
982 4365 1310 4423 incendium
1339 4365 1421 4419 illi
1444 4379 1788 4436 poenamque
1811 4366 1996 4437 parie-

334 4456 455 4528 bat,
495 4456 649 4527 quod
678 4462 982 4512 exarserat
1016 4456 1071 4511 in
1100 4470 1169 4510 eo
1198 4455 1349 4511 sicut
1378 4454 1526 4523 ignis
1567 4453 1620 4508 in
1675 4455 1876 4525 spinis,
1934 4459 1990 4521 ut

334 4545 642 4603 manifesta
675 4544 731 4601 id
766 4559 834 4601 00
866 4545 1033 4601 110101
1068 4544 1217 4601 ultio
1246 4542 1490 4599 Domini.
1521 4545 1636 4599 Nec
1667 4543 1865 4600 datum
1906 4547 1991 4599 est

336 4632 419 4691 illi
454 4640 685 4706 tempus
715 4638 780 4692 ut
805 4634 1116 4705 peniteret,
1146 4633 1246 4689 sed
1274 4647 1406 4688 mox
1430 4638 1493 4688 ut
1517 4633 1701 4689 sensit
1724 4633 1913 4701 ignem
1936 4633 1991 4687 in

336 4738 398 4781 se
428 4729 821 4795 grassantem,
856 4724 910 4777 in
948 4723 1086 4779 sede
1107 4736 1355 4793 corpore
1386 4722 1686 4791 reclinato,
1713 4722 1848 4778 dum
1880 4722 1994 4778 cla-

335 4817 554 4870 masset
585 4813 860 4871 :Sancta
887 4812 1097 4869 Maria
1117 4822 1137 4868 ,ν
1169 4811 1439 4868 miseram
1471 4812 1647 4867 vitam
1672 4812 1992 4869 miserabili

333 4906 523 4957 morte
545 4901 728 4958 ﬁnivit
756 4902 926 4972 (183).
954 4902 1035 4956 De
1054 4915 1168 4971 quo
1182 4886 1405 4956 certum
1418 4904 1530 4970 est,
1551 4901 1685 4971 quia
1698 4901 1992 4957 nobisista

333 4991 499 5062 vidit,
536 4990 706 5047 nobis
738 4990 848 5046 hoc
881 4995 1269 5047 monstratum
1314 4996 1422 5061 est,
1474 4994 1538 5047 ut
1581 4989 1863 5061 prodesse
1913 4991 1995 5046 in-

332 5079 555 5151 ciperet
582 5080 751 5139 nobis
766 5094 911 5151 pena
935 5080 1081 5152 ejus.
1110 5080 1358 5137 Grandis
1376 5080 1511 5136 hinc
1541 5078 1785 5136 inolevit
1800 5082 1994 5137 terror

2114 3296 2398 3352 Rodulfus
2431 3311 2531 3352 rex
2563 3299 2797 3369 cecidit,
2828 3304 2887 3354 et
2919 3301 3223 3358 Heinricus
3250 3305 3538 3373 fugiendo
3568 3307 3760 3363 victus

2112 3390 2223 3440 est.
2262 3387 2377 3441 Hoc
2411 3388 2614 3442 eodem
2648 3402 2798 3444 anno
2832 3390 2981 3444 facta
3007 3395 3138 3446 sunt
3165 3394 3422 3449 tonitrua
3447 3399 3506 3449 et
3529 3394 3759 3465 fulgura

2114 3474 2167 3527 in
2200 3475 2493 3545 Januario,
2529 3481 2589 3531 et
2637 3476 2769 3532 luna
2822 3477 2984 3546 nigra
3036 3483 3091 3533 et
3143 3481 3587 3549 sanguinolenta
3635 3484 3758 3540 visa

2110 3570 2196 3622 est
2230 3570 2261 3619 3
2290 3565 2411 3621 Kal.
2441 3566 2604 3620 Febr.
2640 3567 2707 3621 Et
2728 3567 2994 3635 sequenti
3020 3582 3168 3623 anno
3199 3570 3525 3626 Witbertus
3548 3572 3759 3628 invasit

2111 3655 2305 3710 sedem
2332 3654 2733 3725 apostolicam,
2761 3671 2788 3710 a
2814 3655 3142 3726 dampnatis
3164 3660 3758 3715 etexcommunieatis

2112 3744 2319 3814 suique
2354 3742 2646 3798 similibus
2682 3744 2734 3797 in
2769 3744 3178 3814 apostaticum,
3216 3761 3327 3800 non
3372 3748 3757 3817 apostolicum

2109 3832 2353 3888 electus.
2407 3834 2583 3904 (Legg
2633 3847 2693 3902 11,
2743 3836 2855 3902 51.)
2909 3832 3047 3898 Qum
3096 3833 3453 3903 conspiratio
3505 3836 3754 3906 primum

2112 3925 2263 3977 tacta
2288 3926 2381 3975 cst
2401 3922 2552 3991 apud
2581 3920 2851 3989 Brixiam,
2880 3921 3761 3994 ubicongregatialiquiepiseo-

2111 4026 2315 4084 porum
2351 4010 2422 4065 de
2474 4010 2746 4079 sinagoga
2792 4015 3029 4077 8010001,
3089 4010 3285 4066 traditi
3336 4011 3392 4065 in
3444 4013 3757 4083 reprobum

2108 4113 2367 4169 sensum,
2401 4106 2605 4154 contra
2640 4099 2829 4168 ﬁdem,
2868 4113 2995 4169 quas
3026 4105 3117 4154 est
3169 4100 3462 4156 confessio
3493 4101 3672 4170 Petri,
3697 4107 3753 4155 et

2108 4194 2367 4244 sanetam
2402 4188 2597 4243 sedem
2630 4186 2755 4256 ejus
2785 4188 3095 4242 Romanam
3126 4186 3447 4243 mcclesiam
3480 4188 3672 4260 turpia
3697 4194 3754 4244 et

2107 4276 2351 4333 nefanda
2383 4277 2691 4346 jacientes,
2727 4276 2796 4331 ad
2850 4274 3272 4345 plenitudinem
3323 4276 3754 4347 dampnationis

2107 4381 2226 4422 sua:
2274 4366 2579 4435 elegerunt
2630 4366 2976 4421 Witbertnm
3035 4365 3459 4423 beresiarcham
3510 4367 3580 4422 de
3628 4367 3753 4423 suis

2108 4454 2420 4525 similibus,
2448 4458 2538 4509 est
2574 4455 2883 4525 desperata
2920 4455 3192 4526 superbia
3223 4456 3603 4527 apostolicum
3622 4470 3751 4512 eum

2022 4567 2077 4630 D
2109 4548 2411 4614 vocantes,
2448 4548 2799 4614 apostatam,
2834 4557 2947 4599 non
2982 4536 3364 4612 apostolicum
3414 4544 3750 4601 eﬂ‘ecerunt.

2108 4635 2212 4702 Qui
2250 4634 2470 4689 idcirco
2498 4633 2753 4689 omnium
2779 4632 3035 4688 fidelium
3059 4633 3192 4689 odio
3215 4633 3443 4703 dignior
3463 4638 3572 4703 est,
3614 4634 3748 4704 quia

2107 4738 2236 4779 cum
2268 4738 2298 4778 a
2331 4720 2714 4794 principibus,
2752 4720 3021 4776 lleinrieo
3056 4720 3287 4777 scilicet
3320 4735 3454 4790 rege
3484 4720 3752 4792 deposito

2104 4814 2162 4865 et
2215 4809 2449 4885 caeteris
2498 4808 2672 4878 hujus
2740 4808 3089 4879 perditionis
3136 4807 3418 4864 ministris
3465 4806 3752 4878 quesitum

2104 4902 2278 4968 esset,
2303 4897 2435 4968 quis
2458 4897 2526 4953 ad
2554 4895 3005 4967 impugnandum
3030 4900 3296 4952 sanctum
3319 4895 3528 4964 virum,
3548 4909 3749 4967 papam

2106 4985 2381 5043 videlicet
2403 4986 2767 5055 Gregorium.
2801 4984 3080 5041 falsitatis
3095 4983 3371 5041 vexillum
3394 4983 3745 5055 susciperet,

2104 5092 2272 5135 nemo
2301 5077 2555 5133 omnium
2589 5079 2706 5131 tam
2737 5075 2946 5141 audax,
3003 5078 3118 5131 tam
3171 5077 3582 5146 prwsumptor,
3633 5075 3750 5128 tam

1930 5260 2149 5317 NOTAE.

400 5409 549 5481 (181)
581 5408 762 5483 Paule
786 5415 918 5467 ante
944 5412 1164 5483 scripta
1188 5410 1423 5467 videtur
1445 5411 1695 5482 epistola
1724 5410 1988 5483 Gregorii

331 5480 427 5552 III,
464 5485 550 5552 12,
583 5480 656 5537 ad
685 5482 943 5539 Udonem
975 5480 1373 5539 Trevirensem
1403 5480 1823 5541 Theodericum
1846 5480 1991 5541 ’1⁷11-

330 5552 646 5611 dunensem
675 5558 733 5608 et
764 5554 1175 5611 Herimannum
1207 5553 1565 5611 Mettensem.
1612 5555 1674 5610 K.

404 5624 553 5698 (182)
587 5625 702 5683 Hoc
732 5640 782 5683 a.
818 5628 955 5682 1076
1028 5622 1246 5681 ascbali
1278 5629 1539 5697 tempore
1589 5626 1806 5683 factum
1863 5642 1991 5685 esse

404 5700 534 5757 ,rrat
563 5695 948 5757 Lambertus:
981 5640 1276 5757 Emonam
1318 5697 1748 5757 Wormatiense
1797 5699 1991 5757 conci-

334 5695 540 5761 narrat‘
563 5695 948 5765 Lambertus;
981 5695 1276 5771 Hugonem
1318 5695 1748 5761 Wbrmatiense
1797 5699 1992 5761 conci-

2102 5409 2240 5469 lium
2292 5427 2423 5469 eum
2472 5408 2809 5481 Moguntina
2851 5425 2902 5466 a.
2955 5412 3094 5467 1080
3142 5407 3479 5465 confudisse
3529 5408 3753 5464 monuit

2102 5484 2333 5540 Stenzel
2364 5484 2407 5552 Ι,
2436 5487 2558 5538 387.
2592 5484 2656 5538 Κ.

2098 5572 2107 5579 ’
2169 5557 2319 5627 (183)
2352 5549 2511 5627 Obiit
2540 5568 2590 5609 a.
2628 5556 2803 5627 1026;
2835 5554 2910 5609 cf.
2937 5551 3334 5621 Bertboldum,
3358 5549 3747 5621 Lambertum,

2098 5623 2463 5697 Brunonem,
2486 5623 2856 5697 Bernoldum.

2169 5697 2315 5774 (186)
2349 5696 2411 5757 10
2438 5693 2713 5775 Registro
2745 5693 3174 5760 desiderantur.
