3894 6400
132 350 249 412 329

1393 325 1890 409 CHRONICON.
1927 381 1999 390 —
2032 343 2185 409 LIB.
2218 344 2293 408 11.

3426 352 3545 415 330

125 481 474 554 desperatus
509 478 601 536 vel
635 481 902 538 perditus
944 480 1216 537 inventus
1246 483 1360 550 est,
1405 479 1503 554 qui
1551 480 1780 538 naufra-
1808 472 1864 532 A
1893 478 2080 537 omnis
2112 480 2491 549 Christianus,
2517 485 2692 554 caput
2727 482 3075 540 antichristo
3099 484 3401 558 inclinare,
3428 492 3549 544 sta-

124 570 280 639 gium
311 570 446 626 fidei
481 570 682 627 subire
714 570 1017 640 deligeret,
1054 575 1253 640 preter
1280 583 1410 625 eum
1443 574 1648 627 solum.
1672 570 1780 638 Qui

127 658 368 729 idcirco,
400 658 713 728 credimus,
750 658 1078 713 antichristi
1103 659 1695 731 negociumlsuscepit
1719 663 1781 716 ut

127 747 352 803 ruinam
400 746 940 818 archiepiscopatus
991 746 1405 814 Ravennensis,
1461 762 1628 818 quem
1678 764 1783 819 pro

129 836 252 892 suis
276 836 622 892 criminibus
640 836 844 891 eodem
869 835 1147 904 Gregorio
1172 835 1787 908 prtesidentesynoda-

125 926 164 980 li
209 926 435 995 judicio
486 924 843 997 perdiderat,
893 924 1265 994 susceptione
1313 924 1494 980 oblati
1542 924 1811 997 periculi’

128 1017 557 1086 compensaret.
586 1013 802 1068 Aderat
825 1013 880 1067 in
904 1018 1192 1068 conventu
1218 1013 1317 1068 illo
1349 1014 1786 1084 malignantium

129 1102 349 1159 multus
371 1116 649 1158 numerus
670 1102 1136 1172 dampnatorum,
1163 1118 1309 1171 quos
1339 1102 1412 1157 ad
1443 1117 1789 1173 persequen-

131 1192 264 1247 dum
300 1196 620 1247 amatorem
647 1189 893 1259 justitia)
917 1190 1363 1247 communicatio
1392 1191 1697 1247 criminum
1730 1196 1789 1246 et

132 1294 294 1335 amor
326 1278 610 1351 principis
650 1276 938 1347 illexerat,
985 1292 1113 1333 eum
1164 1276 1352 1334 solum
1408 1278 1625 1334 invenit
1671 1279 1792 1333 dia-

134 1366 303 1424 holus
333 1368 779 1439 promptiorem,
814 1367 906 1422 cui
942 1365 1188 1422 maliciaa
1222 1381 1342 1423 suae
1375 1382 1602 1423 omnem
1634 1369 1791 1439 prin-

132 1456 387 1529 cipatum
423 1457 841 1513 committeret.
876 1457 1143 1527 Suscepit
1177 1457 1373 1526 itaque
1407 1456 1602 1512 sedem
1637 1461 1792 1513 sata-

132 1560 240 1615 nas,
273 1550 333 1600 et
368 1546 423 1601 in
459 1545 699 1602 catedra
752 1546 1107 1617 pestilentiae
1165 1545 1536 1615 sublimatus,
1588 1546 1791 1616 impio-

134 1648 259 1689 rum
293 1640 521 1690 mentes
552 1634 621 1690 ad
652 1634 1100 1705 expugnandum
1137 1648 1343 1688 nomen
1382 1633 1606 1689 Domini
1658 1647 1791 1689 exa-

133 1724 365 1793 cuebat,
405 1723 595 1779 factus
623 1724 894 1778 omnibus
919 1724 1077 1778 fovea
1106 1722 1405 1794 peccandi.
1433 1723 1570 1788 Quae
1596 1726 1788 1778 autem

1892 573 2051 626 tuam
2087 584 2257 642 quam
2299 570 2835 628 Nabuchodonosor
2872 572 3063 628 erexit
3112 573 3380 647 adorare,
3435 578 3548 634 sic-

1895 672 2008 728 que
2040 674 2099 714 sc
2133 659 2316 731 ipsius
2344 659 2735 716 heresiarchae
2769 661 3265 732 perniciosissimo
3316 667 3551 732 anathe,

1895 748 2032 803 mati
2064 748 2363 805 innodarc.
2400 751 2537 804 Nam
2571 750 2919 820 quicumque
2958 750 3043 806 illi
3091 752 3405 829 obedierit,
3450 761 3547 830 qui

1897 834 2085 892 dixit:
2123 861 2149 886 «ι
2179 839 2389 894 Ponam
2423 839 2616 894 sedem
2650 853 2832 895 meam
2862 840 2930 895 ad
2961 839 3312 915 aquilonem,
3356 850 3414 903 et
3447 862 3549 903 ero

1900 926 2109 983 similis
2141 926 2450 997 altissimo,
2482 950 2507 974 π
2542 927 2871 983 certissime
2907 928 2963 984 in
3012 936 3289 987 :eternam
3351 934 3548 1008 damp-

1900 1016 2192 1071 nationem
2229 1015 2331 1070 ibit
2365 1031 2494 1071 cum
2528 1016 2692 1087 ipsis.
2720 1018 2916 1073 Amen.
2953 1038 2981 1070 »

1974 1107 2087 1160 [lec
2123 1109 2255 1161 sunt
2290 1103 2359 1160 de
2382 1105 2671 1161 Witberto
2698 1107 3018 1164 Gevehardi
3044 1107 3542 1183 Salzeburgensis,

1902 1191 2008 1249 viri
2042 1193 2244 1263 utique
2277 1192 2599 1249 doctissimi
2634 1197 2694 1248 et
2733 1195 3036 1264 autentici,
3076 1197 3294 1269 scripta
3337 1202 3548 1257 veridi-

1899 1296 1987 1352 ca,
2021 1282 2230 1353 quibus
2264 1282 2467 1352 utique
2496 1281 2691 1338 nullus
2719 1298 2850 1338 cum
2875 1282 3107 1353 justitia
3143 1285 3381 1344 obviare
3404 1305 3548 1361 prae-

1901 1370 2074 1427 valet.
2108 1373 2321 1427 Extant
2349 1375 2405 1426 et
2438 1371 2550 1426 alia
2581 1372 2708 1442 ejus
2736 1372 2955 1443 scripta
2987 1375 3342 1432 auctoritate
3363 1383 3421 1433 et
3455 1393 3548 1435 ve-

1902 1460 2078 1515 ritate
2135 1459 2401 1530 subnixa,
2455 1475 2582 1530 quze
2630 1476 2737 1532 pro
2786 1462 2896 1517 viri
2949 1464 3157 1520 merito
3206 1471 3548 1525 reverenter

1902 1548 2158 1605 fidelium
2192 1549 2440 1605 honorat
2487 1553 2544 1605 et
2603 1549 2968 1621 amplexatur
3017 1552 3305 1610 aecclcsia.
3358 1556 3543 1628 (1084,

1900 1637 2064 1693 Mart.
2101 1636 2213 1707 31.)
2248 1637 2330 1691 Ab
2360 1638 2468 1693 hoc
2501 1637 2699 1708 itaque
2728 1638 3012 1710 Wiberto,
3047 1640 3166 1697 sale
3217 1643 3419 1714 utique
3465 1644 3548 1701 in-

1903 1728 2145 1797 fatuato,
2181 1727 2487 1783 Heinricus
2517 1742 2789 1783 coronam
2822 1730 3083 1801 suscepit
3136 1731 3381 1804 imperii,
3434 1734 3548 1790 fac-

137 1810 313 1868 fuerit
364 1812 493 1881 ejus
558 1812 845 1883 promotio
888 1826 989 1867 seu
1042 1810 1440 1881 intronizatio,
1497 1811 1788 1881 quomodo
1819 1832 1872 1891 B
1902 1819 1997 1872 tus
2029 1814 2229 1871 infelix
2259 1817 2579 1872 membrum
2613 1815 2771 1872 illius
2803 1817 2900 1888 qui
2932 1823 3025 1874 est
3064 1835 3166 1875 rex
3212 1836 3388 1893 super
3432 1838 3549 1879 om-

137 1900 206 1956 ad
230 1901 380 1956 hanc
414 1901 803 1971 dejectionem
837 1905 892 1957 et
929 1915 1097 1971 quam
1123 1900 1547 1972 precipitanter
1591 1915 1792 1956 ascen-

139 1988 309 2061 derit,
336 1995 395 2046 et
415 2005 446 2045 a
471 1990 680 2060 quibus
703 1995 1014 2046 execratus
1038 1990 1135 2059 sit,
1165 2004 1364 2059 quaeve
1388 2003 1588 2044 eorum
1616 1989 1789 2045 fuerit

138 2077 254 2133 vita
277 2078 370 2133 vel
395 2078 782 2146 conversatio,
809 2081 867 2132 et
893 2076 1031 2146 quid
1056 2076 1126 2133 de
1152 2076 1424 2131 ordinato
1446 2074 1536 2132 vel
1568 2076 1795 2132 ordina-

137 2165 368 2223 toribus
392 2165 521 2236 ejus
547 2166 913 2222 sentiendum
938 2166 1033 2235 sit,
1075 2164 1450 2221 Gevehardus
1490 2164 1794 2221 Salzebur-

138 2254 334 2323 gensis
363 2255 701 2326 episcopus,
736 2255 903 2324 cujus
943 2254 1062 2309 vita
1110 2252 1409 2325 speculum
1450 2254 1795 2325 eratlhono-

142 2359 285 2417 rum,
314 2345 719 2415 interrogatus
751 2345 965 2401 edicat.
1003 2346 1096 2400 Ait
1129 2345 1280 2400 enim
1323 2344 1587 2401 scribens
1634 2344 1794 2399 Heri-

142 2448 350 2489 manno
380 2434 652 2491 Mettensi
682 2434 992 2506 episcopo:

218 2545 237 2574 ι
273 2524 335 2577 G.
373 2522 862 2592 Salzcburgensis
918 2526 1233 2598 episcopus
1266 2531 1329 2584 H.
1363 2530 1631 2586 Mettensi
1674 2532 1794 2602 epi-

143 2626 314 2685 s00po
331 2612 602 2669 salutem.
620 2613 919 2670 Wibertus
944 2617 1229 2684 quondam
1254 2619 1557 2676 Ravennas
1573 2620 1788 2677 archie.

143 2703 418 2774 piscopus
452 2716 582 2757 cum
616 2700 1029 2773 obedientiam,
1059 2718 1227 2774 quam
1276 2709 1615 2777 apostolicae
1666 2707 1791 2765 sedi

138 2792 470 2862 juramento
496 2790 869 2861 promiserat,
907 2807 1013 2847 non
1058 2794 1384 2868 attendere,
1438 2797 1541 2853 sed
1588 2804 1791 2855 contra

145 2883 320 2954 ipsam
354 2879 709 2936 omnimodis
738 2882 1047 2950 superbire
1077 2883 1426 2956 studuisset,
1454 2886 1511 2941 in
1538 2888 1792 2943 Romana

147 2972 363 3044 synodo
397 2969 956 3041 inrecuperahiliter
1003 2970 1307 3043 depositus
1354 2978 1412 3031 et
1466 2976 1796 3032 anathema-

144 3062 361 3119 tizatus
384 3062 480 3116 est
507 3059 579 3114 ab
602 3058 925 3128 apostolica
953 3060 1092 3116 sede
1116 3065 1173 3117 et
1197 3064 1269 3118 ab
1292 3063 1589 3136 episcopis
1612 3067 1798 3123 totius

1902 1918 2005 1960 nes
2036 1903 2189 1960 filios
2223 1904 2535 1976 superbiae,
2572 1905 2906 1977 suscipiens
2936 1907 3008 1963 ab
3049 1907 3149 1964 illo
3192 1909 3551 1969 maledictio-

1903 2008 2031 2050 nem
2062 2008 2167 2066 pro
2202 1992 2648 2059 benedictione;
2690 1999 2748 2050 et
2797 1995 3029 2065 quidem
3080 1997 3225 2054 satis
3268 2013 3545 2069 congrue.

1903 2084 2040 2138 Nam
2074 2082 2286 2150 dignus
2314 2085 2461 2152 erat,
2495 2086 2555 2137 et
2596 2098 2699 2154 pro
2740 2083 2964 2139 meritis
3012 2089 3141 2140 acta
3201 2101 3296 2142 res
3337 2092 3446 2158 est,
3483 2092 3547 2145 ut

1907 2171 2041 2227 talis
2062 2185 2162 2227 rex
2179 2170 2353 2226 talem
2373 2186 2575 2242 papam
2592 2171 2925 2228 institueret
2941 2173 3084 2228 etab
3099 2175 3303 2230 eodem
3320 2175 3447 2247 ipse
3476 2192 3546 2233 co

1906 2275 2100 2316 ronam
2118 2259 2832 2332 ignominiaeetsceptrum
2859 2260 3164 2318 dedecoris
3193 2263 3560 2336 susciperet..

1975 2347 2097 2418 (fol.
2134 2347 2281 2419 129,)
2313 2349 2595 2404 Defuncto
2628 2363 2731 2420 per
2761 2348 2819 2405 id
2853 2350 3135 2422 temporis
3178 2351 3546 2422 Lugdunensi

1904 2437 2345 2508 archiepiscopo
2368 2437 2615 2493 Gibuino
2634 2437 2804 2509 (185),
2829 2453 2960 2494 cum
2981 2439 3140 2497 varia
3157 2440 3546 2510 quorumdum

1904 2531 2060 2583 esset
2090 2525 2324 2597 electio,
2359 2526 2604 2582 domnus
2631 2528 2792 2595 Hugo
2816 2527 3045 2583 Diensis
3071 2528 3382 2601 episcopus
3404 2530 3555 2587 elec-

1904 2616 2060 2671 tione
2091 2615 2237 2671 cleri
2269 2620 2329 2670 et
2357 2614 2578 2686 pepuli,
2613 2615 2965 2672 auctoritate
2998 2621 3058 2671 et
3097 2624 3394 2690 praecepto
3445 2620 3553 2676 Ro-

1904 2705 2055 2761 mani
2104 2704 2397 2776 pontificis
2449 2704 2505 2760 in
2554 2704 3056 2778 archiepiscopum
3109 2706 3550 2776 Lugdunensem

1905 2798 2209 2867 promotus
2235 2798 2328 2850 est
2349 2808 2499 2849 anno
2524 2794 2944 2851 incarnationis
2967 2796 3190 2851 Domini
3218 2800 3354 2854 108'2
3376 2798 3545 2870 (186).

1905 2883 2107 2940 Adhuc
2136 2883 2288 2940 enim
2319 2883 2590 2939 Romanae
2621 2882 2752 2939 urbi
2785 2883 3029 2939 domnus
3062 2884 3377 2954 Gregorius
3408 2902 3553 2958 prae-

1905 2977 2054 3044 erat,
2115 2984 2461 3044 quamquam
2510 2971 2985 3028 Wibertistarum
3029 2973 3147 3043 jam
3192 2979 3351 3029 esset
3400 2975 3551 3031 facta

1906 3061 2285 3132 conspiratio,
2322 3074 2433 3115 non
2462 3062 2674 3115 tamem
2709 3060 3020 3131 promotio.
3056 3061 3162 3117 Ubi
3186 3076 3326 3119 vero
3346 3067 3553 3134 etpro-

148 3150 451 3216 ecclesia;
485 3163 588 3205 nec
618 3148 727 3203 hoc
761 3149 939 3206 semel
971 3150 1026 3204 in
1052 3166 1163 3206 una
1194 3153 1435 3223 synodo,
1472 3154 1575 3209 sed
1601 3155 1656 3210 in
1680 3170 1798 3211 om-
1830 3187 1878 3249 Ο
1909 3147 2088 3203 motio
2120 3146 2247 3217 ejus
2275 3146 2647 3202 execratione
2676 3161 2781 3202 sua
2814 3145 2909 3202 illa
2970 3148 3135 3218 quasi
3186 3149 3549 3205 auctorizata

149 3239 312 3296 nibus
361 3237 624 3310 synodis,
675 3243 965 3309 quotquot
995 3239 1111 3309 jam
1144 3242 1450 3311 septennio
1483 3243 1675 3300 Romae
1709 3258 1800 3300 ce-

146 3326 380 3385 lebrata
418 3331 573 3383 sunt.
611 3327 713 3382 Hic
743 3326 922 3397 igitur
954 3328 1028 3383 ita
1062 3328 1114 3383 in
1143 3329 1415 3400 perjuriis
1439 3330 1800 3389 inveteratus

144 3420 200 3473 et
231 3432 332 3489 pro
353 3416 578 3473 eisdem
612 3415 1168 3486 inrecuperahiliter
1200 3418 1509 3490 depositus
1561 3426 1617 3476 et
1670 3435 1804 3477 ana-

143 3505 575 3573 thematizatus,
602 3504 798 3560 sedem
813 3505 1051 3560 Romani
1069 3507 1381 3578 pontificis,
1416 3509 1507 3564 cui
1532 3509 1806 3566 obedien-

143 3595 278 3650 tiam
302 3593 545 3664 juravit,
574 3608 678 3664 per
696 3608 900 3650 manus
921 3593 1570 3667 anathematizatorum,
1598 3602 1804 3669 utpote

147 3683 230 3740 sui
262 3682 564 3752 similium,
605 3682 842 3749 invasit,
890 3682 1153 3753 legitimo
1206 3689 1441 3756 pastore
1489 3686 1680 3742 adhuc
1727 3687 1806 3743 ei-

148 3770 272 3829 dem
317 3772 447 3829 sedi
499 3772 878 3843 praesidente.
931 3772 1117 3843 (1083)
1169 3774 1436 3844 Ipsorum
1474 3781 1667 3831 autem
1709 3790 1807 3831 ex.

148 3861 705 3918 communicatorum
728 3859 925 3916 nullus
945 3875 1074 3917 eum
1100 3877 1469 3934 consecrare,
1494 3863 1585 3919 vel
1604 3865 1805 3935 potius

151 3965 422 4008 execrare
450 3949 853 4021 praesumpsit,
891 3957 1108 4021 praeter
1139 3951 1523 4008 Mutinensem
1572 3957 1633 4009 et
1684 3953 1807 4009 Ari-

155 4039 372 4098 thinum
403 4038 811 4110 exepiscopos,
847 4038 941 4109 qui
977 4041 1145 4095 ambo
1177 4055 1281 4110 pro
1314 4042 1435 4098 suis
1465 4042 1809 4099 criminibus

152 4126 262 4197 jam
299 4127 466 4184 annis
497 4127 691 4183 tribus
720 4126 909 4183 officio
940 4132 998 4183 et
1030 4128 1439 4185 communione
1471 4134 1802 4187 caruerant.

158 4214 262 4272 Sed
280 4216 358 4272 hii
381 4216 558 4273 etiam
580 4215 628 4272 si
651 4215 897 4272 ofﬁcium
923 4220 978 4272 et
1005 4218 1472 4274 communionem
1501 4218 1806 4289 haberent,
1842 4223 1855 4237 ‘

159 4308 213 4360 et
262 4305 516 4361 Romana
565 4304 738 4361 sedes
790 4309 1029 4376 pastore
1064 4310 1329 4377 vacaret,
1364 4305 1586 4364 nullum
1616 4312 1810 4364 tamen

161 4391 495 4450 eidem'sedi
519 4392 853 4464 pontificem
878 4393 1153 4450 ordinare
1181 4399 1440 4466 possent.
1468 4395 1811 4467 Hujusenim

160 4481 542 4543 ordinationis
557 4481 927 4554 privilegium
942 4482 1086 4539 solis
1100 4482 1502 4541 cardinalibus
1515 4485 1812 4557 episcopis

165 4569 498 4643 Albanensi,
533 4571 809 4642 Ostiensi,
840 4573 1177 4644 Portuensi,
1214 4588 1245 4630 a
1276 4574 1495 4630 sanctis
1544 4575 1814 4647 patribus

164 4663 249 4715 est
278 4673 641 4716 concessum.
670 4661 822 4730 Ergo
855 4661 1197 4718 Mutinensis
1240 4666 1296 4717 et
1350 4662 1656 4720 Arithinus
1697 4664 1817 4735 epi-

167 4749 326 4820 scopi
352 4748 519 4819 juxta
547 4749 952 4806 testimonium
982 4750 1333 4808 sanctissimi
1356 4766 1518 4824 papas
1539 4752 1817 4809 Innocen-

167 4836 228 4892 tii
262 4850 375 4895 non
428 4837 916 4910 benedictionem,
978 4838 1080 4896 sed
1127 4839 1596 4913 dampnationem
1644 4856 1815 4912 quam

168 4922 496 4985 habuerunt
527 4943 634 4985 suo
663 4928 983 4985 Ravennati
1007 4929 1305 5001 imponere
1330 4934 1646 5003 potuerunt
1672 4949 1687 4998 ;
1711 4944 1818 4987 nec

172 5013 330 5072 illum
361 5016 417 5072 in
450 5017 768 5074 Romanum
802 5018 1216 5090 patriarcham,
1246 5017 1349 5076 sed
1389 5019 1445 5075 in
1494 5019 1821 5092 perditissi-

170 5115 319 5162 mum
367 5106 802 5164 heresiarcham
850 5112 1289 5180 promoverunt.
1363 5109 1570 5168 Caveat
1638 5108 1822 5179 igitur

1909 3241 2018 3307 est,
2052 3240 2110 3292 et
2135 3234 2456 3304 judicatum
2490 3239 2577 3291 est
2610 3236 2683 3291 ab
2714 3234 2907 3306 impiis
2930 3239 2985 3290 et
3046 3237 3298 3307 perjuris
3346 3237 3542 3295 hostili

1911 3340 2081 3382 manu
2109 3325 2347 3380 Romam
2374 3322 2843 3393 aggrediendam,
2879 3328 2939 3380 ut
2990 3339 3157 3396 papa,
3211 3326 3306 3396 qui
3356 3327 3555 3398 populi

1912 3414 2196 3485 obsequio
2227 3418 2286 3468 et
2316 3427 2510 3468 amore
2539 3427 2670 3469 cum
2715 3413 2903 3482 gratia
2959 3413 3058 3469 Dei
3109 3414 3552 3486 protegebatur,

1913 3519 2043 3561 eum
2068 3502 2276 3573 injuria
2299 3506 2358 3557 et
2380 3500 2667 3557 dedecore
2687 3515 2715 3557 a
2733 3502 2867 3558 sede
2884 3501 3343 3574 propelleretur:
3366 3504 3553 3576 (1083)

1914 3606 2170 3663 eousque
2202 3604 2304 3647 rex
2333 3590 2584 3660 devenit,
2611 3596 2667 3647 ut
2699 3605 2802 3646 rex
2828 3606 2956 3646 cum
2982 3605 3127 3663 papa
3151 3606 3255 3648 suo
3295 3592 3558 3649 exercitu

1916 3680 2323 3739 innumerabili
2357 3678 2540 3736 fultus
2559 3680 2795 3736 Romam
2820 3680 3110 3751 tenderet,
3144 3685 3201 3736 et
3237 3681 3289 3736 in
3348 3682 3561 3739 itinere

1916 3774 2204 3843 quotquot
2238 3773 2465 3841 poterat
2501 3769 2570 3825 ad
2604 3767 2956 3825 adorandam
2988 3773 3263 3839 statuam,
3297 3772 3355 3825 et
3389 3770 3446 3825 in
3496 3784 3562 3826 ea

1917 3860 2222 3930 imaginem
2255 3858 2457 3915 bestia:
2488 3857 2896 3930 compellebat.
2940 3857 3051 3913 Sed
3108 3858 3279 3914 modo
3309 3856 3562 3915 mirabili

1919 3964 2033 4020 quo
2066 3947 2196 4020 plus
2229 3946 2301 4003 ad
2328 3946 2672 4019 explendam
2724 3947 2979 4018 profanae
3020 3947 3231 4004 mentis
3272 3946 3566 4004 vesaniam

1919 4038 2237 4099 ferebatur.
2270 4051 2340 4093 eo
2371 4038 2611 4107 gravius
2640 4036 3004 4093 deiciebatur
3033 4041 3089 4092 et
3148 4036 3572 4094 dehonestaba-

1920 4132 2036 4182 tur.
2073 4125 2398 4196 Aliquando
2426 4125 2579 4181 enim
2613 4139 2882 4195 magnum
2911 4130 3035 4181 erat
3071 4126 3119 4181 si
3160 4126 3292 4197 quis
3350 4125 3571 4195 regium

1920 4213 2182 4272 osculum
2212 4214 2567 4282 merebatur,
2600 4218 2831 4283 gratum
2866 4213 2915 4269 si
2949 4214 3081 4284 quis
3110 4213 3358 4284 vestigia
3409 4228 3572 4286 papze

1922 4301 2309 4361 oscularetur.
2347 4302 2506 4356 Nunc
2555 4315 2723 4357 versa
2773 4301 2898 4357 vice
2951 4316 3166 4373 rerum,
3224 4302 3575 4373 quicumque

1925 4391 2200 4448 inventus
2226 4389 2455 4459 fuisset,
2482 4390 2813 4459 tenebatur,
2831 4403 2937 4444 nec
2951 4394 3118 4445 antea
3141 4390 3573 4461 dimittebatur,

1924 4481 2039 4538 nisi
2072 4479 2257 4553 primo
2275 4479 2480 4550 pedem
2508 4477 2787 4550 paparelli
2809 4477 2967 4534 illius
2989 4477 3384 4548 oscularetur,
3410 4481 3467 4534 et
3488 4479 3577 4536 sic

1927 4570 2156 4626 demum
2181 4566 2386 4625 osculo
2401 4566 2557 4638 regis
2569 4567 2908 4640 potiebatur
2936 4586 2947 4620 :
2966 4572 3029 4623 ut
3043 4572 3203 4623 esset
3221 4566 3277 4621 in
3292 4566 3578 4623 ambobus

1926 4657 2283 4730 equipartita
2338 4656 2571 4727 injuria,
2629 4671 2829 4713 verum
2878 4655 3036 4726 regis
3095 4659 3258 4711 tanto
3318 4654 3575 4727 gravior,

1928 4750 2147 4818 quanto
2178 4745 2272 4802 hic
2300 4745 2469 4817 cujus
2499 4744 2751 4816 pedibus
2788 4743 3205 4811 inclinabatur,
3255 4747 3382 4799 erat
3434 4742 3576 4800 dete

1928 4838 2063 4893 rior.
2101 4836 2238 4904 Qua;
2269 4836 2421 4893 enim
2456 4836 2640 4907 major
2667 4848 2798 4891 esse
2846 4837 3041 4908 potest
3098 4832 3344 4901 insania,
3402 4845 3576 4903 quam

1925 4927 2114 4985 virum
2147 4925 2363 4982 litteris
2391 4925 2651 4997 adprime
2672 4922 2990 4993 eruditum,
3018 4920 3346 4993 disciplinis
3379 4920 3587 4977 aaccle-

1929 5014 2186 5074 siasticis
2232 5014 2538 5085 imbutum,
2592 5013 2916 5070 sanationis
2959 5009 3400 5069 :ecclesiasticze
3465 5024 3583 5067 non

1930 5107 2196 5178 ignarum
2228 5108 2523 5162 tenentem
2553 5102 2611 5160 in
2643 5102 2913 5161 aecclesia
2946 5114 3168 5173 magna;
3191 5097 3497 5170 dignitatis
3520 5105 3581 5157 et

1751 5223 1975 5281 NOTAE.

241 5322 389 5401 (18h)
420 5337 491 5380 xv
518 5322 761 5401 Kalend.
817 5323 944 5401 Maii
994 5324 1282 5401 depositio
1334 5323 1413 5401 d_._
1444 5323 1687 5401 Gebuini
1737 5338 1825 5401 ar-

171 5389 964 5474 chiepiscopi_l.ugdunen_sis
1004 5389 1219 5465 legitur
1267 5397 1320 5451 in
1369 5395 1718 5465 Necrologio
1769 5394 1822 5448 S.

174 5462 411 5535 Benigui
442 5462 835 5523 Divionensis.
868 5467 931 5521 Κ.

246 5535 394 5608 (186)
426 5537 488 5593 In
521 5537 740 5594 litteris
770 5536 1030 5608 Registr.
1066 5538 1149 5608 lx,
1194 5542 1280 5607 18,
1333 5553 1390 5595 ιχ
1440 5536 1677 5593 Kalend.
1728 5538 1837 5592 No-

177 5606 473 5681 vemb.'ad
503 5610 805 5681 Hugonem
835 5606 990 5681 datis
1009 5606 1220 5681 monet
1256 5609 1715 5681 Gregoriusne
1753 5622 1840 5665 re-

178 5676 373 5748 gimen
432 5676 839 5754 Lugdunensis
887 5679 1167 5740 Ecclesiae
1228 5676 1511 5740 accedere
1581 5679 1838 5739 dubitet.

498 5779 763 5848 PATROL.
796 5777 1009 5846 CLIV.

1937 5320 2164 5398 Scripta
2222 5324 2309 5377 est
2344 5316 2609 5398 epistola
2657 5333 2688 5376 a
2738 5320 2895 5398 1082,
2941 5314 3305 5398 8111119ολ.
3360 5315 3497 5397 1083
3528 5309 3596 5398 et

1940 5386 2179 5448 ineu'nte
2221 5386 2454 5463 quidem
2514 5386 2895 5463 consecratus
2957 5392 3045 5463 est
3113 5386 3596 5463 archiepiscopus

1944 5457 2371 5535 Lugdunensis,
2408 5463 2563 5535 quod
2592 5466 2651 5518 et
2680 5461 2869 5518 veteri
2899 5460 3145 5535 quadam
3193 5457 3401 5535 charta
3436 5457 3600 5535 recte

1945 5478 2024 5520 ιλιι
2069 5478 2371 5535 aunensns,
2408 5478 2563 5535 quoa
2592 5478 2651 5518 et
2680 5478 2869 5518 veteri
2899 5478 3145 5531 quadam
3199 5478 3401 5516 enarra
3436 5478 3595 5513 νευιο

1945 5478 2254 5665 ῗεόἕθίῗέεεθ
2285 5536 2564 5593 videntur
2594 5537 2870 5591 auctores
2892 5531 3035 5589 Gali.
3072 5530 3309 5604 Cbrist.,
3339 5534 3477 5587 tom.
3504 5527 3595 5601 IV,

3288 5770 3356 5834 11
