3894 6404
172 401 293 460 333

171 533 397 590 electos
430 549 565 591 suos
596 535 705 591 etsi
739 533 1049 604 aliquando
1083 535 1369 606 permittit.
1407 537 1658 606 concuti,
1711 552 1823 592 non
1855 538 1909 597 A

173 623 314 678 sinit
346 631 539 679 tamen
573 624 804 694 penitus
836 623 1196 680 labefactari.
1223 627 1361 694 (Fol.
1393 629 1536 695 130.)
1564 627 1683 681 Non
1709 626 1825 682 suf-

176 712 413 768 ﬁciebat
444 712 850 769 sacerdotibus
885 713 973 767 vel
1007 714 1159 769 solos
1193 729 1471 784 peccare;
1502 716 1633 770 facti
1657 720 1824 770 erant

177 799 424 870 laqueus
443 801 715 870 juvenem
741 816 958 869 omnes,
990 803 1243 856 utetiam
1273 805 1488 872 absque
1512 803 1822 872 synagogis

176 889 436 945 facerent
455 905 554 945 eos
569 891 664 958 qui
684 905 792 943 non
816 905 997 944 comm
1009 906 1038 944 u
1052 891 1316 944 nicabant
1331 892 1606 962 operibus
1621 907 1821 946 eorum

177 977 230 1030 in
273 978 752 1032 communicmulo
798 979 1338 1048 exeommunicatis,
1392 980 1445 1032 in
1497 980 1822 1049 adjectione

177 1067 467 1135 Gregorii,
505 1067 558 1120 in
595 1067 920 1122 assertione
949 1069 1211 1121 \‘t'iberti.
1246 1069 1366 1122 Jam
1412 1082 1550 1122 vero
1598 1069 1646 1122 si
1695 1069 1824 1137 quis

175 1162 337 1210 esset
362 1156 457 1225 qui
492 1156 768 1224 Gregorio
801 1157 1279 1225 conunlmiearrt,
1310 1157 1400 1211 hic
1430 1157 1658 1226 publice
1691 1172 1823 1212 con-

177 1243 345 1298 viciis
377 1245 785 1313 appetebatur,
812 1244 902 1297 bic
928 1244 1241 1307 hereticus,
1278 1244 1610 1298 destructor
1635 1244 1816 1312 regni,

174 1337 440 1387 assertor
465 1331 618 1401 mali,
648 1332 742 1401 qui
766 1347 869 1386 nec
895 1332 1007 1386 vita
1034 1333 1242 1400 dignus
1266 1338 1440 1400 esset,
1462 1334 1554 1401 qui
1575 1332 1820 1403 publica)

176 1419 597 1489 indignationis
615 1422 889 1476 otfensam
907 1423 1276 1476 contraheret
1296 1422 1583 1491 [mrjurus,
1601 1426 1656 1476 et
1683 1437 1822 1490 quo-

173 1509 301 1565 dam
335 1511 726 1565 adinvcntieio
759 1511 985 1564 nomine
1019 1512 1325 1566 l’ati‘rrinus
1359 1512 1683 1566 dicebatur.
1713 1510 1822 1564 Ad-

174 1604 453 1654 venerant
482 1605 741 1668 tempora
759 1599 1106 1668 periculosa,
1135 1600 1473 1654 obnubilata
1499 1605 1625 1654 erat
1646 1599 1821 1653 facies

170 1687 476 1757 accclesizc,
506 1703 613 1741 non
643 1689 989 1755 agnosm-bat
1019 1704 1162 1756 quos
1186 1694 1467 1752 gmuerat
1492 1688 1659 1756 filios,
1690 1690 1820 1758 quia

172 1777 508 1847 patiebatur
539 1776 803 1846 infestos,
839 1792 943 1830 nec
977 1777 1083 1845 ipsi
1119 1781 1358 1830 matrem
1403 1779 1816 1845 agnoscebant,

1435 400 1936 464 CHRONICON.
1974 439 2045 448 -——
2077 403 2228 465 LIB.
2263 404 2338 466 ΙΙ.

3462 420 3575 482 835-

2013 557 2040 587 «
2074 539 2386 608 Gregorius
2413 541 2739 611 cpiscopus,
2775 556 2982 598 servus
3015 559 3313 603 servorum
3341 550 3459 622 Dei,
3495 554 3578 608 di-

1942 627 2106 682 lecta)
2124 628 2175 681 in
2195 628 2423 683 Christo
2442 629 2570 685 filizc
2591 631 2842 685 ilatbildi
2860 632 3104 692 salutem
3123 641 3180 689 et
3195 639 3576 706 apostolicam

1945 716 2426 772 benedictionem.
2460 718 2682 782 Quanta
2731 720 2806 775 sit
2853 722 2985 775 mihi
3038 738 3197 791 cura,
3246 734 3575 802 quantaque

1942 804 2271 859 sollicitudo
2297 807 2364 860 de
2385 811 2440 860 te
2465 818 2675 877 tuaque
2701 809 2909 877 salute,
2938 811 3058 880 ipse
3083 813 3245 869 solus
3265 817 3360 884 qui
3379 820 3574 878 cordis

1943 892 2189 946 arebana
2222 894 2465 948 rimatur
2499 894 2790 966 intelligit,
2823 903 2878 951 ct
2907 898 3088 967 multo
3114 901 3316 958 melius
3338 920 3422 960 me
3451 908 3575 977 ipso

1941 982 2259 1048 cognoscit.
2296 984 2369 1037 Tu
2406 987 2594 1038 tamen
2640 986 2686 1038 si
2738 1002 2983 1055 pensare
3035 1005 3141 1043 non
3193 993 3458 1062 ncgligis,
3511 1003 3570 1051 ut

1943 1085 2072 1124 reor
2103 1071 2530 1128 auimmlvertes
2565 1074 2692 1142 quia
2731 1090 2832 1144 pro
2872 1077 3049 1131 tantis
3102 1095 3188 1135 me
3238 1083 3319 1135 tui
3374 1099 3570 1141 curam

1943 1159 2154 1212 habere
2179 1165 2433 1230 Oportet,
2462 1177 2564 1231 pro
2589 1164 2821 1231 quantis
2843 1167 2898 1218 te
2924 1167 3190 1222 raritatis
3207 1171 3415 1227 studiis
3429 1174 3574 1229 deti-

1943 1248 2059 1315 nui,
2098 1264 2164 1301 ne.
2201 1249 2330 1302 illos
2357 1249 2683 1314 desercrcs,
2718 1258 2776 1306 ut
2813 1257 2921 1307 tua)
2957 1255 3142 1310 solius
3167 1258 3343 1313 saluti
3369 1262 3572 1318 anima}

1943 1335 2295 1403 invigilat-es.
2331 1339 2560 1392 Karitas
2586 1340 2754 1408 enim,
2785 1346 2845 1394 ut
2871 1357 3005 1411 sepe
3030 1343 3145 1397 dixi
3169 1351 3226 1398 et
3250 1347 3456 1418 dicam,
3486 1366 3574 1410 sc-

1943 1439 2124 1493 qucns
2156 1426 2426 1480 celt‘istcm
2461 1429 2676 1498 tubam,
2713 1442 2822 1484 non
2860 1432 3049 1499 querit
3085 1448 3212 1502 qua)
3265 1451 3368 1490 sua
3414 1446 3566 1496 sunt.

1942 1514 2046 1567 Sed
2076 1515 2204 1582 quia
2233 1515 2382 1570 inter
2405 1522 2599 1571 cetera
2627 1533 2754 1587 quae
2779 1519 2883 1572 tibi
2906 1526 3107 1575 contra
3138 1525 3330 1579 mundi
3364 1528 3573 1597 princi-

1942 1617 2089 1670 pem,
2129 1603 2352 1657 favente
2387 1607 2518 1673 lico,
2556 1621 2710 1659 arma
2743 1609 2983 1676 ciuituli,
3020 1613 3169 1680 quod
3205 1615 3572 1683 potissimum

1940 1695 2052 1758 est,
2089 1694 2146 1743 ut
2167 1708 2377 1761 corpus
2403 1695 2756 1749 bozninieum
2784 1697 3104 1764 acciperes,
3135 1701 3404 1772 iudicavi,
3431 1711 3486 1759 ct
3511 1711 3574 1762 ut

1939 1784 2114 1834 certa}
2137 1780 2207 1834 tid
2221 1782 2363 1835 ueiae
2390 1783 2589 1837 matris
2611 1785 2832 1838 Domini
2855 1791 2907 1840 te
2926 1789 3156 1844 omnino
3172 1793 3572 1849 committeres

171 1879 340 1934 quam
374 1879 504 1919 eum
541 1864 737 1918 multis
769 1870 823 1918 et
854 1864 1014 1918 miris
1041 1865 1220 1919 modis
1246 1866 1567 1932 {diligerent
1592 1870 1649 1919 et
1676 1866 1821 1919 inse-
1852 1896 1903 1953 Β
1939 1871 2209 1938 prarcepi,
2247 1872 2382 1939 quid
2419 1873 2549 1926 inde
2584 1874 2790 1928 beatus
2817 1877 3179 1948 Ambrosius,
3206 1881 3479 1937 videlicet
3503 1885 3572 1940 de

168 1958 495 2021 ctarentur,
529 1953 710 2007 vicem
741 1953 866 2020 ejus
901 1953 1098 2006 dolere.
1141 1969 1251 2007 non
1306 1959 1605 2008 noverant.
1661 1955 1817 2007 Beati

169 2045 264 2115 qui
299 2044 356 2098 in
389 2043 492 2098 hac
525 2048 742 2097 sancta)
773 2044 869 2098 Dei
905 2043 1172 2097 ecclesia)
1218 2043 1657 2098 conculcationc
1710 2060 1817 2099 non

166 2133 616 2204 inquinavcrunt
643 2133 989 2187 vestimenta
1018 2149 1117 2186 sua
1149 2132 1815 2202 ;amlmlabuntinalbis,

165 2223 296 2293 quia
330 2221 488 2291 digr‘
527 2226 680 2276 sunt.

233 2329 349 2382 Nec
383 2328 644 2382 mutabat
677 2328 892 2397 pardus
922 2329 1237 2382 varietates
1267 2343 1419 2396 suas,
1467 2328 1814 2396 Heinricus;

165 2416 389 2473 scilicet
429 2417 726 2486 nequicias
762 2432 915 2485 suas,
953 2418 1045 2485 qui
1099 2418 1270 2471 immo
1322 2419 1515 2472 Romze
1568 2419 1812 2488 positus,

167 2510 456 2576 quotquot
491 2510 722 2576 poterat
759 2506 944 2573 minis,
982 2507 1332 2573 terroribus,
1381 2507 1813 2577 blz'indimentis,

167 2595 477 2667 promissis
505 2594 613 2648 sibi
648 2594 1037 2658 conciliabat;
1077 2594 1244 2662 bella,
1283 2595 1474 2662 cedes,
1507 2596 1813 2650 homicidia

165 2697 265 2754 per
297 2699 358 2738 se
384 2697 641 2752 suosque
667 2683 904 2746 faciens,
932 2689 990 2737 et
1030 2683 1164 2736 totis
1189 2684 1400 2751 quibus
1429 2688 1654 2753 poterat
1681 2686 1815 2740 nisi-

163 2770 268 2827 bus
299 2771 594 2841 iniquitati
633 2771 849 2839 favens,
889 2771 1120 2825 veritati
1155 2771 1455 2840 resistens,
1491 2776 1546 2826 et
1574 2772 1814 2843 insuper

163 2861 282 2915 suis
313 2860 549 2913 litteras
585 2860 840 2922 mittens,
880 2860 1089 2929 quibus
1121 2875 1179 2913 se
1204 2860 1438 2913 Romam
1463 2861 1807 2931 optinuisse,

163 2963 363 3020 papam
396 2948 701 3017 dejccisse,
737 2956 793 3002 et
836 2949 1105 3003 erunibus
1152 2949 1383 3003 omnino
1435 2949 1810 3019 prmvaluisse

159 3037 520 3094 mendaciter
538 3038 925 3103 contingebat.
941 3040 1006 3091 At
1027 3054 1161 3092 vero
1179 3038 1806 3102 Itlatbildiscomitissa,

158 3125 430 3182 Romanae
463 3126 744 3181 azcclesiaa
783 3127 916 3194 tilia,
965 3127 1152 3180 virilis
1199 3127 1370 3181 animi
1421 3129 1808 3182 constantiam

157 3218 380 3285 tenens,
414 3219 581 3270 tanto
616 3216 666 3269 ci
712 3216 919 3270 fortius
973 3217 1302 3284 resisti'll'iat,
1357 3223 1572 3286 quanto
1625 3219 1808 3283 magis

158 3303 324 3374 hujus
356 3305 610 3359 astutias
639 3309 693 3358 et
730 3321 891 3375 pap:e
926 3305 1311 3358 innocentiam
1366 3310 1625 3360 noverat.
1681 3307 1806 3361 Sola

157 3393 300 3448 enim
335 3399 474 3448 tunc
507 3393 790 3463 temporis
822 3394 1050 3448 inventa
1087 3401 1176 3447 est
1211 3394 1363 3448 inter
1390 3395 1651 3464 feminas,
1682 3410 1807 3463 qua)

156 3483 304 3550 regis
337 3483 656 3553 potentiam
691 3489 999 3552 aspernata
1052 3484 1147 3552 sit,
1202 3499 1329 3552 quae
1376 3483 1806 3539 ealliditatilms

155 3573 276 3641 ejus
295 3577 348 3626 et
373 3573 655 3643 potentiae
681 3573 854 3628 ctiam
885 3573 1090 3627 bellico
1111 3574 1427 3628 certamine
1454 3574 1800 3643 obviaverit,

155 3662 441 3717 utmerito
461 3661 790 3716 nominetur
808 3662 1022 3730 virago,
1044 3679 1170 3731 qua)
1188 3663 1404 3718 virtute
1437 3663 1608 3717 animi
1627 3665 1802 3718 etiam

153 3750 310 3805 viros
332 3750 599 3822 praeibat.
632 3751 865 3818 Adesto,
897 3767 1114 3807 summe
1141 3754 1306 3812 Deus.
1327 3753 1805 3807 etiecclesiagtua:

156 3851 390 3908 regnum
425 3845 484 3895 et
520 3840 954 3895 accelesiasticze
970 3842 1626 3908 constitutionisrobur,
1654 3841 1805 3910 quod

159 3927 370 3999 Spiritu
406 3934 610 3985 sancto
641 3935 739 3984 tuo
771 3930 1079 3984 ordinante
1137 3930 1492 4000 lirmaveras,
1548 3946 1660 3986 non
1711 3947 1807 4000 pa-

157 4014 319 4072 tiaris
347 4017 418 4072 de
440 4016 692 4072 culmine
717 4015 919 4085 gloria:
945 4033 1064 4072 suae
1090 4018 1288 4082 dilabi,
1313 4033 1419 4072 nec
1444 4019 1599 4072 sinas
1623 4020 1802 4071 tantis

157 4105 458 4174 subiacere
488 4106 786 4176 periculis.
825 4109 938 4162 l-lee
972 4113 1060 4161 est
1101 4107 1305 4161 mulier
1341 4107 1456 4173 illa,
1494 4109 1562 4161 de
1597 4123 1707 4176 qua
1733 4110 1802 4162 ab

156 4195 639 4250 ottrectatoribus
660 4194 725 4226 ‘1‘
753 4195 881 4250 fidei
912 4201 966 4249 et
1002 4195 1512 4250 cmiculcatoribus
1539 4196 1803 4251 veritatis

155 4282 366 4338 crimen
392 4285 652 4340 incestus
677 4289 882 4338 sancto
909 4284 1168 4354 pontifici
1194 4283 1600 4352 objiciebatur.
1633 4285 1732 4339 Cui
1754 4285 1800 4338 si

155 4371 421 4429 deessent
457 4374 794 4429 meritorum
832 4374 1050 4439 laudes,
1089 4374 1196 4428 hoc
1243 4373 1428 4428 solum
1481 4373 1626 4428 satis
1675 4389 1799 4429 eam

155 4462 666 4518 commendabilem
701 4463 994 4531 redderet,
1031 4463 1181 4531 quod
1215 4478 1344 4517 cum
1367 4462 1468 4517 tali
1496 4463 1639 4530 viro,
1669 4464 1799 4517 dum

155 4553 561 4622 exprobratur,
589 4552 721 4607 dum
739 4551 990 4606 convitia
1011 4551 1278 4620 suscipit,
1297 4551 1430 4605 dum
1450 4551 1797 4621 improperia

1937 1961 2217 2014 sumendo
2248 1977 2491 2032 corpore
2524 1969 2582 2017 et
2612 1966 2889 2031 sanguine
2923 1969 3142 2023 Domini
3185 1971 3359 2042 dicat,
3393 1973 3483 2030 hic
3517 1977 3570 2030 in

1937 2047 2155 2103 litteris
2190 2050 2470 2105 intimavi.
2501 2053 2593 2106 Ait
2621 2054 2766 2107 enim
2794 2055 2846 2108 in
2879 2055 3022 2111 libro
3048 2061 3078 2110 4
3101 2059 3168 2112 de
3194 2064 3572 2119 sacramentis

1935 2137 2086 2191 inter
2117 2142 2312 2192 retcra
2341 2141 2446 2196 :Si
2469 2143 2707 2196 morlcm
2731 2145 2902 2199 Domi
2910 2147 2972 2200 πί
2993 2150 3347 2204 ιιῖὶῖιῖίηϐἱίιηλ
3359 2166 3441 2219 us,
3469 2167 3572 2208 cm-

1931 2227 2288 2282 mmcicmms
2317 2230 2722 2285 remissionem
2761 2234 3149 2302 peccatorum.
3203 2241 3279 2294 Si
3319 2242 3573 2309 quoties-

1931 2329 2176 2384 cztmr/ue
2191 2316 2490 2386 funditur
2518 2322 2771 2388 sanguis
2802 2323 3060 2392 Domini,
3087 2327 3148 2380 1772
3172 2330 3573 2386 remissionem

1918 2405 2295 2476 perc/(forum
2308 2407 2624 2477 χῖίλῖλῖέίηιίν,
2656 2410 2824 2465 del/eo
2847 2412 3016 2467 illum
3038 2429 3263 2485 semper
3285 2421 3565 2489 accipe-re,

1928 2493 2000 2548 ut
2023 2507 2137 2548 sem
2138 2509 2249 2563 per
2279 2496 2428 2550 milii
2448 2499 2696 2565 peream
2727 2501 3130 2557 dimi/imiter.
3191 2507 3304 2568 Qui
3352 2521 3572 2578 semper

1916 2596 2109 2652 pecco,
2136 2597 2360 2653 semper
2380 2584 2546 2639 debeo
2568 2585 3144 2647 ltili/dreﬁlt’diCiﬁ-(liil
3170 2594 3334 2665 (187,).
3359 2597 3496 2651 [tem
3517 2597 3570 2652 in

1930 2670 2077 2725 libro
2111 2677 2140 2725 5
2171 2672 2239 2726 dc
2283 2676 2661 2728 sacramentis
2692 2676 2756 2707 “5
2791 2697 2801 2730 :
2836 2701 2860 2725 υ

2000 2760 2119 2824 (F01
2174 2762 2338 2833 l30‘.)
2373 2765 2686 2831 Gregorius
2721 2767 2896 2834 igitur
2930 2769 2981 2822 in
3033 2776 3192 2826 turre
3242 2774 3569 2831 Crescentis

1927 2865 2091 2904 muro
2125 2850 2365 2921 clausis,
2405 2852 2629 2917 legatos
2666 2856 2818 2909 misit
2855 2858 2922 2912 ad
2975 2860 3293 2916 Robertum
3348 2863 3567 2933 Apulia)

1927 2939 2154 3005 ducem,
2181 2942 2275 3010 qui
2304 2945 2439 2996 tunc
2467 2944 2614 2998 forte
2633 2945 2820 2999 classe
2842 2947 3124 3003 instructa
3145 2966 3299 3005 mare
3320 2953 3568 3009 transire

1927 3030 2188 3098 parabat,
2209 3036 2271 3085 ut
2287 3032 2508 3086 veniret
2526 3039 2583 3086 ct
2599 3034 2961 3090 obsidionem
2980 3038 3254 3093 solveret.
3276 3041 3409 3094 Erat
3431 3045 3566 3097 tunc

1927 3117 2298 3174 ἴοι-1011011110
2333 3122 2510 3175 abbas
2561 3123 2926 3180 Divionensis
2973 3127 3205 3182 domino
3257 3145 3417 3200 papa)
3467 3147 3568 3200 per

1924 3207 2110 3260 omnia
2147 3208 2536 3275 fidelissimus,
2567 3227 2733 3280 quem
2757 3229 2861 3282 pro
2884 3214 3135 3280 ingenita
3165 3217 3274 3270 sibi
3305 3219 3564 3273 bonitate

1924 3299 1982 3348 et
2016 3296 2344 3352 obcdientia
2376 3301 2574 3354 debita
2612 3301 2779 3355 beato
2815 3303 3004 3364 Petro,
3060 3305 3399 3360 dulcissimo
3449 3322 3565 3362 am-

1924 3383 2292 3453 plectebatur
2311 3388 2542 3456 atl‘cctu,
2571 3389 2714 3443 adeo
2740 3393 2802 3444 ut
2826 3392 3228 3461 eoncaptivum
3254 3410 3417 3449 suum
3434 3409 3564 3450 eum

1922 3481 2157 3529 vocaret
2192 3493 2204 3538 ;
2240 3477 2372 3545 quia
2407 3492 2514 3531 non
2550 3493 2678 3532 cum
2712 3482 3016 3535 i'mivebant
3053 3482 3262 3536 salutis
3305 3484 3564 3552 pericula

1922 3579 2025 3634 pro
2053 3565 2281 3632 justitia
2313 3573 2604 3636 susctq'ita.
2642 3569 2801 3623 llunc
2828 3585 2969 3634 ergo
2997 3571 3064 3623 ad
3091 3573 3448 3627 cvmaudum
3473 3573 3568 3629 du-

1921 3668 2042 3707 cem
2078 3669 2204 3708 cum
2243 3656 2588 3723 quibusdam
2621 3659 3020 3712 cardinalilms
3055 3661 3224 3714 misit.
3272 3662 3378 3726 Qui
3430 3664 3568 3717 obe-

1920 3741 2194 3796 dientiam
2214 3759 2323 3797 non
2343 3746 2601 3811 segniter
2617 3761 2760 3815 cxeq
2776 3752 2971 3808 nutus,
2987 3749 3302 3819 g‘irincipi‘nu
3323 3751 3427 3804 add
3443 3752 3563 3805 uxit

1919 3834 1976 3883 et
2002 3829 2132 3884 data
2160 3832 2296 3886 Urbi
2323 3834 2647 3900 oljisidione,
2679 3837 3091 3907 patel‘actoque
3119 3838 3404 3908 ingressu,
3428 3855 3561 3909 rege

1919 3920 2135 3988 fugato,
2175 3937 2317 3991 papa
2354 3923 2658 3993 liberatur,
2695 3931 2753 3978 et
2777 3925 2844 3978 ad
2873 3926 3256 3982 Lateramiu'isc
3285 3929 3559 3998 palatium

1917 4023 2044 4062 cum
2075 4009 2256 4077 gloria
2283 4012 2604 4066 reducitur.
2639 4016 2706 4066 At
2739 4014 2868 4082 quia
2895 4017 3358 4071 ΝίζΗ⁸¹11ἷ11⁷11101¹11111
3388 4018 3563 4072 insta-

1921 4096 2114 4150 bilitas
2137 4099 2287 4152 Urbe
2313 4105 2478 4168 capta
2506 4107 2558 4153 et
2592 4102 2800 4169 prmdz‘e
2825 4103 2956 4156 data
2987 4105 3161 4158 multa
3195 4105 3334 4159 mala
3362 4121 3562 4176 perpe-

1918 4188 2195 4246 traverat,
2236 4186 2510 4240 nobilium
2551 4189 2934 4242 ltmuanorum
2962 4191 3108 4245 tilias
3133 4193 3476 4261 stuprando,
3501 4198 3557 4247 et

1917 4276 2194 4326 nocentes
2213 4288 2278 4341 pa
2292 4274 2432 4327 riter
2451 4274 2906 4344 innocentesque
2927 4279 3044 4345 pari
3069 4294 3232 4347 pecua
3251 4281 3556 4349 allligcndo

1916 4358 2251 4429 nullumque.
2269 4361 2517 4425 modum,
2543 4362 2623 4416 uti
2640 4363 2970 4418 victoribus
2989 4381 3111 4419 mos
3127 4374 3239 4435 est,
3261 4368 3312 4421 in
3331 4369 3554 4438 rapina,

1915 4448 2286 4516 crudelitate,
2320 4450 2647 4519 direptione
2681 4453 2946 4507 habendo
2982 4473 2992 4506 :
3030 4457 3253 4510 veritus
3293 4473 3361 4511 ne
3411 4457 3558 4512 duce

1917 4538 2228 4594 recedente
2254 4539 2568 4594 infidelitas
2592 4541 2841 4595 Romana
2869 4543 3162 4610 exagitata
3180 4547 3556 4600 recrudesce-

154 4639 333 4710 audit,
371 4641 754 4711 approbatur,
787 4641 1124 4710 honoratur,
1157 4639 1451 4697 laudatur.
1489 4640 1625 4704 Quae
1649 4641 1798 4694 enim
1832 4613 1884 4674 D
1917 4634 2025 4697 ι’θῐ,
2058 4633 2116 4683 θί
2148 4644 2290 4697 QUOS
2324 4634 2490 4684 δηιθτι
2526 4631 2989 4700 hahuer“illum
3024 4632 3169 4687 “tios
3191 4634 3430 4700 ³1111008,
3463 4650 3556 4705 P3-

153 4732 214 4784 ut
244 4729 364 4786 haec
395 4745 502 4800 pro
533 4730 784 4785 Romana
819 4730 1144 4785 decertavit
1184 4729 1491 4784 mcclesia?
1537 4728 1691 4795 Quot
1741 4734 1801 4785 et

154 4823 360 4886 quanta
392 4833 561 4889 passa
584 4824 695 4888 est,
725 4826 785 4874 ut
811 4819 908 4873 illa
934 4820 1130 4875 debita
1156 4818 1432 4873 libertate
1459 4820 1798 4875 frueretur?

153 4902 358 4962 Extant
391 4908 462 4962 ad
492 4922 614 4963 eam
647 4906 849 4978 plures
880 4907 1142 4979 cpistola:
1177 4923 1378 4978 papas;
1415 4923 1657 4977 quarum
1705 4909 1798 4965 hic

154 5004 316 5050 unam
347 5010 460 5050 non
492 4996 714 5067 pigebit
746 4997 1028 5065 inserere,
1067 5001 1128 5051 ut
1149 5001 1522 5065 agnoscatur,
1553 5011 1659 5066 qua
1685 4997 1796 5052 sibi

152 5075 389 5159 invicem
421 5083 629 5139 unione
660 5087 1108 5154 eonnectantur,
1142 5089 1201 5139 ut
1227 5098 1395 5138 omne
1421 5099 1486 5139 os
1510 5083 1666 5156 loqui
1694 5085 1796 5139 ini-

151 5178 257 5236 qua
289 5167 605 5225 volentium
640 5171 1005 5240 obstruatur,
1041 5176 1098 5225 et
1131 5176 1196 5226 ut
1226 5171 1478 5226 benivoli
1504 5171 1798 5227 instruan-

147 5254 260 5327 tur,
292 5262 352 5314 et
379 5257 677 5329 maliloqui
707 5260 1054 5316 erubescant
1085 5264 1145 5316 et
1177 5259 1647 5317 confundantur:

1916 4722 2142 4772 teretur
2157 4718 2388 4786 infidos,
2404 4718 2723 4774 cedendum
2742 4720 2987 4789 temperi
3005 4720 3349 4785 arbitratus,
3368 4722 3555 4778 Saler-

1913 4822 2045 4863 num
2078 4823 2137 4864 se
2161 4807 2428 4863 contulit.
2464 4810 2583 4862 Rex
2613 4823 2747 4863 vero
2781 4809 2946 4863 hosts
2990 4809 3361 4879 adventante,
3405 4813 3552 4881 fugae

1909 4897 2246 4968 praesidium
2284 4898 2607 4967 requirens,
2641 4897 2893 4965 sigillum
2929 4899 3142 4952 domini
3171 4915 3350 4969 papie,
3381 4916 3548 4969 quem

1911 4987 2065 5043 furto
2088 4989 2482 5057 subripuerat,
2511 5002 2708 5042 secum
2733 4987 2863 5041 tulit
2882 5005 2892 5050 ;
2913 4992 2970 5041 ct
2991 4989 3392 5057 Poruzenscm,
3413 4991 3548 5059 quia

1909 5076 2045 5132 olim
2073 5077 2372 5132 familiaris
2397 5091 2557 5146 papm
2585 5077 2794 5141 fuerat,
2823 5077 2932 5131 sibi
2958 5077 3332 5132 conciliatum
3350 5093 3548 5135 secum

1908 5168 2092 5226 duxit.
2130 5169 2455 5223 Witbertus
2487 5183 2624 5222 vero
2653 5171 2709 5221 et
2747 5167 2867 5237 ipse
2895 5168 3136 5236 aufugit.
3165 5168 3550 5233 Quamobrem

1905 5258 2093 5314 verita
2124 5257 2437 5328 Mathildis,
2474 5271 2543 5313 ne
2576 5255 2872 5329 simplices
2911 5258 3124 5330 quique
3149 5258 3364 5317 astutia
3389 5259 3548 5331 regis

1510 5397 1744 5452 VARiJE
1787 5396 2185 5453 LECTIONES.

1781 5540 1950 5596 ΟΤΑΞ.

220 5634 618 5710 _(t_87_)_Desunt
647 5637 960 5709 permulta.
1003 5637 1142 5693 Data
1175 5642 1266 5694 est
1299 5637 1549 5708 epistola
1584 5654 1652 5694 xv
1683 5638 1920 5695 Kalend.
1954 5638 2104 5710 Mai.,
2157 5637 2280 5696 ind.
2338 5642 2419 5707 12,
2471 5634 2526 5692 id
2569 5642 2656 5692 est
2702 5637 2870 5702 107.1;
2901 5635 3140 5703 Regis!"
3200 5636 3241 5703 ῐ,
3279 5640 3372 5704 47;
3407 5637 3548 5695 Cod.

214 5460 280 5496 “‘
307 5463 399 5520 ita
428 5479 474 5522 c.
508 5463 576 5497 ⁴¹⁵
612 5465 770 5523 locus
807 5469 1001 5524 vacat.

148 5701 398 5764 Udalrici
428 5713 549 5765 157.
587 5701 655 5766 K.‘
