3894 6400
348 381 465 445 335

1316 377 1684 443 HUGONIS
1727 379 2080 445 ABBATIS
2121 381 2804 452 FLAVINIACENSIS

3647 386 3774 455 336

348 518 544 595 specie
564 517 740 590 sigilli
766 515 1198 589 deciperentur,
1217 515 1498 588 praevenit
1515 515 1989 585 malitiamillius,
2024 518 2081 579 A
2109 518 2340 590 fluctus,
2377 523 2474 593 qui
2507 525 3019 594 perturbationum
3055 527 3323 597 impetus,
3361 528 3457 598 qui
3492 527 3767 586 dolorum

352 614 590 667 mittens
620 609 853 663 litteras
882 606 1153 662 fidelibus
1186 606 1243 660 in
1274 607 1383 663 hec
1409 607 1589 662 verba
1622 624 1634 660 :

425 723 451 748 (ι
480 697 774 755 Mathildis
806 696 902 750 Dei
936 694 1124 764 gratia
1170 694 1218 750 si
1268 694 1406 765 quid
1457 702 1566 765 est,
1620 695 1892 751 omnibus
1938 695 1995 750 in

349 787 871 847 Theuthonicorum
919 799 1097 853 regno
1139 785 1664 855 commorantibus,
1716 783 1988 841 salutem.

354 879 561 935 Notum
593 875 759 932 vobis
803 874 1068 943 facimus,
1105 873 1262 943 quod
1310 873 1619 930 Heiuricus
1662 872 1850 930 falsus
1893 888 1994 929 rex

352 969 507 1023 furto
531 963 825 1035 subripuit
851 962 1118 1033 sygillum
1140 962 1513 1033 domnipapaa
1530 961 1813 1031 Gregorii.
1832 961 1993 1018 Unde

350 1055 396 1111 si
432 1053 569 1125 quid
601 1051 910 1108 audieritis
960 1050 1116 1121 quod
1168 1049 1465 1106 discordet
1509 1064 1537 1104 a
1589 1054 1790 1105 nostra
1841 1048 1994 1119 lega-

349 1144 532 1212 tione,
568 1139 777 1196 falsum
819 1138 1207 1208 arbitramini,
1258 1153 1447 1208 neque
1497 1137 1818 1194 mendaciis
1867 1139 1995 1207 ejus

239 1282 255 1295 ,
350 1229 766 1302 adquiescatis.
802 1229 1082 1284 Preterea
1111 1227 1446 1298 episcopum
1482 1228 1863 1283 Portuensem
1906 1241 1995 1283 se-

348 1336 476 1378 cum
513 1318 716 1384 ducit;
766 1316 1035 1388 quoniam
1084 1316 1220 1372 olim
1271 1316 1377 1371 fuit
1422 1315 1724 1372 familiaris
1775 1316 1993 1371 domini

353 1425 535 1482 papae.
573 1408 627 1462 Si
662 1408 842 1478 igitur
889 1405 1108 1476 aliquid
1154 1405 1452 1461 vobiscum
1499 1405 1591 1461 vel
1635 1409 1841 1461 contra
1893 1420 1996 1461 vos

352 1513 455 1570 per
484 1512 613 1553 eum
638 1496 764 1553 vult
787 1495 1040 1567 operari,
1063 1508 1194 1549 eum
1228 1494 1437 1549 falsum
1460 1497 1671 1549 testem
1694 1493 1876 1553 nolite
1894 1494 1995 1550 du-

352 1587 560 1643 bitare.
597 1584 752 1641 Nulli
786 1598 1054 1653 umquam
1081 1582 1359 1651 credatis,
1383 1582 1478 1652 qui
1503 1582 1674 1637 aliter
1697 1597 1865 1652 quam
1891 1600 1997 1643 nos

352 1677 546 1733 dicere
577 1672 834 1730 audebit.
872 1671 1081 1727 Sciatis
1109 1670 1380 1725 domuum
1425 1685 1626 1741 papam
1674 1672 1790 1741 jam
1834 1687 1997 1727 recu-

353 1778 589 1837 perasse
622 1761 879 1818 Sutrium
912 1764 1088 1830 atque
1118 1760 1293 1830 Nepe.
1323 1760 1610 1815 Barrabas
1631 1760 1805 1829 latro,
1832 1760 1888 1815 id
1908 1765 1997 1816 est

352 1852 605 1910 lleinrici
639 1865 810 1922 papa,
844 1850 964 1920 ipse
998 1864 1227 1919 quoque
1258 1848 1503 1918 aufugit.
1544 1848 1768 1919 Valete,
1817 1854 1873 1905 et
1926 1848 1998 1904 dc
2028 1881 2079 1939 Β

356 1942 579 2000 insidiis
608 1939 865 1996 Heinrici
896 1940 1052 1995 cauti
1082 1942 1294 1993 estote.
1330 1960 1355 1985 ιι

426 2032 611 2102 Igitur
642 2045 865 2086 summo
899 2028 1174 2100 pontiﬁce
1205 2028 1278 2082 ab
1311 2027 1462 2082 Urbe
1486 2026 1842 2097 discedente,
1869 2029 1997 2098 ejus

353 2120 656 2178 comitatui
690 2119 871 2174 abbas
904 2115 1269 2172 Divionensis
1304 2130 1410 2171 non
1437 2115 1640 2171 defuit.
1668 2119 1877 2172 Verum
1902 2116 1996 2171 die

356 2210 601 2282 quadam
631 2206 897 2264 exercitu
933 2205 1083 2261 ultra
1110 2220 1277 2274 quam
1299 2210 1641 2275 speraverat
1666 2220 1889 2261 summo
1913 2206 1996 2260 di-

354 2299 552 2356 luculo
583 2310 917 2369 progresso,
953 2309 1080 2350 cum
1115 2293 1236 2364 ipse
1259 2309 1388 2349 cum
1414 2294 1591 2349 sociis
1615 2294 1772 2349 celer
1796 2295 1997 2350 subse-

355 2391 655 2460 queretur,
686 2384 951 2442 calonum
996 2383 1227 2438 turbam
1276 2382 1539 2451 offendit,
1589 2397 1686 2453 qui
1733 2387 1997 2439 extrema

354 2478 607 2534 hostium
640 2478 975 2544 sequentes,
1009 2471 1150 2527 mira
1181 2471 1443 2540 agilitate
1466 2470 1741 2527 currendi
1764 2472 1996 2541 ignaros

356 2566 475 2623 doli
505 2571 562 2620 et
598 2563 818 2620 fraudis
849 2560 1244 2617 trucidabant.
1282 2560 1537 2626 Quorum
1565 2561 1881 2631 nequitiam
1906 2562 1997 2616 ab-

359 2657 482 2724 bas,
503 2657 562 2710 ut
578 2656 861 2724 expertus
883 2651 939 2706 in
959 2638 1531 2719 talibus;agnoscens
1554 2654 1614 2705 et
1640 2664 1992 2720 przecavcns,

356 2746 547 2801 socios
579 2744 690 2798 iter
724 2740 1057 2797 accelerare
1089 2739 1455 2811 prmmonuit.
1490 2741 1697 2795 Verum
1724 2739 1841 2796 illis
1867 2756 1997 2811 pro-

358 2848 496 2905 pere
512 2831 884 2899 abeuntibus,
899 2845 1027 2885 cum
1048 2832 1356 2899 postterga
1372 2828 1617 2885 subdole
1642 2830 1996 2888 clamaretur

356 2920 784 2991 abimpiis,non
802 2933 931 2973 esse
946 2932 1070 2972 eam
1085 2918 1236 2973 viam
1264 2932 1389 2991 qua:
1413 2918 1797 2988 praeeuntium
1823 2920 1998 2974 vesti-

355 3011 469 3081 gia,
498 3012 847 3078 sequeretur
867 3022 928 3062 se
942 3006 1090 3061 viam
1109 3006 1280 3074 scire,
1296 3010 1352 3061 et
1373 3013 1608 3078 paratos
1623 3007 1933 3064 ostendere
1948 3009 1995 3063 si

356 3102 835 3170 expectarentur,
861 3096 1072 3150 abbate
1091 3095 1601 3152 contradicentaet
1618 3095 1782 3151 dolos
1796 3111 1996 3153 eorum

359 3187 788 3255 manifestante,
826 3186 1008 3240 frater
1033 3183 1127 3253 qui
1151 3184 1545 3241 comitabatur
1566 3184 1881 3242 Walterius
1904 3202 2001 3242 no-

360 3280 511 3335 mine
543 3275 829 3346 substitit,
862 3281 917 3330 et
956 3274 1107 3330 ultra
1140 3279 1337 3331 votum
1367 3274 1620 3331 omnium
1646 3276 1793 3331 viam
1819 3277 1891 3331 ab
1913 3277 2000 3333 cis

360 3366 664 3438 querebat.
701 3367 742 3419 A
776 3363 986 3433 quibus
1006 3378 1136 3418 mox
1157 3370 1515 3435 peremptus,
1540 3364 1689 3420 viam
1717 3365 2001 3421 universae

356 3454 551 3513 carnis
582 3454 957 3523 ingressurus
985 3456 1131 3507 erat.
1168 3450 1330 3516 Quod
1364 3457 1419 3506 et
1457 3454 1537 3508 ita
1565 3455 1832 3524 contigit.
1862 3455 2000 3511 Cum

358 3544 511 3601 enim
540 3541 967 3597 accelerantem
1001 3538 1378 3609 przestolatur
1408 3538 1475 3572 ‘1‘
1504 3542 1711 3598 emissa
1740 3542 2000 3599 lanceola

360 3634 416 3690 in
445 3647 577 3688 eum
600 3630 875 3699 dirigitur
903 3646 917 3694 ;
942 3633 1027 3683 set
1052 3628 1186 3683 dum
1218 3628 1382 3684 tarde
1402 3629 1509 3684 sibi
1539 3632 1830 3702 providet,
1855 3633 2004 3689 0110-

359 3727 483 3778 tum
509 3718 772 3775 devitare
794 3716 996 3787 gestit,
1022 3715 1233 3772 vulnus
1258 3716 1447 3773 laetale
1471 3720 1748 3790 suscepit.
1776 3721 1842 3776 Et
1869 3722 2004 3777 dum

361 3826 433 3867 ex
467 3808 671 3864 dolore
703 3806 856 3862 ictus
884 3805 1127 3875 gradum
1160 3805 1468 3877 accelerat,
1503 3808 1770 3864 aobatem
1803 3810 2006 3866 subse-

363 3900 599 3970 quutus,
638 3909 813 3966 supra
843 3900 1049 3965 pectus
1090 3893 1214 3963 ejus
1253 3895 1445 3966 capite
1489 3896 1794 3968 reclinato,
1840 3898 2007 3954 vitali

363 3986 576 4058 spiritu
611 3983 919 4040 deficiente
948 3983 1193 4055 corruit,
1219 3988 1278 4039 et
1299 3984 1577 4040 deficiens
1600 3990 1867 4043 mortuus
1890 3992 2001 4043 est.

363 4076 464 4133 Cui
490 4073 634 4130 illud
656 4072 915 4128 obfuisse
948 4072 1260 4143 credimus,
1290 4073 1420 4143 quia
1447 4074 1713 4145 partibus
1738 4076 2010 4147 papaeju-

363 4166 474 4221 stis
498 4168 557 4219 et
582 4162 801 4219 sanctis
823 4162 1225 4231 aversabatur,
1255 4176 1359 4217 nec
1384 4162 1597 4232 corrigi
1624 4169 1851 4233 poterat
1877 4180 2008 4222 cum

365 4254 565 4324 sepius
592 4251 1028 4320 objurgaretur.
1064 4253 1273 4306 Pareat
1314 4251 1368 4305 ei
1417 4252 1790 4322 omnipotens
1836 4255 2006 4326 Deus,

364 4350 423 4399 et
447 4343 692 4411 tribuat,
723 4345 780 4396 ut
806 4341 949 4395 ultio
976 4344 1304 4411 praesenset
1321 4344 1697 4410 peccatorum
1712 4343 1935 4399 veniam
1952 4350 2011 4400 et

363 4430 717 4489 aeternitatis
746 4430 797 4485 ei
831 4430 1017 4499 pariat
1049 4429 1423 4483 mansionem.
1461 4427 1565 4483 Illo
1596 4443 1735 4500 ergo
1778 4438 2007 4505 ruente,

363 4536 476 4578 non
496 4520 721 4577 destitit
749 4518 1031 4574 malorum
1052 4517 1398 4588 improbitas
1420 4530 1448 4571 a
1467 4520 1890 4591 persequendo,
1911 4523 2011 4579 do-

2106 611 2377 679 gemitus,
2415 627 2544 682 quae
2578 614 2849 685 suspiria.
2886 630 3015 684 qua)
3045 616 3258 671 mentis
3292 618 3593 673 anxietas:
3629 633 3766 674 cum

2108 699 2378 770 perderet
2412 701 2633 757 socium
2667 703 2880 773 socius,
2918 703 3096 760 filium
3132 707 3318 775 pater,
3356 706 3635 775 magister
3680 708 3769 763 di-

2107 788 2417 859 scipulum,
2443 793 2637 847 etnon
2655 790 2843 847 solum
2861 790 3241 849 insalutatum
3259 793 3602 866 dimitteret,
3621 796 3764 867 quin

2105 878 2279 932 etiam
2310 884 2600 949 ruentem,
2633 878 3022 949 deficientem,
3063 882 3407 938 morientem
3459 885 3763 954 respicere

2105 980 2217 1020 non
2246 966 2513 1037 auderet,
2548 983 2654 1023 nec
2676 968 3019 1024 humanitati
3045 970 3227 1024 officia
3253 970 3342 1041 pia
3375 971 3714 1042 persolvere
3732 979 3760 1028 γ

2106 1053 2150 1108 Ο
2182 1054 2279 1124 qui
2314 1059 2511 1126 patres
2544 1056 2709 1125 estis,
2746 1057 2843 1127 qui
2877 1059 3141 1112 all‘eetum
3174 1058 3424 1115 filiorum
3467 1060 3645 1116 corde
3678 1066 3765 1117 te-

2105 1143 2277 1212 netis,
2299 1145 2587 1201 attendite
2609 1151 2668 1200 et
2693 1144 2905 1216 videte,
2934 1146 3064 1216 quis
3089 1147 3272 1217 patris
3294 1147 3464 1218 hujus
3480 1148 3766 1206 (10101οχ-

2108 1231 2316 1300 1110111,
2350 1234 2445 1303 qui
2482 1232 2661 1289 filium
2693 1235 2829 1289 dum
2868 1239 3033 1305 putat
3066 1236 3259 1290 vivum
3281 1240 3337 1291 et
3364 1243 3654 1307 vegetum,
3677 1238 3764 1293 in-

2106 1326 2387 1377 nocenter
2417 1328 2551 1378 ante
2583 1337 2647 1377 se
2681 1322 2840 1377 videt
2872 1327 3207 1389 mactatum,
3245 1324 3300 1378 in
3332 1330 3515 1381 morte
3540 1324 3639 1379 filii
3664 1340 3764 1397 pa-

2106 1411 2199 1463 ter
2234 1424 2439 1479 passus
2468 1415 2579 1465 est.
2616 1409 2737 1479 (fol.
2773 1414 2861 1482 13)
2896 1410 3000 1477 Qui
3031 1410 3203 1467 habet
3235 1414 3481 1469 amicum
3524 1414 3764 1469 11011881-

2109 1512 2283 1567 mum,
2308 1502 2364 1552 et
2389 1512 2519 1554 eum
2545 1500 2766 1567 cogitat
2792 1498 3160 1569 moriturum,
3189 1500 3297 1556 scit
3324 1501 3421 1570 qui
3444 1509 3610 1572 pater
3636 1517 3763 1572 pas-

2108 1601 2209 1641 sus
2241 1586 2337 1656 sit,
2365 1586 2501 1643 licet
2532 1588 2743 1657 majora
2780 1603 2987 1659 passus
3010 1587 3085 1643 sit
3111 1602 3279 1658 quam
3304 1589 3517 1660 aliquis
3536 1590 3762 1647 amicus
3822 1606 3833 1611 '

2108 1674 2179 1730 de
2209 1675 2395 1731 amico
2428 1676 2764 1745 excogitare
2796 1677 3008 1747 possit.
3036 1676 3273 1733 Multum
3299 1678 3449 1733 enim
3473 1679 3650 1734 distat
3677 1679 3762 1734 10-

2111 1768 2199 1818 101
2233 1764 2286 1819 id
2319 1764 2472 1835 quod
2504 1765 2879 1834 somniamus,
2915 1771 2970 1821 et
3008 1781 3135 1836 qua}
3167 1766 3353 1823 oculis
3378 1768 3760 1838 praesentiali-

2108 1857 2198 1907 ter
2222 1853 2518 1921 videmus;
2543 1855 2627 1910 sic
2650 1854 3007 1925 permaxima
3033 1860 3122 1910 est
3149 1854 3473 1912 differentia
3499 1857 3650 1912 inter
3664 1872 3761 1912 eo-

2108 1944 2354 2010 gitat‘im
2387 1950 2446 1998 et
2479 1949 2691 1999 actum.
2728 1944 2896 1999 Venit
2930 1960 3071 2013 ergo
3103 1944 3338 1999 tandem
3376 1946 3555 2001 abbas
3575 1945 3646 2000 ad
3670 1961 3760 2002 so-

2108 2032 2231 2087 cios
2250 2036 2329 2101 ,et
2364 2032 2632 2088 osculato
2660 2033 2803 2103 pede
2822 2048 3007 2103 papae,
3031 2048 3161 2089 cum
3188 2035 3385 2090 vultus
3403 2037 3651 2090 mentem
3675 2035 3759 2091 in-

2108 2121 2357 2189 dicaret,
2392 2121 2649 2177 dolorem
2683 2122 2879 2178 cordis
2907 2123 3156 2193 aperuit.
3186 2124 3338 2193 Papa
3358 2137 3492 2178 vero
3514 2122 3757 2179 directis

2107 2208 2409 2279 militibus,
2443 2225 2574 2265 cum
2607 2225 2896 2265 armorum
2932 2216 3238 2281 apparatu,
3293 2216 3562 2267 auctores
3606 2212 3756 2267 tanti

2109 2297 2352 2352 sceleris
2388 2298 2683 2368 persequi,
2719 2303 2775 2353 et
2806 2313 3021 2368 corpus
3038 2298 3349 2353 exanimati
3376 2299 3575 2355 fratris
3597 2300 3666 2355 ad
3692 2314 3755 2355 se

2111 2385 2389 2457 praecepit
2420 2386 2740 2458 deportari.
2778 2387 2941 2452 Quod
2975 2387 3271 2443 inventum
3298 2396 3389 2443 est
3417 2388 3569 2442 omni
3595 2392 3756 2445 veste

2109 2474 2423 2545 spoliatum
2453 2479 2510 2530 et
2544 2474 2598 2529 in
2633 2490 2738 2531 suo
2772 2475 3049 2544 sanguine
3083 2474 3428 2546 volutatum,
3483 2476 3684 2546 sicque
3725 2493 3755 2534 a

2110 2564 2357 2633 quodam
2389 2563 2606 2620 clerico
2638 2564 2709 2618 de
2742 2564 2919 2620 sociis
2953 2565 3007 2619 in
3037 2578 3199 2635 papae
3232 2565 3538 2635 praesentia
3570 2564 3756 2636 perla-

2114 2656 2251 2707 tum.
2271 2654 2375 2719 Qui
2396 2653 2861 2721 benignouterat
2891 2653 3079 2707 animo
3101 2653 3489 2723 compacicus,
3516 2652 3753 2724 pluviali

2108 2742 2756 2813 suoquoindutuserat,
2777 2756 2991 2812 corpus
3011 2741 3211 2796 fratris
3245 2742 3536 2813 operiens,
3569 2746 3627 2797 et
3659 2743 3761 2797 ab-

2110 2831 2454 2888 solutionem
2486 2831 2536 2885 ei
2570 2830 2805 2898 faciens,
2846 2830 3073 2885 missam
3100 2845 3203 2900 pro
3226 2829 3499 2885 defuncto
3521 2830 3753 2899 cecinit,

2108 2926 2165 2976 et
2198 2921 2280 2977 sic
2313 2924 2488 2975 terrae
2521 2919 2674 2989 quod
2710 2934 2877 2974 suum
2902 2924 3028 2973 erat
3053 2918 3331 2988 restituit,
3376 2916 3618 2974 multum
3648 2933 3754 2974 con

2110 3009 2335 3065 solatus
2367 3008 2659 3077 abbatem,
2696 3012 2758 3063 ut
2791 3006 3079 3063 voluntati
3110 3006 3205 3063 Dei
3228 3007 3319 3063 sui
3349 3006 3755 3077 concordaret,

2103 3097 2323 3167 judicia
2356 3095 2483 3166 ejus
2516 3110 2644 3152 esse
2677 3094 2910 3152 occulta
2944 3110 3252 3166 numquam
3283 3099 3477 3150 tamen
3511 3095 3749 3165 injusta.

2112 3186 2489 3243 Confortatus
2519 3189 2608 3241 est
2644 3190 2835 3241 autem
2869 3184 3114 3255 Spiritus
3140 3183 3297 3241 illius
3327 3185 3383 3239 iu
3416 3184 3669 3253 Domino,
3696 3189 3755 3239 et

2109 3290 2240 3332 cum
2272 3274 2461 3331 omnia
2488 3272 2861 3346 perdidisset,
2891 3289 3001 3328 non
3022 3272 3092 3329 ad
3120 3273 3476 3330 iracundiam
3510 3287 3756 3343 provoca

2109 3369 2206 3422 tus
2236 3370 2348 3432 est,
2386 3378 2571 3433 neque
2600 3363 2846 3419 stultum
2880 3362 3018 3432 quid
3038 3365 3245 3417 contra
3279 3363 3454 3418 Deum
3479 3360 3757 3431 loquutus

2110 3458 2220 3511 est.
2258 3452 2565 3523 Cogitabat
2598 3467 2737 3508 vero
2772 3466 2916 3523 papa
2950 3451 3297 3507 mitissimus
3326 3466 3455 3506 eum
3483 3464 3663 3521 penes
3693 3465 3756 3506 se

2114 3544 2370 3599 retinere
2394 3541 2601 3597 diebus
2627 3545 2762 3597 vita;
2788 3556 2928 3609 suae,
2956 3540 3055 3596 sed
3084 3538 3216 3610 quia
3241 3540 3391 3595 idem
3417 3540 3762 3594 anxiabatur

2108 3633 2226 3704 jam
2261 3646 2363 3703 per
2396 3645 2607 3687 annum
2642 3630 2932 3699 integrum
2961 3629 3303 3684 commissos
3319 3628 3430 3683 sibi
3471 3629 3683 3683 fratres
3701 3633 3763 3683 ct

2115 3721 2267 3778 filios
2287 3736 2348 3777 se
2372 3735 2483 3776 non
2509 3718 2745 3788 vidisse,
2770 3719 2908 3773 licet
2931 3717 3157 3774 doleret
3183 3717 3313 3774 illos
3338 3733 3448 3773 non
3475 3721 3537 3773 ut
3555 3717 3762 3773 decue-

2117 3817 2203 3867 rat
2237 3825 2368 3865 cum
2401 3824 2428 3865 a
2465 3822 2527 3864 se
2553 3806 2841 3864 dimisisse
2875 3827 2886 3860 :
2923 3807 3126 3863 videns
3154 3806 3402 3862 animum
3428 3806 3552 3876 ejus
3574 3806 3629 3860 10
3654 3805 3760 3860 1100

2117 3914 2247 3956 0880
2268 3904 2332 3955 01
2349 3898 2562 3953 fratres
2575 3897 2867 3965 visitaret,
2894 3896 3116 3951 dimisit
3139 3910 3291 3955 eum.
3318 3895 3587 3965 imposita
3610 3894 3661 3949 ei
3687 3893 3767 3949 le-

2116 3989 2351 4060 gatione
2404 3986 2757 4057 Colimbrize,
2808 3987 2952 4042 dans
3002 3985 3235 4041 litteras
3284 3985 3355 4041 ad
3389 3983 3761 4055 Sisenandum

2121 4076 2441 4151 principem
2474 4076 2730 4146 praefatae
2767 4074 3081 4145 provinciae
3104 4074 3274 4144 (188),
3307 4078 3365 4128 ut
3389 4072 3439 4128 ei
3474 4078 3761 4142 tamquam

2120 4166 2292 4222 alteri
2327 4165 2435 4220 sibi
2462 4164 2751 4219 crederet.
2778 4163 2930 4219 Misit
2953 4162 3126 4217 etiam
3150 4177 3255 4233 per
3275 4177 3426 4231 eum,
3452 4166 3508 4217 et
3532 4176 3633 4233 per
3664 4162 3764 4215 Pe-

2120 4260 2275 4311 trum
2309 4256 2543 4323 lgneum
2578 4253 2748 4323 (189),
2781 4256 2837 4307 et
2873 4266 2976 4322 per
3001 4252 3318 4322 principem
3341 4250 3760 4306 Salernitanum

2124 4343 2408 4399 Gisulfum
2425 4341 2673 4410 nomine,
2694 4355 2840 4411 quos
2859 4340 3194 4396 Cluniacum
3215 4340 3503 4409 mittebat,
3532 4337 3759 4394 litteras

2123 4432 2392 4489 omnibus
2426 4429 2715 4499 fidelibus,
2758 4428 2815 4484 in
2849 4429 3060 4499 quibus
3090 4439 3145 4484 et
3174 4428 3523 4485 calamitatis
3547 4431 3762 4484 sancta:

2123 4523 2394 4577 Romame
2427 4518 2711 4575 aacclesiae
2741 4522 3072 4579 causam.et
3096 4533 3199 4573 cur
3232 4521 3391 4573 tanta
3428 4531 3633 4588 passus
3664 4516 3758 4585 sit,

361 4625 469 4668 nec
494 4610 682 4665 bestia
709 4622 834 4678 quae
861 4606 1127 4662 sarcinas
1152 4606 1376 4661 ferebat
1402 4613 1757 4678 remanente,
1792 4610 2009 4668 inveni—
2035 4603 2091 4665 D
2124 4610 2502 4684 quamobrem
2537 4607 2608 4662 ad
2642 4607 2748 4662 hec
2780 4607 3053 4678 patienda
3086 4606 3377 4663 adductus
3405 4607 3479 4662 sit
3513 4605 3765 4661 breviter

361 4702 450 4755 ret
475 4700 732 4754 Romana
756 4695 1001 4750 avaritia
1028 4709 1142 4764 quo
1164 4694 1511 4765 cupiditatis
1542 4695 1814 4765 ingenita)
1848 4700 2005 4758 frena

361 4788 608 4857 laxaret,
631 4786 828 4854 sicque
844 4782 1283 4838 maliciaeorum
1301 4787 1543 4854 propter
1556 4787 1817 4845 sarcinas
1833 4789 2011 4846 inter-

361 4883 538 4949 rupta
555 4880 663 4930 est.
684 4874 1017 4929 lntueamur
1035 4885 1183 4926 nunc
1200 4870 1575 4928 fluctuantem
1590 4880 1647 4930 et
1663 4882 2011 4934 aestuantem

363 4966 616 5023 animum
632 4961 819 5033 patris
833 4959 903 5015 de
922 4964 1109 5015 morte
1124 4958 1312 5028 11111,οι
1329 4960 1651 5029 cogitemus
1675 4980 1803 5036 qua}
1829 4968 2016 5039 potuit

362 5059 571 5125 gentes
602 5049 931 5109 consolatio
949 5047 1567 5107 doloriilliusmederi.
1607 5056 2020 5125 Apudexteras

284 5212 291 5218 θ
368 5144 620 5215 positus,
669 5140 899 5197 duobus
931 5141 1156 5193 tantum
1193 5139 1370 5194 sociis
1409 5141 1604 5197 ethoc
1644 5144 2022 5201 terciofultus

365 5232 500 5300 quid
521 5234 791 5302 putamus
804 5225 967 5283 cordi
984 5226 1111 5298 ejus
1125 5228 1468 5284 accesserit?
1483 5228 1589 5295 Qui
1602 5230 2024 5299 cogitationum

2123 4698 2489 4769 dilucidavit,
2512 4699 2568 4752 et
2595 4699 2657 4752 ut
2687 4696 2775 4752 sui
2795 4696 3215 4752 misererentur
3234 4695 3547 4752 ammonuit
3572 4695 3628 4749 in
3658 4695 3763 4750 hec

2120 4790 2299 4848 verba
2334 4807 2347 4841 :

2199 4897 2227 4929 «
2252 4871 2568 4943 Gregorius
2583 4873 2918 4944 episcopus,
2947 4887 3154 4928 servus
3183 4887 3484 4929 servorum
3503 4871 3623 4940 Dei,
3649 4884 3766 4925 om-

2128 4968 2299 5025 nibus
2317 4965 2375 5020 in
2400 4961 2630 5019 Christo
2644 4961 2937 5031 fidelibus,
2955 4961 3336 5033 apostolicam
3352 4961 3549 5018 sedem
3564 4973 3765 5016 revera

2131 5052 2531 5123 diligentibus,
2550 5049 2798 5107 salutem
2813 5050 3264 5122 etapostolicam
3283 5048 3761 5106 benedictionem.

2132 5140 2427 5211 Pervenit,
2463 5139 2677 5194 fratres
2708 5139 3016 5208 karissimi,
3042 5144 3155 5194 etc.
3175 5161 3199 5186 ο
3222 5140 3451 5196 Exstat
3466 5138 3624 5195 inter
3651 5137 3769 5208 epi-

2133 5232 2321 5291 stolas
2344 5230 2641 5300 Gregorii,
2665 5228 3029 5299 Ρατφοιοθίιε
3060 5229 3192 5285 tam.
3229 5225 3615 5297 CXLVlIl,col.
3643 5229 3764 5282 708.

1723 5355 1958 5411 VARUS
1998 5354 2397 5412 LECTIONES.

433 5453 501 5487 “°
527 5452 619 5511 ita
648 5451 873 5522 codex;
899 5450 1306 5524 praestolamur
1336 5449 1598 5510 Labbem
1622 5452 1833 5511 edidit.

1951 5524 2176 5584 NOTIE.

436 5630 583 5703 (l88)
618 5632 815 5703 Neque
842 5629 967 5703 haec
998 5643 1187 5700 neque
1209 5632 1531 5703 sequentes
1555 5630 1818 5703 Gregorii
1852 5629 2011 5691 11110-

368 5700 455 5762 rte
478 5704 531 5762 iu
565 5700 841 5775 Registro
873 5700 1170 5772 leguntur.
1206 5700 1269 5758 Κ.

2195 5630 2343 5703 (189)
2386 5625 2760 5687 cardinalem.
