3894 6426
137 433 251 498 387

1391 440 1887 508 UHHONICON.
1926 479 2005 490 -—
2036 446 2186 510 LIB.
2232 450 2306 514 II.

3434 466 3553 527 838

210 567 598 645 Abbasigitur
623 575 983 634 Divionensis
1008 592 1135 634 cum
1159 577 1334 636 Petro
1357 578 1530 651 lgneo
1551 584 1607 638 et
1629 579 1787 653 prin-
1814 578 1871 641 A
1903 584 2022 653 net,
2057 587 2220 642 tanto
2258 588 2440 659 magis
2470 592 2803 662 appetebat,
2858 601 3075 666 quanto
3109 612 3442 658 mammonae
3474 601 3556 660 fu-

149 659 279 732 cipe
310 662 673 720 Salernitauo
716 667 867 736 apud
921 666 1339 725 Saleruitanam
1400 672 1601 727 urbem
1633 686 1787 727 mare

133 748 405 820 ingressi,
441 753 575 822 quia
603 758 937 824 perterram
966 756 1049 810 ire
1068 763 1312 828 propter
1336 758 1785 817 discursantium

135 837 392 894 hostium
417 839 1204 913 impetuspertimescebant,
1234 845 1402 916 longa
1422 847 1788 916 navigatione

134 927 350 997 pertesi
401 929 652 984 tamdem
708 931 1119 1000 amilicucrunt
1169 935 1319 1003 apud
1356 939 1628 991 Sanctum
1665 936 1790 1004 Egi-

137 1013 494 1086 diu1n(l90),
535 1017 628 1072 ubi
691 1019 943 1074 diversis
999 1037 1272 1078 curarum
1330 1023 1574 1080 testibus
1633 1025 1790 1096 cepit

137 1103 433 1173 mensejus
457 1106 702 1175 anxiari,
727 1112 920 1163 utrum
946 1109 1102 1165 sicut
1128 1125 1274 1181 papa
1301 1117 1659 1182 przeccpcrat
1682 1113 1789 1167 iret

136 1196 297 1246 recto
315 1193 545 1248 tramite
562 1193 1032 1265 Colimbriam,an
1056 1198 1224 1253 visita
1237 1203 1322 1254 ret
1344 1200 1494 1254 lilios
1512 1215 1656 1270 quos
1676 1201 1790 1270 jam

134 1294 369 1337 emenso
402 1297 550 1339 anno
583 1299 694 1340 non
720 1285 967 1340 viderat.
996 1287 1053 1341 Ei
1083 1287 1282 1357 itaque
1314 1290 1623 1345 ﬂuctuanti
1665 1307 1794 1360 pro-

135 1369 278 1424 vidit
316 1377 623 1443 respectus
658 1373 895 1444 pietatis
932 1375 1158 1445 divinae,
1210 1378 1502 1448 inspirans
1533 1379 1696 1434 cordi
1732 1379 1794 1460 il:

134 1455 266 1525 lius,
285 1463 350 1514 ut
377 1461 707 1532 postposita
729 1463 878 1517 omni
905 1464 1439 1534 dubietateifratrcs
1454 1474 1512 1521 et
1537 1468 1691 1522 tilios
1717 1468 1767 1522 vi

133 1545 542 1618 sitaret;quod
562 1555 622 1604 et
653 1551 810 1620 fecit,
837 1566 938 1606 nec
961 1567 1092 1607 eum
1114 1553 1321 1608 fecisse
1352 1555 1624 1624 penitnit.
1653 1558 1789 1611 Nam

133 1635 242 1690 nisi
264 1637 374 1692 hoc
400 1638 911 1707 fecisset,fortasse
946 1642 1179 1698 rediens
1202 1659 1230 1698 a
1259 1644 1568 1700 (Iolimbria
1586 1646 1681 1699 vix
1707 1646 1790 1700 in-

134 1724 389 1780 venisset
410 1741 557 1796 quos
573 1727 860 1783 visitaret.
883 1732 1091 1801 (1085.)
1111 1732 1465 1788 l’erdidissct
1481 1733 1653 1788 etiam
1673 1738 1791 1789 tan'

135 1816 248 1866 tam
299 1813 522 1882 frugem
561 1815 873 1886 liliationis,
909 1822 1181 1887 quantam
1214 1834 1282 1874 eo
1318 1835 1466 1875 anno
1503 1823 1782 1892 suscepit,

1902 674 2086 729 rentis
2111 682 2170 730 et
2195 676 2495 735 illicicntis
2521 681 2759 737 fallaces
2779 688 2832 738 et
2871 699 2981 740 non
3011 701 3178 743 veras
3206 691 3554 758 aspernaba-

1903 764 1998 816 tur
2021 762 2275 820 divitias.
2305 769 2756 838 Astringebatur
2779 773 2926 828 enim
2955 774 3010 829 in
3037 780 3288 846 utroque
3313 777 3552 834 humero

1901 851 2186 908 velamine
2205 857 2724 928 superhumeralis,
2753 861 2846 930 qui
2865 867 3068 918 contra
3084 864 3327 920 adversa
3344 871 3397 921 et
3424 883 3557 937 pro-

1903 953 2071 1009 spera
2089 941 2367 998 virtutum
2386 955 2971 1016 semper-ornamento
2989 951 3374 1023 muniebatur,
3399 959 3457 1010 et
3481 958 3549 1012 ad

1905 1029 2029 1082 sola
2066 1045 2194 1100 quze
2219 1035 2513 1089 anteriora
2541 1042 2677 1091 sunt
2702 1038 2913 1107 nitens,
2939 1039 2992 1094 in
3019 1040 3177 1096 nullo
3212 1042 3555 1101 delectatio-

1905 1117 1994 1172 nis
2028 1119 2234 1176 inlimzc
2269 1122 2451 1177 latere
2486 1125 2832 1182 llectebatur
2864 1127 2949 1182 “3.

1977 1277 2118 1345 (Fol.
2154 1279 2297 1352 132’)
2347 1285 2466 1337 Jam
2520 1286 2708 1338 autem
2740 1290 2968 1357 tempus
3018 1288 3202 1359 adest,
3240 1296 3304 1348 ut
3336 1292 3553 1349 resolu-

1904 1367 2082 1422 tionis
2107 1369 2232 1437 ejus
2257 1370 2442 1426 series
2461 1375 2768 1442 referatur,
2804 1381 2857 1429 et
2883 1392 2995 1446 quo
3021 1379 3130 1432 line
3152 1380 3220 1433 ad
3249 1381 3548 1437 Dominum

1905 1470 2092 1524 suum,
2120 1472 2226 1527 pro
2252 1474 2363 1528 quo
2396 1463 2552 1514 tanta
2580 1477 2788 1531 passus
2820 1469 2931 1533 est,
2966 1467 3324 1537 migraverit,
3361 1470 3550 1525 oratio

1906 1544 2098 1599 brevis
2122 1559 2225 1600 nec
2260 1546 2481 1603 tediosa
2513 1555 2920 1620 prosequatur.
2954 1555 3138 1624 (1085)
3171 1556 3251 1610 Re
3274 1556 3423 1612 enim
3459 1572 3549 1611 ve-

1905 1649 1962 1688 ra
1999 1633 2128 1689 linis
2158 1634 2284 1702 ejus
2309 1635 2436 1692 laus
2460 1637 2680 1691 Domini
2714 1645 2823 1708 est,
2853 1641 2982 1710 quia
3012 1642 3058 1697 si
3093 1645 3281 1699 omnis
3313 1644 3438 1700 laus
3469 1645 3550 1699 in-

1905 1722 2013 1776 tine
2032 1722 2282 1791 canitur,
2309 1733 2852 1782 cumconsummata
2878 1729 2994 1784 vita
3011 1744 3135 1799 eius
3161 1736 3280 1787 tota
3307 1733 3546 1803 sitapud

1899 1812 2073 1865 Deum
2105 1813 2423 1880 gratiarum
2454 1814 2628 1882 actio,
2666 1814 2788 1884 ipsa
2822 1816 3080 1885 ejusdem
3127 1824 3548 1879 consummatio

133 1899 298 1969 cujus
333 1905 495 1958 tanta
527 1904 723 1959 extitit
766 1905 1200 1976 multiplicatio,
1239 1913 1298 1963 ut
1334 1910 1540 1964 merito
1572 1910 1781 1966 debeat

1977 1899 2213 1955 rhennis
2243 1905 2330 1955 est
2367 1901 2419 1954 in
2456 1901 2728 1958 laudibus
2754 1905 2850 1958 Dei
2872 1906 3164 1976 jubilatio.
3195 1909 3546 1979 Sciensergo

133 1988 498 2046 Divionensis
548 1993 813 2048 zecelesia
846 2010 1056 2050 annum
1112 1997 1298 2067 ipsum
1333 1997 1554 2053 meliori
1591 2015 1786 2054 nume-

127 2090 256 2133 rare
281 2077 499 2149 lapillo.
525 2081 690 2136 Venit
717 2097 858 2151 ergo
883 2083 1204 2153 Divionem,
1233 2090 1289 2141 et
1318 2102 1464 2154 quos
1486 2087 1538 2141 in
1567 2087 1785 2142 disces-

139 2181 203 2222 su
230 2182 336 2222 suo
357 2183 566 2238 passus
592 2171 778 2227 fuerat
804 2172 1069 2242 infestos,
1090 2174 1311 2229 invenit
1333 2181 1456 2230 toto
1475 2177 1581 2231 sibi
1608 2178 1782 2232 corde

133 2257 488 2313 substratos.
517 2259 928 2315 lnvenitctiam
949 2263 1190 2317 scissam
1217 2263 1784 2333 inalirptilmscordi-

129 2342 234 2399 bus
260 2345 591 2412 caritatem,
627 2363 756 2417 quae
817 2350 1046 2404 sanavit
1079 2355 1254 2420 prout
1291 2353 1477 2421 potuit
1509 2357 1562 2407 et
1599 2354 1785 2408 Domi-

131 2445 235 2487 nus
268 2432 452 2488 dedit.
481 2435 741 2491 Nondum
769 2437 1010 2492 multum
1034 2439 1320 2509 temporis
1350 2440 1618 2510 ﬂuxerat,
1653 2457 1783 2498 cum

134 2519 326 2576 audita
356 2521 726 2578 dissensione
752 2524 904 2579 inter
927 2525 1345 2584 Virdunensem
1371 2529 1701 2600 epiScOpum
1728 2536 1783 2585 et

133 2607 441 2678 religiosos
469 2611 748 2679 quosdam
806 2614 900 2682 qui
930 2613 983 2667 in
1007 2615 1208 2669 eadem
1241 2618 1383 2672 urbe
1419 2617 1470 2671 iu
1521 2619 1785 2674 cenoniis

130 2697 484 2754 suburbanis
518 2700 828 2770 degebant,
856 2703 1069 2772 quibus
1100 2706 1454 2760 contrarium
1491 2713 1616 2761 erat
1651 2709 1784 2761 Wit-

136 2785 406 2857 berto‘”,
437 2792 494 2842 et
529 2789 614 2843 eis
649 2791 746 2858 qui
781 2791 1223 2847 Wibertistis‘17
1256 2795 1779 2865 communicabant,

135 2875 398 2944 subesse,
418 2877 811 2933 Bertiniacum
837 2894 896 2934 se
917 2880 1186 2944 contulit,
1208 2882 1624 2951 praestolansct
1643 2899 1784 2955 prae-

135 2976 342 3018 cavens
377 2964 425 3019 si
461 2965 612 3020 forte
641 2982 769 3020 cum
803 2969 990 3032 gratia
1023 2969 1120 3022 Dei
1158 2970 1369 3025 fratres
1420 2970 1550 3026 illos
1586 2979 1784 3042 posset

135 3051 344 3121 venari,
395 3054 458 3107 ut
515 3053 583 3107 ad
620 3069 680 3107 se
711 3057 1113 3124 confugerent,
1150 3057 1246 3112 ubi
1282 3058 1334 3112 in
1369 3057 1694 3114 innocentia
1725 3066 1780 3115 et

135 3137 322 3207 quiete
347 3139 598 3196 modesti
625 3143 871 3212 Spiritus
894 3145 1007 3198 Deo
1033 3144 1215 3199 libere
1242 3147 1464 3201 servire
1490 3147 1776 3202 valerent.

133 3225 339 3284 Verum
365 3228 439 3285 de
472 3229 563 3285 his
596 3230 701 3285 hec
733 3231 964 3286 interim
993 3233 1145 3288 dicta
1181 3234 1315 3289 sint.

203 3315 383 3384 Igitur
417 3332 562 3388 papa
598 3320 901 3375 Salernum
957 3322 1218 3388 veniens,
1255 3322 1465 3378 ibidem
1504 3326 1781 3381 remansit

142 3401 252 3457 Deo
283 3405 494 3461 devote
527 3407 812 3476 serviens,
849 3409 985 3463 etin
1023 3409 1503 3466 tribulationibus
1536 3426 1662 3481 quae
1704 3414 1784 3468 in-

139 3498 447 3549 creverunt
481 3509 659 3566 super
685 3510 835 3564 cum,
863 3497 1082 3565 gratias
1107 3513 1298 3568 agens.
1330 3501 1782 3558 Confortabatur

139 3583 322 3633 autem
358 3595 412 3636 in
447 3583 707 3652 Domino,
734 3590 792 3638 et
819 3587 1278 3655 prosperabatur
1301 3587 1352 3640 in
1377 3588 1619 3658 spiritu;
1647 3591 1778 3660 quia

137 3665 282 3722 sicut
303 3669 490 3726 omnia
516 3671 760 3728 adversa
811 3673 984 3728 habet
1012 3674 1105 3744 qui
1139 3675 1249 3730 sibi
1281 3675 1573 3746 displicet,
1610 3677 1687 3732 ita
1719 3686 1779 3734 et

139 3769 300 3823 quem
321 3772 432 3813 non
453 3761 1123 3818 remordetconscientia
1159 3764 1424 3834 simplex,
1455 3781 1593 3835 pura
1619 3772 1675 3821 et
1698 3767 1778 3822 lu-

139 3843 280 3915 cida,
307 3847 468 3902 nullo
491 3849 639 3904 bono
662 3849 899 3920 indiget.
919 3850 1063 3918 (Fol.
1094 3855 1236 3922 132).
1265 3854 1778 3912 [teme-morabatur

137 3933 633 4000 praedecessorum
691 3954 925 3994 suorum
969 3940 1355 3995 Romanorum
1418 3944 1774 4014 pontificum,

143 4019 416 4094 Gregorii,
442 4025 650 4081 Leonis
673 4027 1014 4098 etaliorum,
1041 4029 1136 4098 qui
1155 4034 1372 4098 quanto
1397 4033 1780 4101 perfectiores

140 4107 190 4162 in
221 4111 308 4166 via
341 4112 440 4168 Dei
475 4113 730 4184 fuerunt,
788 4120 950 4171 tanto
979 4131 1004 4170 a
1039 4118 1312 4172 Romanis
1367 4121 1603 4187 gravius
1634 4122 1781 4176 inse-

139 4198 274 4252 ctati
308 4205 462 4270 sunt,
495 4206 554 4256 et
587 4202 717 4258 ideo
751 4204 909 4273 digni
938 4204 1153 4259 inventi
1189 4211 1341 4261 sunt.
1371 4207 1624 4278 Simplex
1648 4225 1780 4265 ocu-

141 4280 226 4341 lus
253 4301 471 4360 corpus
491 4290 774 4346 reddebat
806 4292 1246 4349 lucidissimum.
1275 4295 1584 4351 incedebat
1613 4313 1780 4355 secu-

143 4387 237 4430 rus
259 4377 631 4446 perjusticite
655 4380 912 4446 semitas,
959 4381 1051 4436 cui
1081 4383 1478 4440 testimonium
1516 4386 1779 4455 perhibe-

143 4458 233 4517 bat
254 4467 634 4535 conseientia,
690 4469 841 4538 quod
877 4485 979 4541 pro
1011 4469 1346 4526 defensione
1381 4472 1648 4528 veritatis
1685 4492 1777 4546 pa-

145 4548 393 4609 tiebatur
409 4572 423 4622 ;
441 4554 572 4612 ideo
589 4571 699 4612 non
714 4557 1132 4615 tribulabatur.
1151 4559 1393 4614 Videbat
1410 4566 1469 4615 et
1485 4562 1776 4620 sollicitus

1815 3285 1863 3346 Ο

1902 1989 2201 2043 imminere
2227 1988 2376 2043 diem
2401 1991 2724 2047 vocationis
2745 2007 2884 2063 sum,
2921 1993 3087 2063 longe
3107 2002 3240 2052 ante
3267 2013 3548 2055 convoca-

1898 2078 1976 2132 tis
2030 2077 2429 2133 cardinalibus
2477 2078 2770 2152 episcopis
2802 2088 2859 2136 et
2892 2083 3126 2138 caeteris
3165 2088 3544 2158 concaptivis,

1900 2165 2048 2220 diem
2074 2165 2270 2222 obitus
2291 2167 2378 2221 sui
2401 2167 2702 2237 przedixit;
2726 2172 3261 2243 consummatisque
3280 2175 3548 2232 omnibus

1899 2254 2337 2309 :eeclesiasticie
2398 2255 2788 2312 institutionis
2831 2259 3055 2327 otiieiis,
3091 2265 3173 2316 15.
3239 2263 3358 2318 Kal.
3393 2264 3545 2318 Junii

1898 2341 2216 2412 praedictos
2234 2343 2445 2399 fratres
2459 2346 2566 2400 sub
2588 2345 3056 2417 districtijudicii
3076 2349 3546 2407 interminatione

1897 2435 1954 2484 et
2008 2436 2224 2486 sancta)
2263 2432 2612 2489 obedientize
2644 2441 2940 2506 praecepto
2973 2438 3344 2508 constrinxit,
3383 2445 3464 2508 ut,
3498 2441 3544 2496 si

1899 2533 2006 2588 qua
2043 2519 2097 2574 in
2130 2535 2192 2575 se
2241 2521 2585 2590 corrigenda
2633 2523 3177 2596 deprehendissent,
3209 2526 3546 2584 nullatenus

1899 2611 2093 2662 tacere
2126 2616 2564 2678 praesumerent.
2589 2611 2812 2676 Quibus
2835 2612 3307 2671 collaudantibus
3329 2622 3386 2670 et
3410 2617 3545 2671 vitte

1898 2698 2424 2766 conversationem,
2462 2705 2520 2753 et
2583 2699 2950 2770 disciplinam
2987 2701 3270 2760 doctrina:
3330 2710 3547 2760 sancta)

1898 2799 2238 2854 morumque
2286 2786 2737 2854 institutionem,
2774 2795 2832 2843 et
2865 2791 3184 2846 secundum
3243 2794 3544 2848 scientiam

1898 2874 2085 2928 sancti
2112 2874 2218 2929 zeli
2249 2876 2551 2945 fervorem,
2579 2877 2857 2948 compulit
2882 2881 3324 2949 eosapostolica
3348 2887 3548 2937 aucto-

1896 2962 2073 3018 ritate
2103 2963 2442 3034 singillatim
2500 2967 2606 3021 sibi
2653 2965 2892 3021 dextras
2923 2967 3082 3037 dare,
3134 2969 3548 3038 promittentes

1897 3051 2050 3119 quod
2079 3052 2400 3109 borcticum
2429 3054 2587 3108 illum
2614 3055 3168 3113 invasoremsancta:
3193 3062 3250 3111 et
3276 3057 3549 3128 apostoli-

1897 3154 1980 3194 cze
2013 3141 2298 3196 chclcsite
2332 3159 2639 3213 numquam
2676 3143 3024 3214 reciperent,
3060 3145 3169 3200 nisi
3203 3147 3350 3202 forte
3377 3162 3546 3202 cano-

1897 3229 2024 3284 nice
2058 3230 2402 3300 resipicens,
2448 3247 2647 3303 puram
2679 3232 3099 3287 confessionem
3147 3234 3545 3290 cardinalibus

1894 3317 2186 3388 episcopis
2216 3319 2451 3374 oﬂ'erret
2475 3320 2729 3376 nudatus
2761 3321 2912 3376 omni
2942 3321 3345 3378 aecclesiastici
3393 3321 3546 3378 ordi-

1895 3407 1984 3462 nis
2017 3407 2333 3476 dignitate;
2365 3413 2708 3464 contestans
2737 3414 2793 3462 et
2828 3410 3117 3464 affirmans
3146 3426 3346 3466 omnes
3373 3411 3541 3466 simul

1897 3495 1951 3550 in
1985 3501 2329 3566 perpetuum
2364 3497 2895 3566 condempnandos,
2922 3498 3269 3568 quicumque
3293 3515 3545 3554 commu-

1895 3585 2092 3640 nicare
2119 3585 2629 3655 prmsumpsissent
2650 3587 2917 3640 lleinrico
2942 3587 3348 3657 archipyratte,
3377 3603 3543 3642 usur-

1895 3674 2084 3745 patori
2114 3672 2362 3743 imperii,
2393 3673 2501 3727 nisi
2530 3673 2793 3744 deposita
2828 3675 3110 3742 dignitate
3144 3675 3302 3743 regni
3338 3690 3543 3730 secun-

1892 3763 2026 3818 dum
2060 3768 2417 3832 praeceptum
2443 3776 2642 3817 eorum
2669 3768 2723 3817 et
2751 3763 3106 3832 reliquorum
3132 3763 3538 3832 religiosorum

1891 3853 1947 3906 in
1972 3851 2330 3907 'l‘heutonico
2362 3866 2538 3919 regno
2563 3853 3045 3908 commorantium
3074 3853 3418 3921 condignam
3447 3869 3539 3924 pc»

1892 3938 2198 3994 nitentiam
2229 3944 2449 4008 ageret.
2501 3939 2716 3993 Deinde
2750 3941 3114 3997 conﬁrmavit
3165 3941 3346 3996 vicem
3377 3957 3537 3996 suam

1894 4031 2364 4097 potestatemque
2395 4027 2608 4095 ligandi
2643 4032 2701 4082 et
2726 4029 2991 4084 solvendi
3015 4029 3282 4085 omnibus
3305 4029 3540 4084 vicariis

1892 4116 2036 4184 suis,
2064 4115 2218 4170 sicut
2246 4115 2367 4184 ipse
2390 4131 2492 4185 per
2511 4117 2709 4170 orbem
2727 4117 3147 4182 constituerat;
3171 4122 3232 4172 ut
3256 4134 3400 4188 quos
3418 4118 3538 4188 ipse

1891 4203 2196 4273 ligaverat,
2226 4202 2330 4272 ipsi
2353 4203 2843 4272 postcondignam
2869 4206 3325 4262 satisfactionem
3347 4206 3539 4262 absol-

1891 4296 2096 4346 verent
2122 4292 2438 4346 secundum
2482 4292 2820 4360 apostolica:
2847 4293 2977 4348 lidei
2997 4309 3286 4359 normam;
3321 4311 3429 4349 non
3465 4296 3539 4348 si-

1888 4385 1986 4437 cut
2009 4379 2238 4450 quidam
2277 4393 2338 4436 se
2385 4381 2546 4449 ipsos
2575 4380 2863 4449 fallentes,
2901 4389 3189 4451 errantes,
3217 4389 3274 4436 et
3305 4383 3451 4439 alios
3481 4384 3536 4438 in

1889 4483 2149 4525 errorem
2177 4468 2476 4524 trahentes
2507 4468 2863 4538 conﬁngunt,
2901 4471 3050 4540 quod
3081 4487 3280 4526 omnes
3310 4488 3538 4528 excom—

1893 4558 2219 4613 municatos
2252 4556 2568 4611 indiscrete
2593 4557 2931 4628 absolverit,
2962 4573 3024 4614 ac
3047 4559 3093 4612 si
3131 4567 3328 4630 posset
3358 4560 3536 4615 viviti-

145 4649 334 4696 secum
368 4645 732 4700 retractabat
757 4645 911 4716 quia,
939 4647 984 4701 si
1013 4663 1155 4718 papa
1181 4665 1309 4704 cum
1338 4651 1452 4705 Ι)ου
1474 4665 1606 4705 esse
1631 4652 1774 4720 vult,
1808 4640 1862 4700 D
1891 4661 2026 4701 care
2057 4661 2160 4700 eos
2189 4645 2284 4715 qui
2320 4659 2426 4699 non
2459 4644 2679 4699 vivunt.
2717 4645 2930 4701 Deinde
2965 4647 3116 4716 quod
3148 4648 3375 4704 vanitas
3412 4649 3536 4718 ipsa

143 4738 354 4798 pauper
386 4736 443 4787 et
469 4732 634 4804 inops
654 4734 960 4800 efficietur;
985 4736 1080 4806 qui
1107 4741 1296 4792 autem
1325 4737 1480 4793 volet
1502 4753 1628 4794 esse
1651 4755 1779 4796 cum

145 4817 353 4889 seculo,
381 4825 443 4875 ut
468 4826 673 4890 querat
700 4837 827 4892 qua)
851 4838 953 4879 sua
979 4829 1259 4895 sunt,non
1288 4842 1412 4897 qua}
1455 4829 1610 4897 Jesu,
1633 4841 1661 4882 a
1694 4843 1783 4898 sy-

145 4907 323 4960 monia
356 4923 579 4964 manum
622 4925 734 4966 non
760 4911 1052 4982 cohibeat,
1090 4913 1383 4986 iniquitati
1421 4917 1626 4985 faveat,
1667 4931 1779 4972 non

147 4994 422 5062 aequitati,
446 5000 869 5068 congregandis
905 5002 1168 5071 pecuniis
1201 5003 1381 5059 inhiet
1411 5025 1421 5058 :
1449 5005 1541 5060 hic
1573 5005 1782 5060 ditabi-

147 5082 235 5134 tur
248 5083 474 5154 opibus,
501 5089 557 5141 ct
574 5089 1091 5158 superabundabit.
1111 5091 1244 5148 ldeo
1260 5093 1594 5164 pauperiem
1622 5093 1780 5148 Chri-

148 5166 220 5221 sti
253 5185 363 5226 non
379 5172 646 5230 habentis
671 5175 723 5230 in
748 5177 924 5232 corde
949 5191 1260 5248 pravorum
1289 5181 1384 5238 ubi
1415 5185 1593 5252 caput
1617 5180 1781 5236 recli-

1894 4751 1995 4806 pcr
2042 4733 2220 4790 multa
2276 4748 2446 4803 regna
2482 4733 2893 4804 dissiparetur,
2931 4735 3123 4790 divina
3157 4735 3538 4806 inspiratione

1893 4824 2165 4892 cognovit
2187 4826 2244 4877 ct
2269 4821 2560 4893 praedixit.
2590 4823 2822 4878 Demum
2851 4824 3332 4892 absolvitomnes,
3360 4825 3454 4895 qui
3485 4826 3538 4880 in

1893 4913 2003 4968 fide
2029 4914 2158 4981 ista,
2194 4926 2320 4981 quae
2378 4926 2480 4980 per
2512 4911 2670 4966 illum
2729 4911 3002 4981 innotuit,
3052 4928 3234 4984 usque
3263 4913 3332 4967 ad
3369 4917 3534 4970 tinem

1893 4999 2420 5074 perseveraverint,
2457 5001 2528 5054 ab
2579 5000 2843 5056 omnibus
2891 5002 3150 5071 peccatis
3183 5004 3333 5066 suis;
3369 5008 3426 5058 et
3454 5003 3536 5059 sic

1894 5090 2154 5148 Creatori
2187 5088 2252 5121 ⁶¹⁹
2308 5088 2574 5159 Spiritum
2635 5090 2887 5159 tradens,
2922 5105 3072 5146 anno
3125 5091 3195 5146 ab
3229 5091 3335 5146 ine.
3375 5095 3531 5146 Dom.

1893 5182 2048 5237 1085.
2085 5177 2229 5234 obiit
2265 5182 2484 5248 martyr
2513 5182 2570 5233 ct
2603 5179 2924 5234 confessor.
2981 5180 3191 5234 Eodem
3226 5196 3374 5236 anno
3405 5196 3538 5235 vcn-

1521 5297 1758 5352 VARIZE
1799 5294 2198 5351 LECTIONES.

209 5476 274 5511 m
303 5481 404 5538 [ια
434 5496 482 5540 ο.
596 5483 664 5518 us
692 5485 929 5557 reliqua
944 5487 1186 5560 pagina
1214 5491 1412 5548 vacat.

1521 5490 1590 5524 “9
1621 5505 1770 5562 3pm.
1807 5493 1871 5547 C.
1916 5506 2068 5562 spm.
2107 5493 2156 5543 t.
2197 5503 2250 5545 ο.

1728 5629 1947 5686 NOTAE.

217 5705 362 5782 (190)
393 5709 762 5770 Saint-Gilles
793 5712 848 5772 in
880 5714 1248 5787 Languedoc.
