3894 6402
309 403 426 469 839

1273 408 1640 470 HUGUNIS
1684 407 2034 469 ABBA'l‘IS
2078 407 2755 471 FLAVINIACENSIS

3601 406 3730 470 340

308 543 427 615 tus,
463 542 708 615 grando,
745 542 975 615 fulgura
1006 545 1061 601 et
1100 541 1375 615 tonitrua,
1410 546 1461 601 4.
1496 548 1552 602 et
1587 548 1636 601 3.
1673 542 1795 601 Kal.
1819 544 1951 603 Julii
1984 543 2041 607 Α
2072 560 2208 605 rans
2232 544 2552 611 videretur,
2588 544 2634 603 si
2666 543 2798 618 quis
2826 546 3142 604 Romanum
3174 542 3425 603 electum
3457 547 3593 617 post
3624 543 3729 602 ab-

311 634 551 689 Galliam
577 632 955 690 attriverunt.

382 724 521 793 (Fel.
555 724 707 795 130D)
742 723 894 778 Dixit
930 724 1076 794 (191)
1121 724 1389 779 Urbanus
1441 738 1584 796 papa
1619 724 1673 780 in
1708 725 1955 796 quadam

310 813 557 884 epistola
576 828 676 869 sua
696 832 708 867 :
729 833 755 863 α
771 812 1045 868 Dominus
1063 818 1262 869 noster
1280 829 1424 885 papa
1444 816 1756 883 Gregorius
1772 816 1957 871 beata}

308 916 375 958 ac
394 902 581 971 digna:
607 901 901 957 memoria:
933 918 1059 957 cum
1091 902 1244 973 apud
1284 902 1581 958 Salernum
1614 904 1775 971 gravi
1800 908 1958 959 tene-

311 995 471 1046 retur
502 990 861 1060 infirmitate,
897 990 1047 1046 unde
1084 991 1205 1061 ipse
1243 997 1445 1061 postea
1487 992 1652 1059 obiit,
1676 1007 1957 1047 convene-

308 1079 528 1134 runtad
553 1094 682 1135 eum
717 1080 979 1151 episcopi
1007 1085 1061 1135 et
1106 1080 1693 1136 cardinalesllomani
1716 1082 1809 1151 qui
1855 1081 1960 1135 ibi-

307 1168 435 1223 dem
463 1169 723 1238 aderant,
750 1172 1028 1237 rogantes
1049 1183 1177 1222 eum
1198 1172 1256 1222 et
1285 1169 1670 1239 postulantes,
1702 1176 1762 1223 ut
1789 1184 1957 1239 quem

312 1256 425 1312 sibi
460 1254 635 1312 vel‘et
661 1257 968 1324 subrogari
996 1272 1395 1312 successorem
1418 1258 1471 1312 in
1498 1257 1841 1328 pontificatu
1874 1258 1959 1312 eis

309 1345 668 1401 ostenderet.
704 1347 776 1399 At
833 1344 929 1400 ille
959 1360 1154 1400 secum
1212 1345 1635 1415 aliquantulum
1669 1346 1955 1416 cogitans,

311 1433 416 1489 hec
443 1434 557 1489 illis
592 1435 769 1490 verba
801 1433 964 1489 dedit
1001 1453 1012 1486 :
1052 1434 1483 1503 Quemcumque
1513 1437 1721 1491 lterum.
1753 1436 1958 1505 trium,

310 1524 621 1581 Lucensem
636 1525 868 1581 scilicet
879 1524 1108 1595 ejiz'scop
1120 1538 1229 1589 am,
1253 1526 1598 1593 Ostiensem,
1615 1540 1649 1579 a
1660 1525 1875 1580 atare/1
1888 1526 1964 1580 ie-

299 1614 611 1685 jiiscopmn
687 1613 1135 1682 Lugdunensem
1166 1612 1381 1669 [labere
1404 1613 1701 1683 poteritis,
1734 1615 1799 1668 in
1826 1626 1967 1681 pon-

313 1700 531 1771 filicem
550 1700 775 1770 eligite.
811 1702 890 1755 De
916 1700 1436 1755 excommunicatis
1470 1705 1659 1755 autem
1695 1701 1966 1756 similiter

314 1788 638 1858 requisitus
664 1788 997 1859 respondit:
1022 1789 1233 1844 I‘reter
1257 1790 1610 1845 Heinricmn
1628 1803 1825 1859 regem
1847 1789 1965 1844 dic-

2071 637 2420 694 solutionem
2456 652 2485 692 a
2522 636 2861 692 beatissimo
2887 652 3031 708 papa
3059 635 3336 706 Gregorio
3362 639 3725 706 susceptam,

2069 724 2635 782 excommunicatum
2667 724 2953 793 garriret;
2992 725 3103 780 nisi
3137 725 3258 796 ipse
3292 726 3561 779 Attonem
3597 738 3732 780 car-

2070 815 2319 872 dinalem
2374 813 2861 870 Mediolanensem
2892 814 3143 871 electum
3175 829 3205 870 a
3238 813 3520 885 praedicto
3568 828 3725 885 papa

2069 905 2273 960 eodem
2305 904 2517 959 abbate
2547 903 2958 958 subscribente
2991 903 3225 973 publice
3259 902 3728 958 excommunica-

2073 997 2213 1064 tum,
2245 996 2302 1049 et
2337 992 2461 1047 sine
2495 991 2813 1062 penitentia
2840 991 3199 1059 defunctum,
3225 1006 3335 1046 non
3370 990 3556 1046 solum
3590 991 3728 1046 bea-

2074 1088 2190 1139 tum
2216 1082 2269 1137 in
2295 1082 2582 1138 communi
2609 1086 2807 1137 nostra
2832 1081 3131 1136 audientia
3157 1080 3477 1150 praedicare
3503 1096 3727 1150 przesu-

2072 1177 2277 1242 meret,
2329 1186 2530 1227 verum
2571 1171 2746 1226 etiam
2799 1170 3050 1240 seipsum
3086 1185 3196 1223 non
3232 1169 3286 1224 in
3335 1169 3466 1237 alia,
3521 1170 3629 1225 nisi
3664 1169 3726 1226 in

2074 1277 2183 1331 qua
2211 1260 2305 1316 ille
2325 1264 2433 1329 est,
2481 1259 2666 1329 gloria
2716 1260 2975 1314 futurum
3026 1259 3337 1313 oraret?ln
3373 1258 3583 1328 quibus
3606 1274 3732 1313 om-

2072 1351 2245 1407 nibus
2269 1348 2691 1405 dilectissimos
2717 1349 2928 1403 fratres
2956 1350 3195 1402 nostros
3224 1349 3321 1401 lle.
3356 1350 3411 1401 et
3441 1348 3499 1402 B.
3534 1346 3727 1403 cardi-

2073 1438 2256 1507 nales,
2285 1453 2430 1508 quos
2462 1437 2761 1492 vobiscum
2785 1451 2916 1490 esse
2945 1440 3233 1504 putamus,
3261 1438 3446 1490 testes
3479 1434 3729 1490 advoca-

2076 1544 2221 1597 mus,
2269 1528 2364 1597 qui
2408 1526 2499 1580 vel
2542 1524 2651 1596 ipsi
2690 1524 2758 1579 de
2794 1524 2919 1592 ejus
2942 1538 3041 1578 ore.
3072 1523 3401 1589 audierunt,
3437 1522 3524 1578 vel
3555 1523 3727 1580 bonis

2075 1617 2240 1681 viris,
2260 1616 2472 1685 quibus
2501 1612 2903 1668 indubitanter
2927 1612 3195 1680 credunt,
3221 1610 3631 1679 referentibus,
3658 1626 3727 1667 se

2080 1705 2313 1761 audisse
2339 1704 2634 1758 dixerunt.
2661 1700 3193 1767 Quotiensdeereta
3211 1699 3423 1755 domini
3446 1700 3534 1755 sui
3559 1714 3727 1770 papae

2079 1794 2337 1862 Gregorii
2364 1793 2729 1861 aliorumque
2770 1794 3104 1845 sanctorum
3141 1794 3366 1859 patrimi
3394 1804 3505 1844 non
3539 1788 3727 1845 solum

317 1877 457 1940 tam,
490 1878 549 1933 et
576 1877 981 1933 Ravennatem
1013 1876 1857 1948 archiepiscopum,nisiforte
1886 1877 1967 1933 ad
1992 1902 2048 1962 Β
2081 1884 2257 1938 verbo
2284 1886 2486 1952 aperte
2516 1880 2587 1933 im
2600 1880 2875 1949 probave;
2896 1878 2959 1947 it,
2987 1892 3184 1932 verum
3205 1876 3378 1931 etiam
3401 1876 3726 1933 manifestis

312 1964 781 2036 τοδρθό-ιιιτοόίις
809 1964 1131 2033 ridebilur,
1158 1966 1238 2021 ad
1264 1967 1509 2036 dignam
1527 1968 1705 2035 atque
1728 1969 1965 2023 canoni-

313 2068 447 2110 cam.
466 2054 736 2110 venerint
759 2054 1557 2125 satisfactionem,etprteter
1579 2069 1775 2111 omnes
1796 2057 1967 2124 prin-

314 2143 537 2215 ciﬂales
543 2157 845 2213 personas,
862 2144 1374 2212 quaeatconsilio
1389 2144 1972 2214 (intaua'iliofarent

315 2232 608 2302 nequieia
622 2232 865 2289 illorum
881 2232 1471 2301 etimpielati,onznes
1488 2232 1723 2287 αὒςοίτο
1738 2232 1794 2287 et
1807 2232 1969 2287 bene-

319 2321 466 2386 dice,
503 2322 860 2392 quicumque
888 2321 1146 2377 me/zanc
1184 2320 1399 2377 habere
1422 2321 1969 2391 potestatemspiri-

318 2411 756 2467 tatrlemincz'ce
793 2411 990 2467 sancti
1019 2411 1188 2466 Petri
1216 2410 1968 2481 apostolierea’zmtintlnlxi-

318 2498 529 2554 tante-2'.
568 2517 594 2547 »

390 2586 530 2653 (Fel.
568 2583 706 2652 132’)
732 2587 869 2640 Post
894 2586 1233 2654 Gregorium
1253 2586 1586 2641 Desiderius
1607 2585 1968 2641 Cassinensis

320 2676 500 2730 abbas
528 2675 827 2745 pontificio
850 2676 1120 2729 Romanae
1146 2675 1309 2731 urbis
1331 2681 1647 2746 assumpto,
1679 2676 1968 2730 Victorem

318 2778 379 2817 se
403 2764 740 2818 nominavit.
762 2763 937 2832 Cujus
953 2762 1142 2832 qualis
1158 2764 1332 2817 fuerit
1355 2764 1586 2829 electio,
1607 2764 1894 2833 promotio
1910 2769 1969 2817 et

316 2853 700 2919 consecratio,
719 2853 965 2907 domnus
990 2854 1148 2919 Hugo
1165 2852 1563 2920 Lugdunensis
1579 2853 1721 2906 satis
1737 2853 1971 2907 eviden-

317 2944 409 2996 ter
444 2940 761 3011 expressit,
805 2939 1070 2995 scribcns
1113 2941 1432 2996 comitissa:
1475 2940 1807 2995 Mathildiin
1847 2941 1969 2997 hac

319 3034 517 3085 verba.

398 3140 423 3167 ‹‹
456 3119 617 3187 Hugo
641 3122 856 3174 sanctte
901 3117 1303 3185 Lugdunensis
1325 3117 1608 3174 {ecclesiae
1630 3133 1852 3181 servus,
1890 3118 1969 3172 di-

321 3204 658 3263 lectissimte
686 3207 739 3262 in
764 3207 994 3262 Christo
1020 3206 1205 3261 sorori
1232 3206 1510 3277 Matbildi,
1532 3206 1741 3263 divina:
1765 3222 1971 3263 conso-

320 3294 555 3352 lationis
581 3296 931 3352 uberrimam
955 3295 1223 3364 gratiam.
1249 3298 1398 3360 Quot
1421 3300 1479 3350 et
1499 3295 1731 3365 quantis
1755 3302 1969 3353 sanctte

320 3387 588 3441 Romanae
611 3383 888 3440 Ecclesia).
914 3383 1147 3451 litteris,
1166 3388 1221 3438 et
1245 3389 1507 3438 reverent
1528 3384 1736 3440 issimzc
1762 3400 1973 3440 memo-

322 3475 423 3531 rize
451 3474 605 3531 beati
634 3473 991 3542 Anselmi,et
1015 3473 1231 3529 vestris
1257 3477 1371 3528 tam
1397 3474 1969 3543 legationibusquam

321 3570 379 3619 et
404 3563 623 3619 litteris
642 3566 903 3631 coactus,
927 3563 1161 3617 Bonnam
1178 3562 1455 3627 venerim,
1478 3568 1810 3633 quantoque
1833 3569 1973 3617 tem-

322 3667 461 3723 pore
489 3652 543 3705 in
572 3649 1038 3722 partibusltalite
1061 3654 1263 3706 contra
1285 3651 1455 3706 ollicii
1481 3652 1585 3707 mei
1610 3652 1968 3722 prepositum

321 3745 585 3796 moratus
618 3739 744 3809 sim,
782 3738 1089 3810 prudentia
1121 3744 1316 3793 vestia
1350 3740 1545 3795 doceri
1580 3756 1687 3795 non
1728 3740 1968 3809 indiget.

322 3828 679 3885 Electicnem
704 3842 844 3883 vero
865 3827 1235 3883 Cassinensis
1269 3829 1499 3885 abbatis
1534 3834 1844 3899 antequam
1867 3844 1973 3897 ego

320 3918 556 3974 Romam
604 3917 860 3973 venerim
913 3918 1143 3981 factam,
1182 3917 1824 3981 sufficienteraudistis,
1879 3916 1971 3972 cui

322 4012 437 4062 tam
461 4021 568 4075 ego
592 4019 760 4076 quam
781 4011 840 4061 et
861 4005 1045 4059 ceteri
1076 4007 1287 4062 fratres
1312 4006 1417 4062 mei
1457 4011 1678 4061 saneta}
1702 4008 1973 4061 Romana)

321 4094 555 4153 eclesize
614 4094 737 4164 filii,
800 4093 1110 4162 diligentes
1156 4096 1338 4164 magis
1369 4095 1615 4164 gloriam
1679 4094 1972 4149 hominum

323 4200 490 4257 quam
524 4183 646 4253 Dei,
675 4199 778 4253 pro
803 4183 1085 4254 temporis
1132 4184 1470 4239 infirmitate
1498 4199 1796 4240 assensum
1834 4199 1977 4255 prte-

322 4273 573 4331 buimus.
636 4275 950 4342 Postquam
1010 4279 1203 4328 autem
1239 4274 1307 4327 ad
1345 4277 1595 4328 montem
1651 4273 1971 4339 Cassinum,

323 4378 437 4433 quo
461 4362 715 4432 ipsejam
742 4369 1142 4433 praecesserat,
1178 4364 1373 4418 Romae
1399 4362 1757 4432 aliquamdiu
1793 4378 1978 4417 mora-

319 4452 387 4522 ti,
413 4451 596 4524 ipsius
618 4451 836 4508 ducatu
876 4452 1271 4523 pervenimus.
1299 4466 1369 4505 ex
1395 4451 1655 4520 ejusdem
1686 4451 1978 4507 familiari-

321 4541 753 4598 busnobiscum
778 4540 1114 4609 colloquiis,
1156 4541 1289 4596 dum
1320 4540 1594 4595 videlicet
1631 4541 1978 4597 nefandissi-

322 4644 450 4687 mos
483 4635 649 4687 actus
684 4644 821 4685 suos
846 4629 900 4683 in
928 4629 1169 4684 auribus
1200 4628 1611 4698 episcoporum
1636 4635 1691 4683 et
1716 4629 1977 4685 eardina-
2006 4618 2060 4680 D

334 4719 472 4776 lium
503 4719 800 4788 jactanter
830 4718 1081 4773 recitare
1116 4731 1227 4773 non
1262 4717 1659 4785 erulnesceret,
1705 4720 1978 4789 coposius

324 4808 662 4865 necessario
720 4805 1238 4877 deprellendinms,
1293 4820 1464 4875 quam
1526 4805 1980 4863 intolerabiliter

322 4897 501 4952 Deum
532 4898 584 4951 in
622 4896 810 4966 ipsius
840 4892 1131 4949 electione
1164 4893 1598 4951 offenderimus.
1634 4895 1773 4960 Quis
1805 4897 1978 4967 enim,

330 4984 439 5041 nisi
466 5000 537 5041 ex
564 4984 747 5055 ipsius
778 4996 880 5039 ore
900 4982 1182 5049 audisset,
1204 4996 1468 5051 umquam
1493 4984 1783 5053 crederet,
1818 4986 1985 5042 Heiu-

326 5072 448 5128 rice
473 5072 632 5128 dicto
658 5071 780 5140 regi
820 5069 986 5125 fidem
1019 5086 1147 5124 eum
1183 5070 1435 5135 dedisse,
1475 5076 1533 5128 ut
1568 5074 1637 5129 de
1668 5074 1983 5144 optinenda

330 5161 571 5217 Romani
600 5159 825 5231 imperii
851 5174 1066 5214 corona
1096 5158 1348 5214 fideliter
1371 5176 1497 5215 eum
1519 5161 1982 5231 adjuvai‘ett’Aut

325 5250 493 5319 cujus
510 5249 807 5305 accusatio
831 5251 1036 5304 contra
1061 5248 1234 5302 talem
1255 5247 1439 5303 virum
1468 5250 1852 5321 reciperetur,
1871 5251 1983 5306 nisi

328 5337 452 5407 ipse
476 5340 638 5409 quasi
678 5338 746 5393 ad
778 5336 1070 5393 cumulum
1098 5335 1299 5406 gloria:
1326 5353 1445 5395 suae
1470 5338 1857 5394 adscribendo
1890 5355 1985 5395 no-

330 5426 419 5482 bis
437 5426 1108 5497 narrassct,pra}dictum
1127 5440 1317 5495 regem
1333 5428 1400 5482 ad
1424 5426 1777 5481 invadendas
1796 5430 1985 5483 terras

333 5515 488 5570 beati
516 5516 669 5570 Petri
688 5531 1000 5586 nunquam,
1021 5516 1126 5570 nisi
1146 5531 1250 5571 suo
1267 5514 1585 5571 consilioet
1604 5518 1984 5586 persuasione

336 5603 713 5669 animaretur,
750 5605 983 5658 Romam
1018 5604 1335 5660 transisse?
1380 5603 1667 5679 Numquid
1702 5619 1811 5661 non
1846 5605 1987 5662 deli-

2080 1972 2357 2042 operibus
2379 1975 2582 2041 postea
2608 1966 2990 2031 destruxerit,
3016 1966 3073 2020 in
3099 1971 3237 2035 quot
3264 1970 3320 2020 et
3346 1965 3555 2035 quibus
3579 1964 3727 2023 locis

2078 2060 2424 2115 electionem
2444 2073 2604 2114 suam
2625 2071 2734 2112 non
2756 2054 3076 2111 secundum
3091 2054 3396 2118 Deum,sed
3412 2054 3730 2111 tumultua-

2079 2151 2164 2205 rie
2181 2151 2385 2205 factam
2404 2144 3015 2215 asseverans,publicc
3033 2143 3728 2214 refutaverit,(fol.133)et

2078 2254 2386 2309 numquam
2414 2252 2474 2292 se
2500 2234 2890 2305 adquievisse,
2925 2232 3015 2288 vel
3042 2232 3096 2287 in
3122 2236 3467 2303 perpetuum
3495 2232 3729 2304 adquie-

2080 2328 2411 2388 turum.sub
2428 2323 2679 2379 terribili
2700 2322 3081 2378 attestatione
3101 2321 3494 2387 aﬂirmaverit;
3512 2336 3729 2391 quasve

2081 2432 2363 2487 personas
2376 2414 2721 2470 electionem
2746 2411 3045 2466 reddendo
3070 2410 3350 2466 {ecclesiae
3367 2409 3604 2466 idoneas
3627 2409 3734 2465 eli-

2080 2506 2133 2575 gi
2161 2507 2215 2560 in
2245 2507 2560 2559 Romanum
2586 2500 2921 2573 pontificem
2945 2498 3182 2567 dixerit,
3210 2497 3359 2552 inter
3383 2512 3527 2568 quas
3558 2512 3732 2569 quen-

2080 2595 2209 2650 dam
2237 2593 2402 2649 vobis
2425 2607 2494 2647 cx
2536 2590 2789 2657 nomine,
2823 2590 3163 2643 Mettensem
3187 2585 3417 2642 scilicet
3441 2586 3732 2642 Heriman-

2081 2698 2214 2737 num
2254 2680 2634 2752 quorumdam
2686 2677 2933 2733 consilio
2973 2676 3233 2746 scripsit,
3267 2675 3532 2746 quoniam
3562 2675 3729 2731 vobis

2088 2783 2292 2838 magna
2317 2772 2578 2838 exparte
2605 2765 2907 2819 manifesta
2934 2767 3087 2825 sunt,
3124 2766 3183 2817 et
3206 2762 3579 2833 epistolarem
3613 2777 3732 2818 mo-

2081 2858 2217 2914 dum
2250 2858 2468 2927 scripta
2494 2854 2866 2921 excederent,
2894 2868 2965 2908 ex
2987 2851 3191 2908 ordine
3224 2850 3485 2908 scribere
3515 2851 3732 2907 omitti-

2082 2963 2225 3003 mus.
2253 2949 2411 3002 Nunc
2438 2960 2596 3011 vero,
2643 2958 2771 2999 cum
2793 2943 2909 3011 jam
2959 2941 3191 2997 tandem
3221 2944 3348 3011 post
3404 2944 3621 2996 tantum
3652 2939 3731 2995 la-

2083 3038 2276 3092 borem
2300 3034 2550 3090 inaniter
2574 3032 2929 3102 insumptum
2953 3028 3245 3100 respirare
3278 3027 3637 3106 videbamur,
3666 3031 3723 3083 et

2080 3125 2426 3181 electionem
2454 3122 2672 3177 totiens
2696 3121 3030 3187 refutatum,
3057 3122 3112 3172 et
3138 3116 3418 3173 (ecclesia:
3440 3116 3727 3172 redditam

2082 3214 2269 3269 divina
2309 3211 2517 3281 gratia,
2558 3216 2616 3264 et
2657 3212 2859 3263 vestro
2887 3206 3013 3262 fulti
3036 3205 3284 3261 consilio
3309 3208 3366 3261 ct
3400 3204 3635 3273 auxilio,
3670 3205 3727 3261 in

2082 3302 2347 3374 proximo
2378 3300 2559 3354 libere
2608 3298 2799 3353 facere
2830 3297 3231 3366 sperabamus,
3282 3294 3392 3350 sub
3423 3293 3727 3349 occasione

2082 3391 2333 3460 eligendi
2370 3392 2684 3443 Romanum
2738 3385 3067 3457 pontificem
3098 3382 3409 3439 concilium
3442 3382 3495 3437 in
3531 3384 3725 3453 Capua

2084 3481 2237 3535 sicut
2254 3479 2483 3534 illarum
2502 3476 2750 3548 partium
2769 3473 3130 3546 apostolicus
3154 3471 3408 3528 vicarius
3422 3485 3736 3541 congrega-

2084 3569 2184 3624 vit.
2217 3568 2297 3623 Ad
2324 3566 2475 3637 quod
2506 3580 2612 3634 ego
2636 3569 2694 3619 et
2719 3565 2899 3619 abbas
2930 3560 3303 3617 Massiliensis
3333 3564 3506 3630 atque
3545 3558 3735 3615 archi-

2083 3658 2400 3728 episc0pus
2439 3654 2728 3725 Aqueusis
2761 3651 2912 3723 apud
2948 3650 3246 3705 Salernum
3280 3651 3730 3714 commorantes,

2084 3747 2154 3802 ab
2180 3746 2453 3816 episeopo
2480 3741 2733 3797 Ostiensi
2760 3746 2819 3795 et
2846 3739 3107 3810 principe
3123 3738 3487 3793 Salernitano
3511 3744 3566 3792 et
3593 3738 3737 3792 Cen-

2085 3835 2252 3890 ciano
2278 3836 2531 3890 Romano
2556 3834 2808 3900 exparte
2833 3828 3035 3883 vicarii
3059 3832 3117 3883 et
3142 3829 3411 3882 Romanae
3441 3825 3728 3882 {ecclesias

2085 3924 2340 3992 invitati,
2366 3934 2425 3977 ut
2451 3919 2741 3976 communi
2766 3917 3012 3974 consilio
3061 3918 3378 3971 Romanum
3404 3914 3733 3987 pontificem

2085 4015 2458 4084 eligeremus,
2494 4009 2780 4065 veniendo
2828 4005 3212 4063 obedivimus.
3248 4007 3374 4060 Dux
3404 4004 3579 4060 etiam
3612 4002 3736 4074 qui-

2087 4102 2329 4159 busdam
2352 4098 2952 4157 circumventionilms
2974 4110 3002 4150 a
3022 4094 3275 4150 Jordano
3297 4092 3553 4165 principe
3571 4091 3735 4161 juve-

2086 4192 2285 4247 niliter
2319 4189 2574 4254 illectus,
2611 4186 2745 4242 illuc
2779 4184 2956 4240 venit.
2994 4185 3133 4239 Cum
3165 4196 3306 4252 ergo
3337 4180 3407 4236 de
3433 4179 3735 4252 proposito

2087 4278 2328 4348 negocio
2360 4282 2621 4332 tractare
2654 4276 3118 4345 disponeremus,
3164 4272 3346 4326 abbas
3380 4268 3725 4339 quibusdam

2088 4370 2363 4425 mollibus
2396 4374 2455 4424 et
2487 4366 2784 4437 gestuosis
2838 4362 3277 4435 repulsionibus
3312 4361 3569 4416 fautores
3598 4372 3736 4415 suos

2088 4459 2395 4530 episcopos
2419 4460 2476 4513 et
2500 4455 2820 4527 principem
2855 4453 2923 4508 ad
2949 4449 3417 4521 compellendum
3443 4462 3505 4504 se
3531 4461 3738 4519 provo-

2089 4564 2222 4605 care
2245 4547 2442 4617 coepit.
2474 4547 2778 4614 Comperta
2804 4538 3282 4598 autem'versutia
3305 4552 3427 4606 sua,
3447 4551 3574 4594 cum
3597 4550 3739 4607 prae-

2093 4638 2234 4694 dicti
2269 4637 2337 4692 ad
2372 4634 2812 4691 restitutionem
2836 4632 2920 4687 sui
2967 4631 3129 4701 quasi
3159 4630 3401 4686 invitum
3425 4642 3556 4684 eum
3586 4639 3738 4683 com-

2095 4728 2398 4799 pellereut,
2418 4739 2522 4779 nos
2542 4721 2945 4794 praenominati
2962 4736 3093 4777 cum
3114 4718 3367 4776 Ostiensi
3385 4717 3663 4789 episcopo
3676 4716 3735 4771 et

2096 4823 2427 4881 Witmundo
2469 4820 2750 4876 monacho
2790 4823 2845 4875 ct
2874 4818 3221 4889 quibusdam
3270 4816 3400 4874 aliis
3432 4812 3735 4871 consilium

2095 4916 2934 4988 habuimus,qualiterastutia)
2952 4912 3740 4972 illiuseontrairemus.Post-

2096 5033 2262 5090 quam
2290 5030 2429 5085 ergo
2462 5014 2586 5085 ipse
2605 5014 2718 5084 jam
2747 5018 2987 5085 paratus
3010 5017 3138 5069 erat
3167 5010 3415 5081 insignia
3436 5006 3739 5081 pontifica-

2096 5122 2192 5171 tus
2226 5127 2543 5182 resumere,
2570 5118 2628 5167 et
2652 5112 2992 5168 electionem
3014 5111 3189 5167 etiam
3212 5110 3267 5165 in
3301 5109 3428 5181 ipso
3447 5109 3738 5164 conventu

2096 5212 2401 5269 multoties
2423 5210 2733 5267 refutatum
2755 5209 2965 5265 iterum
2993 5210 3045 5264 in
3069 5223 3132 5265 se
3151 5212 3515 5278 retorquere,
3532 5202 3738 5276 prazdi-

2096 5315 2326 5368 ctorum
2368 5310 2635 5374 consilio,
2667 5324 2773 5365 nos
2820 5310 3037 5364 tantam
3074 5288 3324 5363 hominis
3353 5304 3651 5361 levitatem
3681 5307 3736 5358 et

2096 5408 2387 5481 propositi
2409 5407 2496 5465 sui
2522 5405 2974 5463 mutabilitatem
2994 5404 3411 5475 improbantes,
3434 5401 3489 5456 in
3505 5399 3742 5456 audien-

2098 5509 2176 5563 tia
2215 5505 2469 5563 omnium
2503 5521 2607 5563 nos
2657 5518 3021 5575 nequaquam
3054 5515 3355 5559 assensum
3388 5498 3739 5571 praebituros

2098 5604 2511 5670 diximus;nisi
2534 5604 2605 5661 de
2631 5601 2977 5675 quibusdam
3010 5605 3216 5658 contra
3248 5599 3454 5656 famam
3486 5610 3652 5654 suam
3682 5598 3737 5652 ct

407 5791 554 5862 (tat)
591 5790 678 5846 Cf.
719 5789 856 5846 cod.
894 5788 1149 5845 Uuairici
1186 5789 1245 5842 N.
1284 5789 1512 5845 CLXVI.
1562 5790 1615 5845 in
1649 5791 1744 5847 SS.
1780 5794 1821 5847 t.
1859 5703 2187 5865 “Nigrftjia.
2219 5791 2265 5848 Ι.
2308 5805 2457 5860 xux,
2493 5805 2626 5860 sqq.
