3894 6398
107 394 219 461 341

1338 379 1845 455 CHRONICON.
1889 419 1966 435 ι-
2016 388 2167 455 LIB.
2216 393 2290 460 II.

3397 389 3514 454 312

108 529 255 591 tanti
287 528 513 590 ordinis
528 527 892 601 dignitatem,
924 541 1051 601 quae
1070 526 1203 600 post
1223 522 1570 587 electionem
1594 535 1757 583 suam
1784 513 1843 585 Α
1872 523 1981 586 bus
2005 524 2076 587 de
2106 532 2303 589 monte
2335 529 2574 591 Cassino
2605 527 2927 604 qui.secum
2951 523 3195 585 aderant
3235 524 3510 601 pracepit

107 622 278 680 nobis
307 621 378 678 de
393 636 462 677 eo
484 621 882 689 innotuerant,
911 619 1156 690 primum
1175 613 1758 674 eanonieeexamina—

105 712 189 769 tio
220 711 406 767 fleret.
442 708 603 777 Quod
641 709 767 781 ipse
802 707 1035 777 indigne
1069 707 1277 776 ferens,
1312 719 1498 778 neque
1522 703 1594 761 ad
1626 717 1759 761 exa-

110 798 481 857 minationem
514 800 849 865 venturum,
879 809 1068 866 neque
1100 795 1445 853 electionem
1488 806 1755 863 umquam

106 893 519 959 suscepturum
553 901 633 954 se,
657 885 892 958 publice
925 884 1250 955 affirmavit,
1293 883 1501 956 (1087.)
1548 882 1758 952 Sicque

107 978 240 1034 data
267 976 437 1032 nobis
461 976 670 1030 iterum
709 974 942 1029 licentia
963 975 1034 1030 ab
1071 988 1140 1030 eo
1158 988 1325 1042 quem
1358 969 1758 1027 vellemuseli-

106 1080 265 1138 gere,
299 1064 600 1122 excutiens
635 1062 871 1119 brachia
903 1076 1027 1127 sua,
1053 1061 1206 1133 cepit
1238 1076 1266 1118 a
1290 1060 1457 1117 nobis
1474 1057 1757 1114 recedere

111 1170 240 1213 cum
272 1153 645 1211 Witmundus
680 1169 750 1210 αι
770 1151 1015 1210 consilio
1047 1150 1331 1208 Ostiensis
1351 1147 1615 1221 episcopi
1661 1163 1760 1218 pu-

115 1244 264 1302 blice
287 1243 658 1314 exclamavit,
694 1242 961 1299 infamem
995 1256 1299 1313 personam
1335 1255 1445 1295 non
1472 1236 1758 1294 deberein

112 1335 440 1391 Romanum
471 1331 950 1406 pontiﬁcemeligi
982 1329 1364 1399 velordinari,
1386 1331 1762 1385 cumconsta-

113 1427 200 1480 ret
236 1437 369 1480 eum
393 1419 1101 1477 indubitanterinfamiam
1121 1418 1461 1483 incurrisse,
1489 1414 1759 1486 quoniam

113 1511 345 1582 quidem
366 1508 1024 1566 excommunicationcm
1055 1506 1248 1563 domui
1302 1521 1464 1577 papae
1497 1502 1759 1572 Gregorii

112 1616 219 1674 per
252 1614 463 1656 annum
496 1597 788 1668 integrum
820 1599 875 1653 et
912 1596 1252 1652 continuum
1284 1599 1344 1651 et
1366 1611 1435 1651 eo
1483 1593 1608 1665 plus
1637 1592 1759 1647 sine

113 1687 393 1746 canonica
428 1685 747 1759 penitentia
764 1684 1167 1742 sustinuisset.
1206 1681 1761 1752 Taliteritaquedis—

112 1777 305 1835 soluto
337 1780 652 1846 conventu,
668 1778 725 1831 et
745 1774 876 1845 quia
894 1789 1006 1830 nox
1033 1774 1392 1843 imminebat,
1419 1772 1761 1828 nobisrece-

1871 629 1933 673 se
1964 616 2063 676 illo
2096 620 2330 691 deferri,
2365 626 2425 678 et
2453 622 2509 679 in
2541 619 2802 694 capitulo
2836 632 2949 676 non
3004 620 3065 673 ut
3119 630 3344 689 papam,
3410 615 3511 673 sed

1868 711 1932 765 ut
1964 708 2234 766 abbatem
2268 710 2527 782 sepeliri.

1941 797 2063 866 (fol.
2093 797 2258 872 133’.)
2294 800 2393 857 His
2425 812 2565 870 ergo
2599 798 2677 855 ita
2705 797 2977 868 digestis,
3023 795 3155 868 quia
3212 794 3328 867 jam
3359 793 3431 850 ad
3454 793 3510 851 id

1870 886 2129 945 locorum
2154 886 2510 957 devenimus,
2549 892 2610 944 ut
2670 887 2740 943 de
2800 884 3270 958 peregrinatione
3311 888 3511 940 nostra

1869 976 2035 1033 nobis
2066 976 2350 1046 agendum
2383 977 2747 1049 sit,§oreinus
2775 976 2954 1032 Deum
2989 977 3049 1030 ut
3094 971 3256 1030 cordi
3308 975 3512 1029 nostro

1869 1065 2173 1122 scientiam
2200 1065 2361 1123 verbi
2395 1065 2678 1134 infundat,
2708 1061 3275 1136 sapientiaegratiam
3304 1060 3513 1131 largia-

1866 1157 1984 1224 tur,
2021 1159 2079 1210 nt
2115 1169 2315 1212 verum
2350 1155 2611 1211 dicentes
2643 1168 2754 1209 non
2787 1152 3135 1210 laboremus.
3165 1153 3363 1207 Annus
3386 1153 3513 1206 erat

1870 1244 1943 1299 ab
1974 1243 2085 1300 inc.
2112 1244 2271 1300 Dom.
2310 1247 2463 1314 1085,
2490 1247 2547 1299 et
2581 1241 2860 1299 efferatus
2915 1242 3169 1314 impetus
3208 1238 3508 1296 Teoderici

1871 1333 2254 1390 Virdunensis
2285 1332 2542 1404 episcopi
2578 1346 2681 1403 pro
2715 1328 3079 1387 defendenda
3111 1333 3170 1385 et
3191 1327 3509 1384 attollenda

1873 1424 2037 1493 parte
2070 1421 2342 1478 Witberti
2376 1421 2729 1477 Ravennatis
2760 1419 3005 1476 heretici
3052 1416 3212 1475 nullo
3265 1416 3511 1488 justitize

1872 1507 2263 1566 moderamine
2279 1508 2731 1581 reprimebatur,
2751 1507 3058 1579 quominus
3072 1505 3232 1563 illum
3246 1508 3510 1561 sanctum

1864 1597 2088 1668 justum
2121 1598 2469 1655 catholicum
2494 1602 2554 1654 et
2586 1596 2915 1670 pontificem
2960 1598 3274 1652 Romanum
3295 1608 3512 1650 annuu-

1869 1687 2074 1757 ciaret,
2109 1691 2165 1743 et
2223 1686 2689 1743 annunciandum
2718 1684 3101 1758 praeciperet:
3147 1682 3293 1740 adeo
3325 1687 3396 1739 ut‘
3421 1696 3513 1738 so-

1872 1774 2132 1848 lempnes
2159 1791 2263 1847 pro
2286 1776 2425 1832 eoin
2452 1772 3288 1841 aecclesiaorationesdieeret,
3315 1771 3422 1828 sub
3441 1785 3511 1827 eo

113 1865 388 1922 dentibus
404 1864 1061 1927 remansitduxcumeo,
1082 1866 1312 1917 retento
1333 1876 1525 1918 secum
1542 1860 1762 1916 Ostien-
1788 1876 1841 1936 Β
1872 1866 2274 1922 ordinationes
2308 1867 2547 1935 faceret,
2569 1867 2626 1920 et
2652 1862 2934 1935 quidquid
2961 1862 3111 1933 juris
3128 1864 3329 1917 sancto
3348 1872 3511 1932 papae

113 1955 158 2011 si
175 1969 305 2011 cum
322 1950 542 2010 ceteris
553 1952 827 2009 Romanis
842 1950 1132 2022 episc0pis
1154 1956 1212 2006 et
1225 1947 1755 2006 cardinalibus.Ubi

115 2057 245 2099 cum
270 2042 370 2098 diu
405 2040 668 2111 rogando
699 2039 815 2096 dux
839 2038 1168 2107 institisset,
1214 2037 1577 2108 utquendam
1611 2035 1759 2091 Alfa-

116 2145 247 2187 num
278 2129 337 2186 in
372 2129 801 2185 Salernitanum
832 2128 1172 2199 episcopum
1202 2129 1599 2183 consecraret.
1654 2126 1758 2181 sed

118 2218 369 2276 Ostiensi
403 2216 1046 2275 contradicenteabbas
1078 2215 1440 2272 voluntatem
1459 2214 1626 2270 ducis
1680 2214 1761 2269 in-

118 2307 276 2378 plere
300 2321 417 2363 non
453 2304 716 2375 auderet,
736 2305 1005 2376 quoniam
1026 2304 1096 2360 dc
1136 2303 1606 2359 manifestissima
1649 2316 1761 2358 am-

115 2394 337 2451 bitione
368 2392 937 2455 Alfanusconvictus
969 2393 1313 2463 fuerat,dux
1337 2391 1762 2464 graviterindi-

116 2487 327 2553 gnatus
358 2482 610 2539 recessit
642 2483 713 2537 ab
736 2483 838 2538 eis.
877 2482 1071 2538 Abbas
1096 2481 1475 2552 igiturgratia
1518 2480 1761 2535 destitu-

120 2576 228 2642 tus,
259 2571 534 2643 quoniam
595 2574 721 2627 sine
751 2586 819 2627 eo
858 2572 927 2627 ad
978 2572 1293 2627 Romanum
1360 2569 1759 2642 pontiﬁcatum

116 2660 378 2732 aspirare
409 2660 783 2730 desperabat,
828 2658 1116 2731 profunda
1170 2658 1286 2728 jam
1328 2663 1499 2714 nocte
1532 2656 1762 2713 cunctis

117 2746 917 2817 dormientibuslegationem
937 2749 1008 2803 ad
1027 2746 1229 2803 ducem
1249 2746 1639 2816 misit,sicque
1661 2745 1763 2801 du-

116 2851 180 2894 ce
221 2836 290 2894 ad
309 2837 584 2893 abbatem
602 2836 903 2904 redeunte,
921 2839 980 2890 et
1009 2836 1190 2891 abbas
1223 2834 1471 2905 gratiam
1486 2834 1638 2905 apud
1662 2833 1763 2889 du-

117 2929 487 2996 cemutpapa
513 2923 775 2992 fieret,et
825 2939 941 2979 nux
978 2923 1129 2992 quod
1177 2923 1462 2993 quercbat
1505 2923 1763 2994 optinuit

123 3013 583 3085 apudabbatem,
627 3016 691 3068 ut
720 3011 960 3069 Alfanus
1010 3016 1459 3069 consecraretur
1493 3016 1762 3082 sequenti

122 3101 233 3174 die,
250 3101 533 3158 videlicet
549 3100 833 3157 dominica
850 3101 904 3155 in
923 3100 1153 3172 palmis,
1174 3115 1245 3157 ex
1274 3107 1572 3173 praecepto
1588 3103 1764 3157 abba-

121 3191 195 3248 tis
208 3191 263 3247 id
278 3206 339 3248 se
354 3190 591 3248 cunctis
608 3191 795 3247 facere
813 3190 1320 3261 respondentibus.
1341 3190 1547 3246 Eadem
1568 3191 1762 3261 itaque

127 3277 215 3335 die
230 3294 358 3336 cum
377 3283 516 3352 post
534 3278 837 3351 prandium
856 3279 1056 3350 abbas,
1080 3280 1195 3335 dux
1209 3285 1263 3334 et
1284 3280 1574 3351 princeps,
1608 3284 1766 3335 uter-

128 3381 235 3438 que
250 3382 278 3424 a
295 3382 501 3426 somno
520 3366 840 3423 meridiano
854 3368 1271 3437 surrexissent,
1293 3366 1412 3424 sole
1434 3366 1764 3422 declinante

125 3454 193 3511 ad
210 3455 506 3527 inferiora,
540 3456 779 3513 sctvino
798 3456 1099 3527 cptinente
1115 3456 1434 3528 superiora,
1453 3455 1593 3512 heu!
1622 3454 1764 3528 proh

126 3543 315 3600 dolor!
334 3544 519 3601 abbas
533 3559 638 3616 pro
654 3544 919 3601 mercede
935 3544 1363 3602 nefandissimze
1378 3543 1767 3601 consecratio-

126 3632 228 3701 nis,
265 3632 453 3690 fultus
477 3632 834 3690 auctoritate
859 3633 1044 3704 ducis,
1061 3633 1376 3705 pluvialem
1395 3634 1505 3689 sibi
1528 3632 1766 3703 ipseim—

128 3721 341 3792 posuit,
368 3719 631 3777 Ostiensi
688 3725 749 3777 et
808 3721 976 3778 nobis
1017 3722 1381 3792 inconsultis,
1425 3727 1481 3777 et
1523 3737 1764 3794 prorsus

126 3808 555 3879 ignorantibus.
576 3809 677 3867 His
692 3809 773 3867 ita
786 3811 991 3881 gestis,
1007 3825 1135 3866 eum
1155 3810 1440 3867 Ostiensis
1453 3811 1764 3883 cpiscopus

126 3898 427 3956 nobiscum
455 3899 600 3956 bene
625 3915 727 3972 per
751 3900 941 3957 omnia
958 3901 1340 3965 eueurrisset,
1364 3907 1428 3956 ut
1450 3900 1592 3956 vidit
1611 3900 1763 3972 quod

126 3986 424 4059 abbasper
438 3988 761 4059 potentiam
786 3988 1065 4060 principis
1077 3988 1312 4045 Jordani
1335 3989 1403 4045 ad
1421 4003 1766 4045 consecran-

128 4074 255 4132 dum
280 4091 344 4133 se
375 4077 615 4133 Romam
649 4076 732 4133 ire
763 4076 1122 4146 intendebat,
1177 4077 1550 4133 timensforte
1580 4091 1649 4132 nc
1673 4077 1761 4134 sui

128 4164 409 4236 dignitate
433 4165 793 4238 privaretur,
820 4167 864 4223 si
895 4168 966 4223 ab
990 4165 1103 4223 alio
1125 4167 1308 4239 prima
1334 4182 1536 4224 manus
1562 4182 1764 4223 conse-

127 4254 308 4311 cratio
336 4256 395 4311 et
421 4255 844 4326 imponeretur,
872 4260 1295 4311 conversnscst
1323 4254 1376 4310 ir.
1393 4254 1486 4311 die
1507 4254 1642 4310 belli
1671 4258 1759 4319 ;et

128 4341 424 4400 immemor
440 4344 631 4399 factus
648 4343 930 4416 propositi
949 4348 1007 4399 et
1034 4344 1201 4400 facta)
1224 4344 1394 4400 nobis
1410 4344 1760 4417 sponsionis,

127 4433 272 4502 quod
307 4432 506 4489 dicere
531 4431 735 4504 pudet,
752 4448 881 4489 cum
902 4432 1112 4489 abbate
1129 4446 1326 4505 pacem
1352 4433 1586 4503 faciens,
1607 4448 1766 4490 reve-

128 4520 369 4578 rentiam
401 4521 456 4577 ei
477 4535 583 4593 per
610 4521 800 4578 omnia
823 4521 977 4578 sicut
996 4536 1159 4593 papae
1180 4521 1479 4595 persolvit.
1502 4522 1767 4589 Qualiter

127 4614 315 4666 autem
344 4610 440 4667 vel
464 4610 754 4681 quomodo
775 4611 1010 4666 Romam
1047 4611 1128 4666 ire
1145 4611 1438 4682 disponat,
1492 4612 1763 4682 quoniam

127 4699 669 4769 przesentiumlator
698 4703 757 4755 et
788 4699 1104 4771 peregrini,
1140 4699 1420 4771 quidquid
1460 4704 1764 4771 postquam

128 4801 156 4843 a
185 4789 353 4847 nobis
386 4793 768 4847 recesserunt
826 4803 927 4860 per
984 4790 1235 4860 Capuam
1273 4793 1649 4846 transeuntes
1694 4791 1767 4847 de

130 4876 465 4947 huiusmodi
496 4881 781 4950 apparatu
797 4876 922 4933 ﬁeri
943 4875 1235 4947 viderunt,
1260 4876 1352 4933 vel
1372 4876 1501 4935 aliis
1516 4880 1769 4935 referen-

127 4964 280 5024 tibus
321 4967 681 5037 didicerunt,
717 4965 947 5038 plenius
969 4966 1137 5022 vobis
1197 4967 1418 5023 referre
1463 4973 1765 5041 poterunt,

130 5052 331 5112 inutile
357 5054 749 5126 judicavimus
780 5053 1042 5110 scribere
1071 5052 1245 5127 (192.)

195 5143 297 5200 Hic
326 5143 508 5214 igitur
530 5148 916 5207 consecratus
935 5143 1006 5199 ab
1042 5142 1609 5217 Ostiensiepiscopo,
1637 5161 1766 5203 cum

129 5232 333 5290 missas
346 5234 497 5305 apud
517 5233 785 5290 Sanctum
800 5235 1037 5289 Petrum
1057 5232 1301 5303 diceret,
1319 5234 1463 5289 infra
1480 5235 1768 5293 actionem

121 5320 337 5390 judicio
366 5322 467 5378 Dei
501 5336 820 5395 percussus
838 5325 950 5377 est.
969 5322 1318 5391 thuamvis
1349 5324 1540 5394 tarde,
1559 5339 1771 5395 cogno-

129 5424 296 5468 scens
329 5425 392 5467 se
407 5425 656 5482 errasse,
683 5425 745 5466 se
778 5410 903 5483 ipse
934 5409 1222 5482 deposuit,
1269 5415 1326 5467 et
1354 5412 1559 5470 accitis
1575 5414 1770 5472 fratri-

1872 1954 2139 2025 debetur,
2175 1955 2308 2011 huic
2342 1957 2543 2010 contra
2563 1952 2660 2024 jus
2688 1956 2742 2008 et
2764 1953 2848 2008 fas
2871 1952 2942 2008 ab
2965 1950 3232 2007 omnibus
3246 1947 3513 2006 exsolve-

1872 2049 2054 2100 retur.
2092 2045 2212 2099 Non
2244 2041 2567 2116 potuithoc
2601 2041 2822 2098 diutius
2855 2041 2972 2112 pati
3000 2039 3231 2096 abbatis
3280 2035 3510 2094 Rodulii

1869 2131 2235 2205 simplicitas,
2269 2131 2513 2188 maxime
2536 2145 2666 2187 cum
2699 2131 2755 2185 in
2786 2144 2916 2185 eum
2939 2127 3192 2185 omnium
3215 2126 3512 2199 praecipue

1871 2222 2206 2278 desevirent
2238 2221 2448 2292 omnia,
2494 2219 2661 2291 quasi
2695 2218 3014 2276 dolentium
3050 2217 3201 2289 quod
3233 2216 3393 2273 solus
3440 2216 3511 2271 ab

1868 2311 1954 2367 eis
1986 2310 2350 2381 dissentiret,
2374 2310 2469 2381 qui
2487 2307 2882 2367 unusillorum
2901 2312 2959 2363 et
2977 2306 3131 2363 inter
3146 2306 3365 2379 primos
3377 2321 3511 2362 esse

1870 2399 2132 2471 deberet,
2166 2406 2225 2455 et
2257 2414 2409 2457 nunc
2444 2398 2513 2454 ad
2540 2398 2771 2454 illorum
2795 2395 3209 2454 contumeliam
3229 2410 3411 2452 novas
3432 2394 3509 2451 le-

1868 2503 1989 2559 ges,
2026 2503 2204 2545 novas
2236 2487 2639 2544 institutiones
2655 2490 2857 2542 contra
2889 2484 3213 2557 principem
3247 2484 3407 2554 regni
3450 2488 3507 2538 et

1872 2578 2211 2634 sacerdotes
2246 2579 2616 2648 proponeret.
2652 2576 2720 2631 Et
2755 2573 2887 2645 quia
2921 2578 3141 2630 tectum
3183 2572 3379 2630 odium
3438 2572 3511 2628 ad

1872 2670 2109 2739 apertas
2133 2665 2250 2736 jam
2267 2664 2602 2721 inimicitias
2619 2662 2994 2735 procedebat,
3022 2661 3346 2719 cedendum
3368 2666 3513 2717 tem-

1872 2755 1995 2826 pori
2028 2758 2191 2811 ratus
2223 2754 2618 2810 Flaviniacum
2652 2766 2713 2808 se
2754 2751 3026 2821 contulit,
3082 2765 3210 2822 quae
3243 2754 3333 2807 est
3363 2749 3502 2806 villa

1871 2842 2076 2899 ditioni
2110 2842 2379 2899 ecclesia;
2410 2841 2809 2898 sanctiVitoni
2840 2839 3097 2910 subdita,
3125 2840 3179 2894 in
3199 2838 3507 2895 territorio

1872 2931 2125 2988 'l'ullensi
2160 2932 2267 2988 sita
2303 2950 2314 2988 :
2349 2935 2432 2999 ut,
2468 2928 2892 3000 aliquantulum
2915 2931 3222 2984 semotusa
3244 2926 3509 2995 civitate,

1872 3024 2211 3091 expectaret
2244 3019 2290 3074 si
2323 3020 2453 3089 quis
2469 3016 2891 3075 dareturlocus
2907 3015 3170 3085 remedii,
3196 3014 3509 3071 utillisali-

1875 3108 2218 3180 quantisper
2246 3108 2467 3164 sedatis
2499 3107 2624 3178 ipse
2650 3106 2717 3162 ad
2754 3105 2968 3162 fratres
2986 3108 3187 3177 posset
3232 3103 3464 3174 regredi
3495 3120 3509 3169 ;

1796 3228 1847 3291 C
1875 3197 1973 3252 scd
2007 3197 2298 3254 incassum
2332 3211 2425 3252 res
2457 3196 2757 3266 agebatur.
2792 3195 3385 3250 Tractaveratautem
3445 3191 3516 3247 de

1875 3286 1965 3342 his
1997 3300 2182 3358 nuper
2203 3299 2333 3342 cum
2368 3285 2579 3341 abbate
2608 3281 2959 3353 Divionensi,
2993 3285 3050 3338 et
3093 3280 3325 3337 consilii
3354 3279 3516 3337 illius

1876 3374 1998 3431 haec
2032 3373 2133 3429 fuit
2168 3371 2600 3438 determinatio,
2617 3370 2991 3427 vanissimum
3010 3383 3160 3437 esse,
3179 3368 3223 3425 si
3254 3369 3513 3426 cumfra-

1876 3463 2084 3533 tribus,
2103 3465 2166 3519 ut
2182 3461 2573 3533 disposuerat,
2595 3458 2955 3532 peregrinari
2977 3456 3172 3528 vellet,
3194 3472 3324 3514 cum
3353 3472 3519 3528 aper-

1874 3556 1932 3607 ta
1957 3556 2113 3609 esset
2129 3551 2217 3608 via
2240 3548 2569 3623 periculi,si
2589 3549 2806 3604 fratres
2840 3546 3086 3617 juvenes
3126 3550 3182 3602 et
3226 3545 3512 3615 moderni,

1875 3641 1970 3712 qui
1987 3645 2241 3707 eatenus
2261 3639 2367 3697 sub
2385 3642 2509 3694 arta
2525 3636 2791 3695 custodia
2807 3636 2922 3692 Deo
2944 3634 2998 3691 in
3027 3634 3383 3692 monasterio
3398 3648 3521 3691 ser-

1874 3730 2123 3799 vierant,
2150 3726 2345 3785 seculo
2367 3740 2435 3783 ex
2450 3729 2828 3798 ponerentur;
2851 3724 2907 3780 id
2932 3723 3138 3781 melius
3162 3724 3303 3793 fore,
3320 3727 3382 3779 ut
3425 3738 3521 3795 pa-

1876 3823 1968 3874 ter
1989 3816 2305 3874 simulcum
2348 3814 2848 3886 filiis,quiainsuo
2893 3827 3026 3869 esse
3090 3811 3271 3884 quieti
3320 3812 3522 3882 nequi-

1876 3907 2034 3977 bant,
2052 3905 2305 3976 aliquem
2327 3903 2514 3961 locum
2557 3903 2839 3973 religione
2881 3902 3238 3958 nominatum
3289 3906 3525 3972 expete-

1880 3994 2108 4064 rent,in
2135 4008 2248 4065 quo
2290 3994 2406 4049 Deo
2457 4007 2587 4049 cum
2626 3991 2813 4062 gratia
2858 3994 2918 4046 et
2975 3991 3171 4061 quiete
3204 3988 3516 4059 servirent,

1875 4083 2063 4140 donec
2088 4082 2339 4139 decurso
2361 4079 2561 4137 nubilo
2574 4079 2797 4136 erroris
2810 4078 3073 4149 ejusdem
3094 4076 3163 4133 ad
3181 4091 3283 4134 sua
3327 4076 3521 4134 redire

1877 4174 2135 4243 possent.
2148 4168 2373 4239 Adjecit
2393 4168 2568 4223 etiam
2585 4167 2900 4239 praedictus
2915 4166 3096 4222 abbas
3112 4179 3174 4221 se
3197 4169 3410 4237 praesto
3434 4180 3523 4221 es-

1876 4274 1939 4317 se
1953 4260 2048 4331 qui
2065 4256 2320 4315 haecillis
2335 4270 2448 4311 non
2465 4254 2959 4325 negaret,quinon
2980 4268 3081 4309 sua
3107 4253 3194 4309 eis
3210 4253 3396 4323 daret,
3419 4261 3521 4309 sed

1877 4363 2005 4420 qua;
2040 4346 2271 4404 illorum
2302 4348 2469 4401 erant
2503 4342 2588 4399 eis
2620 4357 2749 4399 cum
2780 4342 2994 4412 gaudio
3027 4341 3521 4412 assignaret,quia

1880 4440 2027 4495 bona
2052 4433 2335 4493 zecclesiae
2351 4431 2622 4488 omnibus
2643 4429 2778 4487 ﬁliis
2808 4430 3075 4486 ecclesia:
3103 4435 3239 4486 sunt
3270 4444 3526 4486 commu-

1878 4526 1971 4582 nia
2007 4542 2021 4591 ;
2051 4524 2456 4580 Divionensem
2493 4517 2815 4575 mcclesiam
2858 4518 3024 4574 bonis
3074 4517 3343 4574 omnibus
3382 4516 3526 4573 assi-

1878 4618 2133 4686 gnatam,
2160 4625 2288 4683 quae
2315 4609 2369 4664 in
2386 4623 2451 4666 ea
2479 4612 2675 4664 essent
2699 4607 2847 4663 bona
2871 4604 3213 4678 temporalia
3234 4604 3526 4673 religiosis

1878 4703 2146 4761 omnibus
2179 4714 2293 4755 non
2318 4698 2610 4755 defutura.
2647 4694 2861 4751 Aderat
2895 4698 2954 4749 et
2984 4699 3123 4750 tunc
3164 4693 3290 4765 ipse
3330 4693 3383 4748 in
3403 4707 3526 4764 pro-

1880 4794 2033 4849 ximo
2065 4788 2216 4861 apud
2250 4785 2640 4843 Bertiniacnm
2666 4783 2895 4840 scilicet
2928 4782 3169 4839 fundum
3207 4781 3394 4853 ipsius
3436 4781 3525 4836 Di-

1878 4879 2176 4939 vionensis
2206 4875 2491 4933 aecclesiae
2516 4874 2571 4929 in
2612 4870 3085 4929 eodem'l‘ullensi
3114 4870 3419 4926 territorio
3454 4869 3527 4926 si-

1877 4974 2023 5040 tum,
2055 4969 2298 5040 paratus
2329 4963 2499 5019 fidem
2535 4963 2723 5018 facere
2767 4959 3093 5033 promissis,
3139 4958 3306 5029 longa
3368 4974 3524 5015 mora

1882 5055 2230 5131 praestolans
2262 5052 2573 5121 siveniret,
2608 5049 2910 5107 etcrebris
2944 5048 3174 5104 nunciis
3208 5047 3527 5104 admonens

1883 5150 1945 5205 ut
1976 5145 2203 5202 veniret
2240 5141 2429 5213 ;quod
2462 5145 2522 5197 et
2547 5140 2629 5195 ita
2663 5140 2875 5196 factum
2900 5143 3007 5195 est.
3034 5135 3528 5193 Vidensenimab-

1884 5238 1986 5293 bas
2017 5232 2305 5291 Bodulfus
2360 5244 2583 5286 omnem
2637 5227 2989 5285 reversionis
3047 5225 3155 5282 sibi
3211 5223 3528 5281 intercludi

1884 5325 2125 5394 aditum,
2158 5319 2600 5389 malisundique
2632 5314 3055 5389 multiplicatis,
3088 5313 3243 5370 venit
3297 5313 3368 5370 ad
3397 5328 3528 5370 eum

1885 5415 1955 5472 ad
1990 5411 2327 5487 praedictam
2362 5407 2556 5464 villam
2588 5405 2999 5473 Bertiniacum,
3054 5404 3180 5475 ipsa
3204 5401 3403 5472 vigilia
3435 5416 3532 5459 an-

1716 5532 1935 5589 ΝΟΤᾸΕ.

197 5611 353 5684 (192)
382 5610 578 5684 Aliam,
610 5610 881 5684 Hugonis
912 5611 1218 5684 epistolam

130 5682 492 5741 chartulario
522 5682 888 5741 Cluniacensi
919 5682 1103 5740 edidit
1137 5682 1422 5758 d’Achery
1452 5689 1517 5743 ll.
1554 5691 1625 5745 K.

1310 5617 1405 5670 ost
1429 5617 1643 5674 Urbani
1694 5622 1740 5676 Il
1790 5619 2139 5677 electionem
2186 5612 2256 5671 ad
2289 5609 2617 5669 Mathildam
2668 5608 2737 5665 de
2785 5607 2987 5664 eadem
3033 5621 3093 5663 re
3142 5604 3421 5678 scriptam
3460 5623 3532 5664 ex
