3894 6402
338 424 456 488 343

1295 423 1670 488 HUGONIS
1717 421 2069 486 ABB.\TIS
2109 420 2798 490 FLAVINIACENSIS

3643 431 3772 494 344

339 559 732 621 nunciationis
753 559 1085 636 Dominicis,
1105 565 1166 622 et
1200 560 1412 622 festum
1444 561 1634 636 ipsum
1684 565 1855 623 nocte
1911 577 2005 621 ea-
2030 556 2088 624 A
2117 560 2338 622 servire
2368 562 2496 638 tibi,
2529 563 2662 638 quia
2677 563 2947 624 videbam
2970 563 3464 625 redundantemin
3487 581 3576 627 me
3592 566 3771 628 mise-

340 650 469 708 dem
501 651 714 710 ibidem
747 651 1190 712 celebravimus.
1230 654 1286 710 In
1342 653 1604 712 crastino
1677 653 2005 725 Linguonas

339 741 626 812 venimus,
659 747 718 800 et
748 741 835 800 sic
868 742 961 800 die
988 743 1170 800 tercia
1195 742 1490 800 Divionem
1517 743 1998 816 peraccessimus,

341 830 440 886 ubi
472 829 790 889 honorifice
820 835 881 889 et
909 832 1157 889 caritate
1209 831 1494 905 suscepti,
1557 831 2000 904 congregationi

344 921 688 977 monasterii
723 921 931 978 sociati
961 937 1182 979 sumus.

411 1009 676 1067 Delectat
710 1026 817 1068 nos
851 1010 942 1068 hic
979 1011 1279 1084 paulisper
1304 1011 1598 1068 immorari
1634 1009 2000 1068 meditationi

343 1099 642 1158 memoriae
676 1099 1031 1159 mirabilium
1062 1099 1307 1172 Domini,
1353 1115 1482 1172 quae
1519 1099 1652 1156 fecit
1697 1099 1999 1157 nobiscum

345 1188 627 1246 Dominus
654 1190 827 1261 Deus,
888 1189 987 1261 qui
1037 1193 1318 1262 operatur
1360 1204 1564 1260 magna
1597 1188 1652 1246 in
1711 1204 1998 1261 pauperes

343 1292 522 1336 suos:
560 1282 620 1336 ut
649 1279 1070 1337 confiteaturei
1107 1284 1229 1336 tota
1253 1278 1586 1336 substantia
1621 1282 1840 1349 nostra,
1865 1279 1997 1350 quia

349 1367 481 1426 fecit
515 1367 816 1426 nobiscum
849 1383 962 1426 non
997 1369 1318 1426 secundum
1355 1369 1562 1426 merita
1605 1373 1830 1440 nostra,
1895 1367 2000 1424 sed

349 1457 671 1514 secundum
703 1456 984 1516 beneficia
1015 1474 1141 1516 sua.
1176 1459 1345 1515 Juvat
1377 1473 1517 1528 ergo
1541 1457 1850 1514 memoraii
1875 1456 2000 1514 dul-

348 1545 574 1603 cedinis
603 1545 1026 1604 misericordiae
1049 1546 1193 1618 ejus,
1217 1547 1485 1618 quoniam
1515 1548 1701 1604 bonus
1717 1551 1826 1617 est,
1860 1561 2000 1617 quo-

350 1635 504 1691 niam
537 1634 729 1692 dnlcis
759 1640 874 1708 est,
897 1637 1066 1708 cujus
1085 1637 1274 1706 gratia
1291 1637 1552 1706 gratuita
1575 1639 1684 1707 est,
1702 1635 1870 1706 cujus
1883 1635 2000 1708 pie-

351 1727 442 1780 tas
473 1723 974 1797 incomparabilis,
1007 1725 1410 1782 misericordia
1451 1724 1824 1790 inedicibilis,
1887 1739 1998 1795 qua

352 1811 538 1869 salvat
573 1827 675 1870 eos
706 1812 881 1870 etiam
913 1813 1011 1884 qui
1046 1812 1294 1871 salutem
1325 1829 1436 1885 qua
1497 1813 1712 1870 salvari
1747 1814 1996 1870 debeant

2115 653 2430 712 ricordiam
2465 661 2622 712 tuam
2655 656 2724 713 ad
2752 655 3058 714 delendam
3093 656 3460 728 iniquitatem
3495 673 3681 716 meam
3707 662 3768 716 et

2113 744 2556 802 confortandam
2591 745 2988 803 humilitatem
3017 761 3222 802 meam.
3243 747 3300 802 ln
3326 747 3595 806 omnibus
3651 749 3766 806 tibi

2111 832 2336 904 gratias
2369 834 2488 904 agit
2519 835 2692 892 exilis
2725 838 2782 892 et
2809 834 3002 892 infima
3033 835 3334 893 humilitas
3360 841 3578 907 nostra,
3624 837 3766 909 quia

2112 937 2202 978 me
2225 937 2254 979 a
2289 923 2587 980 consortio
2607 923 3050 994 malignantium
3073 925 3364 996 eripuisti,
3388 929 3488 981 eta
3515 925 3770 984 tribula-

2111 1011 2372 1070 tionibus
2402 1027 2530 1084 quae
2553 1012 2932 1070 increverunt
2963 1028 3139 1084 super
3154 1029 3356 1070 servos
3382 1017 3519 1072 tuos
3545 1016 3765 1073 fratres

2111 1104 2372 1173 nostros,
2409 1104 2717 1174 postquam
2747 1117 2778 1159 a
2810 1101 2980 1158 nobis
2995 1102 3320 1160 discessum
3355 1111 3466 1174 est,
3497 1105 3762 1173 gratuita

2111 1191 2333 1263 pietate
2366 1189 2649 1248 liberasti.
2689 1191 3043 1264 Captienim,
3077 1207 3207 1249 cum
3231 1194 3688 1264 exprobratione
3703 1197 3765 1249 et

2110 1279 2450 1351 inproperio
2467 1281 2807 1353 conspectui
2827 1281 3212 1338 Virdunensis
3227 1280 3385 1338 illius
3401 1282 3604 1339 bestiae
3619 1298 3767 1354 prae-

2109 1371 2326 1425 sentati
2361 1373 2515 1426 sunt.
2545 1373 2839 1440 quototus
2857 1375 3097 1427 senatus
3111 1370 3276 1427 urbis
3302 1375 3760 1442 convenerat,ct

2110 1457 2274 1528 quasi
2302 1456 2411 1514 fide
2445 1457 2515 1514 de
2543 1459 2788 1528 agendo,
2825 1474 2992 1530 quem
3029 1461 3556 1532 papamhabercnt,
3586 1477 3762 1532 quem

2110 1561 2306 1616 regem
2336 1551 2782 1617 venerarentnr,
2811 1547 3156 1618 inquisitum
3177 1552 3285 1604 est.
3323 1549 3542 1616 Quibus
3585 1549 3764 1608 silen-

2112 1634 2290 1706 tibus,
2314 1635 2658 1692 adinaudita
2687 1651 2820 1692 mox
2836 1641 3167 1708 perrectum
3199 1643 3307 1694 est.
3333 1639 3546 1696 Textus
3588 1655 3763 1695 evan-

2109 1721 2246 1792 gelii
2280 1723 2334 1778 in
2370 1723 2561 1780 medio
2595 1724 2826 1796 positus
2853 1728 2964 1795 est,
3001 1725 3132 1780 inde
3166 1726 3299 1783 data
3331 1727 3618 1784 sententia
3653 1731 3758 1785 uta

2111 1813 2360 1869 maximo
2391 1827 2576 1884 usque
2608 1813 2679 1870 ad
2714 1813 3007 1872 minimum
3039 1831 3240 1873 omnes
3271 1816 3558 1887 jurarcnt,
3618 1817 3764 1874 Wit-

353 1900 673 1972 refugiunt,
709 1916 856 1972 quos
879 1905 1002 1973 tua,
1025 1903 1288 1972 Domine,
1313 1901 1498 1972 gratia
1523 1902 1594 1958 ad
1609 1902 1859 1960 salutem
1885 1907 2000 1958 tra-
2028 1919 2082 1980 Β
2115 1899 2343 1958 bertum
2375 1907 2764 1970 cognomento
2799 1903 3150 1960 Clementem
3171 1919 3376 1976 papam
3395 1904 3762 1976 essejustum

357 1988 442 2044 hit
475 1989 654 2046 etiam
677 1989 913 2046 invitos.
939 1991 1118 2048 Tuum
1142 1994 1254 2061 est,
1287 1991 1545 2061 Domine,
1594 2005 1855 2060 regnum,
1900 1995 1999 2046 tua

351 2077 564 2148 virtus,
593 2081 688 2136 tua
725 2079 984 2151 potentia
1011 2097 1026 2146 ;
1063 2079 1168 2136 tibi
1201 2079 1312 2137 soli
1345 2095 1473 2136 cum
1498 2081 1672 2136 Patre
1705 2085 1758 2136 et
1781 2079 2000 2150 Spiritu

355 2170 557 2223 sancto
587 2166 773 2223 honor
805 2167 1056 2225 debetur
1071 2171 1128 2224 et
1153 2167 1359 2239 gloria,
1383 2167 1512 2226 laus
1551 2168 1914 2240 ctjubilatio,
1942 2173 2002 2223 et

355 2255 630 2324 perennis
659 2255 982 2325 gratiarum
1017 2256 1191 2313 actio.
1217 2259 1293 2313 Tu
1348 2273 1456 2328 me,
1510 2256 1770 2328 Domine,
1833 2255 2004 2326 hujus

353 2343 441 2400 tui
477 2345 736 2402 muneris
752 2345 1098 2420 participem
1133 2345 1346 2416 fecisti,
1383 2351 1444 2403 tu
1480 2361 1568 2402 me
1624 2345 1913 2414 refugium
1943 2349 2000 2400 et

355 2431 543 2488 aliena
577 2433 761 2504 magis
793 2439 1136 2506 querentem
1159 2439 1224 2498 οι,
1261 2436 1372 2492 sub
1403 2435 1599 2507 specie
1623 2433 1884 2491 discendi
1917 2448 2006 2490 sc-

353 2521 488 2578 culo
521 2521 803 2580 adherere
827 2524 1120 2581 volentem
1152 2540 1256 2596 per
1286 2539 1515 2582 servum
1538 2527 1699 2580 tuum
1733 2523 2002 2579 abbatem

357 2609 727 2669 Rodulfuma
763 2613 1020 2670 vanitate
1053 2612 1236 2671 seculi
1298 2613 1670 2685 subripuisti,
1733 2617 1790 2668 et
1843 2626 2007 2683 pere-

359 2699 709 2768 grinationis
741 2700 915 2772 hujus
947 2703 1220 2758 comitem
1275 2701 1677 2769 constituisti;
1728 2699 2007 2772 multipli-

360 2803 502 2846 cans
541 2790 789 2859 gratiam
820 2796 980 2848 tuain
1009 2791 1064 2846 in
1099 2806 1207 2862 me,
1242 2795 1303 2847 nt
1330 2807 1440 2847 non
1473 2806 1561 2847 me
1601 2791 1849 2848 taederet
1873 2791 2011 2846 ado-

362 2875 754 2935 lescentulum
787 2884 980 2950 notos,
1005 2880 1222 2950 aﬁines,
1258 2879 1528 2951 patriam,
1560 2884 1616 2936 et
1663 2879 1861 2936 nidum
1895 2893 2008 2948 quo

362 2965 694 3022 coalueram
724 2966 1059 3039 relinquere
1086 2987 1100 3033 ;
1127 2968 1300 3024 immo
1321 2969 1660 3040 gauderem,
1696 2971 1752 3024 et
1791 2967 2012 3038 gratias

365 3068 616 3124 agerem,
653 3055 936 3128 quidquid
969 3057 1311 3130 paternitati
1343 3057 1414 3114 de
1464 3073 1553 3115 me
1593 3056 1890 3126 libuisset,
1953 3058 2011 3110 et

365 3157 582 3216 corpus
624 3150 682 3202 et
735 3146 984 3203 animam
1037 3150 1338 3218 totamque
1382 3147 1570 3204 nostri
1625 3145 2013 3204 substantiam

368 3231 478 3288 tibi
531 3235 796 3303 gaudens
830 3235 1196 3306 devoverem,
1233 3240 1294 3292 et
1325 3236 1382 3292 in
1439 3239 1545 3292 tuo
1576 3235 1820 3292 servitio
1851 3235 2016 3307 quid-

2112 1993 2171 2046 et
2193 1990 2570 2062 catholicum,
2604 1992 2936 2050 lleinricum
2971 1993 3436 2066 imperatorema
3466 1997 3584 2052 Deo
3627 1996 3762 2052 aele-

2112 2083 2272 2136 ctum
2301 2084 2356 2136 et
2390 2086 2735 2138 coronatum
2771 2082 2958 2153 ;quod
2979 2083 3076 2154 qui
3107 2099 3221 2140 non
3243 2083 3498 2154 fecisset,
3516 2099 3644 2142 cum
3661 2085 3762 2142 de-

2114 2167 2325 2225 decore
2356 2173 2413 2225 et
2447 2170 2756 2240 ignominia
2793 2171 3058 2228 vestibus
3089 2172 3342 2230 nudatus
3372 2173 3442 2229 ab
3469 2175 3609 2230 urbe
3640 2173 3763 2246 pel-

2113 2255 2357 2315 leretur.
2379 2260 2614 2317 Factum
2629 2264 2714 2316 est
2743 2261 2870 2333 hoc,
2891 2266 2954 2318 ut
2971 2262 3202 2332 probati
3220 2261 3506 2320 manifesti
3530 2263 3756 2320 ﬁerent.

2114 2347 2361 2403 Noverat
2391 2349 2579 2420 pietas
2609 2353 2730 2418 tua,
2756 2349 2994 2406 Domine
3022 2353 3192 2418 Deus,
3246 2365 3477 2408 servum
3520 2351 3762 2408 tuumil—

2113 2433 2232 2492 lum
2256 2437 2486 2506 Rufum,
2519 2437 2968 2496 latenteminter
2990 2439 3216 2511 lapides
3247 2440 3621 2511 margaritam
3635 2441 3758 2511 Dei,

2117 2525 2212 2595 qui
2245 2525 2556 2597 spoliatus,
2591 2541 2789 2599 cesus,
2817 2528 3152 2600 fustigatus,
3181 2529 3757 2600 quiajurarenoluit,

2117 2629 2221 2686 per
2249 2616 2502 2673 medium
2537 2616 2698 2674 urbis
2716 2615 2968 2687 fugatus,
2994 2617 3364 2688 ignominiam
3395 2619 3590 2676 crucis
3622 2623 3758 2689 tua,

2119 2703 2374 2772 Christe,
2408 2705 2464 2760 in
2481 2720 2728 2776 corpore
2744 2710 2982 2778 portare
3004 2721 3114 2764 non
3129 2707 3386 2764 erubuit.
3403 2706 3602 2764 Nudus
3619 2721 3760 2778 ergo

2119 2806 2174 2847 ιιι
2200 2791 2326 2848 sola
2349 2793 2619 2850 staminia
2654 2796 2916 2868 (l93)per
2928 2799 3062 2852 octo
3090 2795 3324 2863 fugatus
3339 2794 3606 2866 miliaria,
3627 2811 3759 2852 cum

2120 2895 2149 2936 a
2176 2881 2520 2952 quibusdam
2545 2883 2732 2939 servis
2765 2884 2862 2939 Dei
2895 2883 3255 2955 aliquantula
3293 2888 3454 2941 veste
3510 2885 3762 2941 donatus

2121 2974 2300 3036 esset,
2335 2970 2566 3027 tandem
2599 2971 2754 3026 venit
2788 2971 3107 3042 Divionem,
3133 2977 3194 3028 et
3223 2988 3352 3030 cum
3391 2973 3604 3042 gaudio
3637 2987 3764 3029 sus-

2123 3047 2348 3130 ceptus,
2393 3057 2548 3115 etde
2577 3059 2780 3116 labore
2836 3060 3202 3118 refocillatus
3251 3065 3362 3118 est.
3423 3060 3770 3132 Multiplica-

2127 3146 2300 3204 batur
2321 3147 2556 3203 interim
2589 3163 2864 3206 numerus
2897 3151 3138 3207 fratrum
3155 3151 3684 3221 advenientium,et
3705 3154 3768 3207 ut

2125 3236 2435 3292 concordia
2462 3241 2518 3292 et
2534 3237 2696 3308 pacis
2711 3238 3064 3295 unanimitas
3077 3238 3231 3296 inter
3253 3242 3532 3309 utrasque
3547 3243 3772 3294 turmas

372 3321 510 3392 quid
558 3323 770 3382 virium
829 3330 991 3382 esset
1031 3305 1311 3396 juvenilis
1369 3325 1635 3398 corporis
1682 3305 2014 3397 expendere
2043 3305 2091 3366 θ
2125 3325 2314 3381 artius
2340 3305 2700 3397 servaretur,
2725 3327 2794 3382 de
2824 3327 3217 3399 promittenda
3248 3305 3776 3384 stabili'tatemone-

371 3416 762 3484 praeoptarem
835 3414 956 3485 (fol.
1047 3414 1195 3485 134.)
1248 3413 1540 3471 Addidisti
1629 3413 1872 3485 insuper
1935 3413 2018 3468 in-

371 3499 506 3556 fimo
529 3500 668 3558 mihi
723 3505 785 3558 et
817 3502 1107 3560 immerito
1137 3501 1385 3572 gratiam
1445 3506 1502 3558 et
1567 3501 2014 3559 benivolentiam

373 3587 527 3643 servi
558 3589 644 3645 tui
669 3589 901 3647 abbatis
927 3589 1315 3662 DivionenSis,
1371 3605 1484 3661 qua
1513 3605 1646 3646 mox
1669 3594 1734 3647 ut
1766 3605 1854 3647 me
1872 3589 2016 3646 vidit

371 3679 430 3730 et
447 3677 704 3748 agnovit,
731 3681 919 3736 totum
936 3679 990 3734 in
1009 3683 1170 3750 se,te
1194 3679 1450 3749 volente,
1478 3682 1536 3734 te
1559 3679 1808 3750 favente,
1834 3684 2020 3736 trans-

375 3763 544 3832 fudit,
576 3780 822 3838 sperans
852 3771 908 3824 ct
941 3767 1191 3824 credens
1213 3767 1462 3838 ut’reor,
1509 3767 1729 3839 aliquid
1753 3768 1928 3824 bonia
1961 3773 2019 3824 te

378 3857 746 3911 manaturum
780 3854 833 3911 in
882 3855 1067 3913 nobis.
1127 3857 1198 3912 Et
1246 3855 1464 3912 utinam
1522 3857 1674 3928 quod
1735 3858 2016 3930 speravit,

384 3941 536 4012 quod
569 3941 843 4014 credidit,
879 3943 1032 4015 quod
1053 3945 1306 4016 quesivit
1323 3945 1635 4016 ctquerita
1655 3950 1714 4003 te
1735 3947 1806 4003 de
1831 3947 2016 4018 nobis,

383 4029 483 4086 fiat
516 4046 621 4102 per
650 4033 898 4102 gratiam
935 4037 1088 4090 tuam
1124 4035 1178 4090 in
1212 4035 1401 4105 nobis,
1437 4042 1501 4092 ut
1529 4036 1873 4106 gaudeatde
1891 4051 2022 4108 pro-

382 4119 540 4178 fectu
569 4126 792 4193 nostro,
855 4136 1025 4194 quem
1049 4122 1286 4180 voluisti
1312 4126 1374 4181 ut
1433 4139 1541 4182 nos
1592 4125 1864 4196 diligeret
1919 4141 2023 4196 pro

381 4223 576 4267 amore
608 4213 729 4268 tuo.
765 4209 914 4277 Quid
937 4211 1090 4268 enim
1109 4217 1234 4268 erat
1267 4213 1325 4270 in
1363 4215 1555 4285 nobis,
1617 4213 1772 4285 quod
1824 4217 2022 4270 tantus

379 4299 471 4356 vir
501 4302 666 4356 tanto
689 4299 955 4358 caritatis
985 4300 1195 4360 affectu
1219 4301 1512 4375 diligeret,
1540 4303 1651 4360 nisi
1685 4307 1804 4374 tua,
1840 4301 2026 4359 Domi-

381 4403 474 4459 ne,
533 4387 722 4459 gratia
781 4403 952 4460 quam
984 4391 1260 4463 sperabat
1291 4397 1349 4449 et
1393 4393 1740 4464 expectabat
1792 4407 1822 4448 a
1874 4397 1935 4448 te
1969 4394 2025 4448 in

385 4477 594 4535 nobis?
623 4478 769 4549 Fiat,
795 4479 1052 4551 Domine,
1072 4495 1174 4551 per
1207 4483 1453 4550 gratiam
1493 4485 1652 4538 tuam
1691 4481 2026 4540 fructuosus

383 4566 712 4625 devotionis
743 4567 870 4638 ejus
900 4567 1146 4626 affectus
1173 4568 1229 4624 in
1254 4569 1444 4640 nobis,
1489 4574 1549 4626 ut
1585 4569 1820 4628 laetetur
1843 4569 2028 4628 dulcis

2129 3414 2361 3470 bantur.
2396 3413 2561 3480 Quod
2584 3417 2824 3472 verbum
2859 3415 2989 3472 ideo
3012 3416 3130 3472 illis
3168 3422 3298 3472 erat
3343 3415 3769 3486 gravissimum,

2129 3502 2262 3573 quia
2291 3503 2458 3573 quasi
2485 3503 2844 3560 abhorrebat
2861 3518 2891 3560 a
2909 3509 3090 3576 recto,
3108 3519 3177 3561 eo
3201 3505 3356 3576 quod
3407 3519 3514 3561 nec
3529 3505 3774 3576 primam

2130 3590 2652 3662 fideminfringere,
2673 3607 2777 3649 nec
2804 3594 3119 3650 secundam
3152 3593 3570 3665 professionem
3585 3592 3775 3650 facere

2130 3694 2191 3736 se
2222 3695 2414 3752 posse,
2448 3679 2607 3736 salva
2626 3680 2806 3752 prima
2823 3696 2994 3752 quam
3015 3682 3294 3751 fecerant,
3343 3695 3544 3740 sanum
3585 3680 3670 3737 eis
3692 3679 3777 3735 vi-

2130 3767 2398 3824 debatur.
2440 3768 2741 3824 Timebant
2780 3769 2932 3826 enim
2974 3770 3221 3842 primum
3259 3775 3478 3830 votum.
3531 3769 3773 3842 primam

2130 3856 2551 3928 professionem
2583 3855 2822 3929 violare,
2849 3862 2904 3914 et
2941 3858 3071 3914 ideo
3115 3859 3186 3915 de
3227 3857 3477 3916 secunda
3513 3855 3772 3914 facienda

2131 3945 2295 4001 nefas
2329 3945 2609 4016 putabant
2643 3945 2736 4002 vel
2765 3961 3093 4003 sermonem
3139 3947 3365 4012 audire,
3405 3961 3536 4004 cum
3586 3945 3640 4002 id
3689 3944 3776 4001 eis

2133 4033 2366 4089 omnino
2396 4033 2765 4091 intolerabile
2799 4035 3122 4105 videretur,
3147 4035 3562 4092 monasterium
3587 4033 3642 4090 in
3657 4048 3772 4104 quo

2132 4121 2517 4178 stabilitatem
2550 4123 2664 4178 Deo
2687 4128 2988 4194 voverant,
3025 4125 3296 4180 deserere
3317 4123 3411 4180 vel
3443 4123 3512 4181 ad
3545 4124 3772 4189 horam;

2133 4210 2290 4281 quod
2313 4211 2546 4268 omnino
2565 4209 2943 4283 abnegarent,
2979 4213 3356 4270 sisecundam
3394 4211 3770 4270 stabilitatem

2133 4299 2187 4354 in
2205 4298 2390 4356 aliena
2419 4299 2690 4356 {ecclesia
2729 4300 3047 4357 firmarent.
3100 4300 3406 4368 Quesierat
3459 4315 3634 4373 super
3669 4299 3773 4356 hac

2135 4403 2197 4443 re
2230 4387 2538 4444 consilium
2573 4389 2755 4446 abbas
2806 4389 3088 4446 Rodulfus
3119 4405 3148 4446 a
3196 4389 3660 4462 quampluribus,
3713 4391 3771 4444 et

2135 4477 2491 4535 Lanfrancus
2515 4479 2958 4535 Cantuariorum
2984 4478 3464 4551 archiepiswpus
3483 4478 3596 4536 tale
3617 4477 3667 4534 ei
3690 4492 3773 4533 re-

2139 4581 2415 4638 sponsum
2439 4566 2798 4638 reddiderat,
2818 4567 3086 4624 scribens
3102 4567 3317 4624 adeum
3334 4568 3391 4624 in
3411 4569 3534 4625 haec
3559 4567 3730 4624 verba
3755 4586 3768 4621 :

385 4655 513 4726 ejus
544 4656 732 4714 anima
763 4671 940 4728 super
964 4655 1462 4726 benignitatetua,
1495 4672 1624 4728 quae
1654 4657 1923 4728 noseju31

2237 4657 2270 4712 5.
2284 4655 2632 4714 Οαηιιιανὶίε
2642 4655 3122 4728 archiepiscopus
3135 4655 3396 4730 Rodutfo
3407 4655 3608 4714 abbati
3625 4655 3775 4714 salii-

388 4743 546 4812 ritis,
579 4745 681 4800 tua
695 4747 1054 4815 cooperante
1076 4743 1618 4812 gratiaconfortare
1647 4749 1704 4800 et
1729 4760 1932 4815 regere
1946 4745 2028 4802 di-

385 4835 618 4902 gnetur,
646 4835 710 4889 ut
744 4831 799 4886 in
830 4830 929 4887 illo
950 4834 1010 4888 et
1033 4831 1089 4888 in
1121 4831 1288 4888 nobis
1312 4831 1713 4889 misericordia
1761 4837 1860 4891 tua
1888 4851 2032 4906 prai-

386 4921 621 4978 dicetur
642 4925 702 4976 et
734 4920 1172 4978 honorificetur.
1203 4920 1349 4978 Nolo
1371 4919 1524 4977 enim
1567 4921 1868 4980 beneﬁciis
1911 4925 2032 4982 tuis

389 5011 652 5081 ingratus
681 5023 832 5079 esse,
867 5007 998 5065 nolo
1021 5008 1208 5080 patris
1231 5008 1404 5080 hujus
1446 5011 1748 5083 beneficia,
1770 5028 1898 5084 quae
1928 5014 2032 5070 abs

389 5103 448 5156 te
481 5103 640 5169 sunt,
663 5103 782 5154 tam
813 5097 984 5169 longe
1019 5097 1330 5170 projicere,
1369 5106 1429 5155 ut
1459 5104 1628 5157 extra
1650 5106 2032 5173 conspectum

392 5188 528 5246 sint.
564 5188 708 5246 Volo
741 5192 802 5246 ut
827 5187 1103 5248 frequens
1133 5185 1526 5260 illacogitatio
1544 5196 1818 5248 exerceat
1847 5196 1907 5247 et
1949 5207 2036 5248 re-

393 5281 590 5348 novet,
625 5281 1014 5348 utnumquam
1035 5277 1328 5336 memoriis
1351 5280 1776 5350 subducantur,
1804 5295 1932 5351 quae
1953 5281 2037 5338 ni-

395 5364 510 5422 chil
542 5366 760 5439 perdit,
797 5365 910 5422 nisi
941 5365 1013 5423 ad
1043 5367 1200 5438 quod
1221 5381 1331 5423 non
1381 5383 1518 5441 sepe
1558 5368 1908 5440 respexerit.
1974 5371 2036 5425 in

396 5454 578 5524 prima
610 5459 777 5528 parte
799 5453 972 5510 animi
1005 5461 1313 5528 ponantur,
1340 5461 1402 5514 ut
1425 5471 1658 5529 semper
1697 5463 2032 5514 occurrant.

397 5543 590 5614 Delegi
607 5557 748 5614 ergo
773 5544 1136 5616 propensiori
1153 5545 1364 5604 affectu
1386 5549 1444 5602 et
1472 5545 1811 5602 ferventiori
1838 5547 2035 5604 studio

2142 4745 2493 4803 temJndica
2501 4744 2624 4802 tum
2636 4745 2888 4803 estmilii
2898 4746 3048 4816 quia
3061 4746 3130 4802 de
3143 4746 3242 4802 tuo
3255 4747 3608 4804 monasterio
3627 4758 3774 4804 rece-

2140 4833 2273 4890 dere
2287 4834 2382 4892 ei:
2395 4834 2490 4890 :de
2489 4835 2794 4906 promissa
2805 4834 3144 4893 stabilitate
3153 4850 3214 4893 sa
3223 4835 3452 4895 llicitus
3461 4849 3616 4907 came
3626 4835 3775 4894 unde

2141 4923 2331 4980 Deum
2331 4920 2586 4994 placare
2597 4921 2787 4995 debes,
2801 4923 2942 4981 inde
2953 4937 2984 4979 ο
2979 4923 3238 4997 foedas.
3258 4927 3344 4982 De
3353 4941 3468 5000 quo
3488 4927 3774 4983 rationem

2145 5011 2324 5068 talem
2339 5010 2597 5081 ostendo,
2615 5013 3214 5071 etinostendeadome
3251 5014 3658 5088 inexemplum
3689 5013 3776 5071 sic

2143 5101 2234 5158 do.
2259 5101 2334 5158 Si
2349 5115 2452 5174 ego
2471 5104 2536 5160 L.
2551 5103 2994 5175 maimpropria
3006 5117 3097 5160 me
3117 5103 3187 5160 de
3207 5105 3417 5176 aliqua
3430 5103 3774 5161 monasterio

2142 5193 3240 5264 nonreoessummjaraasem,viderem
3279 5194 3478 5251 autem
3513 5191 3668 5266 quod
3693 5191 3776 5249 ibi

2144 5280 2251 5338 ani
2261 5282 3504 5354 mammeamsaloarenoapossem,eairem,
3521 5295 3625 5340 nec
3649 5295 3778 5353 per-

2133 5369 2274 5442 juri
2283 5369 2503 5427 crimen
2513 5369 2900 5428 incumrerem.
2922 5370 3034 5436 Qui
3043 5372 3200 5429 enim
3212 5373 3330 5429 Deo
3347 5371 3592 5444 propter
3604 5371 3781 5428 Deum

2146 5458 2590 5530 alligatur,non
2601 5459 2857 5518 solvitur
2868 5459 2943 5517 ab
2955 5462 3232 5532 ipsomisi
3243 5461 3453 5520 contra
3462 5459 3658 5532 ipsum
3675 5458 3784 5519 εοιο

2144 5547 2344 5605 oatwr.
2365 5547 2556 5604 Porro
2571 5547 3211 5624 abipsoeo-ntraipsum
3248 5549 3649 5620 nonaoloitwr,
3683 5547 3783 5622 qui

1987 5671 2206 5728 NOTAE.

467 5739 612 5810 (192)
645 5739 827 5796 Lanea
858 5738 1110 5796 camisia.
