3894 6400
159 441 276 505 345

1382 428 1881 497 CHRONICON.
1929 465 2006 474 —
2049 426 2204 489 LIB.
2253 426 2326 487 II.

3449 404 3565 468 346

149 575 394 652 propter
423 585 681 634 amorem
711 571 858 646 ejus,
886 570 944 629 et
968 569 1038 629 ut
1064 570 1118 628 ei
1151 568 1290 628 bene
1297 567 1561 643 placeat,
1592 567 1804 638 aﬂliis
1836 569 1888 630 Α
1919 566 2033 626 chil
2059 565 2176 624 tale
2194 562 2464 632 verebar,
2490 549 3162 652 pedemprotendissem,
3180 539 3394 618 utquid
3412 545 3568 643 esset

161 666 496 734 discordiis,
518 661 825 734 superbire,
853 661 1215 732 deﬁdentia,
1242 661 1314 729 et,
1341 660 1410 715 ut
1429 658 1696 730 apertius
1721 655 1807 712 di-

161 771 310 824 cam,
326 755 528 828 aﬁliis
551 751 774 809 diaboli
795 751 1023 821 migrat
1043 751 1123 806 ad
1147 750 1302 812 alios
1319 749 1514 819 pacis,
1531 747 1676 817 spei,
1696 744 1803 800 Iru-

159 841 664 911 miiitatis,immo
691 841 861 911 filios
898 840 1026 895 Dei.
1067 840 1181 904 Qui
1231 839 1386 894 enim
1432 838 1522 893 sic
1561 833 1804 901 transit,

159 931 586 1006 nomiefuqita
607 930 742 987 sede
770 928 1001 986 diaboli
1025 928 1106 984 ad
1124 927 1317 984 sedem
1340 927 1494 982 Dei?
1528 925 1673 989 Quis
1704 936 1808 978 au-

166 1025 277 1080 tem
295 1020 535 1092 judicet
553 1019 728 1074 illum
749 1017 1210 1090 dampnaudum,
1238 1016 1344 1087 qui
1372 1015 1440 1070 ut
1457 1015 1536 1069 ad
1559 1012 1808 1083 patrem,

163 1112 235 1168 ut
254 1111 336 1168 ad
363 1111 549 1168 Deum
579 1109 636 1165 et
661 1106 937 1174 amicum,
947 1107 1133 1178 fugit
1158 1105 1238 1162 ad
1268 1107 1461 1175 ipsum
1481 1110 1505 1159 7
1528 1101 1811 1157 Prelerea

167 1203 272 1274 qui
303 1198 392 1257 sic
415 1198 658 1266 transit,
683 1211 799 1253 uou
820 1194 892 1253 ab
913 1196 1178 1252 ecclesia
1201 1193 1283 1250 ad
1303 1191 1626 1249 (ecclesiam
1652 1190 1812 1244 trau-

165 1289 263 1346 sit.
288 1289 422 1346 Non
442 1288 587 1345 sunt
590 1287 799 1357 plures
821 1282 1234 1348 (ecclesia,se(i
1261 1296 1379 1337 uua
1411 1279 1499 1337 est
1527 1279 1643 1334 toto
1675 1276 1811 1332 orbe

167 1375 415 1450 difusa,
431 1376 488 1432 et
502 1374 604 1430 uni
627 1376 746 1430 Deo
769 1372 987 1442 ubique
1007 1372 1284 1434 sei-ritur,
1310 1369 1410 1424 uui
1434 1367 1562 1437 regi
1586 1365 1813 1421 milita-

169 1467 263 1521 tur
277 1465 396 1530 (fol.
421 1463 576 1533 134’).
597 1463 904 1520 Postrema
917 1461 1160 1518 sanctus
1181 1457 1557 1523 Beuedictus,
1577 1471 1609 1524 7
1623 1456 1682 1509 ui
1696 1454 1813 1509 sia-

167 1553 462 1611 bilitatem
474 1551 1038 1623 praecipit/irritare,
1067 1546 1416 1602 illO/‘Hl-C/iltiil-
1439 1544 1513 1601 ab
1557 1544 1660 1598 iilo
1700 1556 1814 1596 mo-

165 1643 429 1699 nasterio
452 1641 533 1698 ad
544 1641 717 1696 aliud
728 1640 1046 1694 seuientem
1063 1635 1287 1706 suscipi
1292 1637 1328 1705 j
1336 1633 1481 1702 uoci,
1500 1633 1569 1702 et,
1588 1633 1640 1689 si
1657 1631 1814 1687 Iro/tce

165 1732 298 1788 citce
304 1730 530 1804 fuerit,
556 1730 625 1785 ut
654 1726 1049 1786 stabilitatem.
1083 1723 1558 1789 ﬁrmetsuuderi.

239 1819 404 1875 Hiset
425 1817 555 1873 aliis
569 1815 1012 1888 quampluribus
1027 1812 1429 1885 probabilibus
1444 1807 1812 1879 argumentis

1920 671 2316 728 agnoscerem,
2342 652 2494 709 collo
2524 653 2796 722 protenso
2829 641 3013 699 hianti
3048 654 3146 696 ore
3182 649 3436 692 morsum
3470 632 3571 690 mi-

1920 723 2091 805 natus
2124 752 2235 802 est.
2274 747 2411 799 Cum
2445 741 2812 805 clamassem,
2841 737 2897 788 et
2929 730 3173 801 gradum
3209 729 3372 782 retro
3404 723 3570 780 tulis-

1920 854 2038 896 sem
2057 839 2251 907 ;jussu
2277 834 2404 904 ejus
2431 831 2587 902 prior
2613 825 2954 891 adveniens,
2975 818 3119 892 pede
3136 815 3328 886 capite
3343 811 3571 868 colubri

1919 900 2329 998 conquassato,
2383 900 2671 976 mortuum
2726 912 2992 986 projecit,
3029 906 3315 962 clamante
3369 900 3571 956 eodem

1921 993 2264 1078 viro-beato,
2283 1017 2336 1066 et
2365 1011 2622 1067 dicente:
2655 1003 2880 1067 Occide,
2901 999 2991 1056 sic
3015 993 3312 1052 moriatur
3334 1001 3572 1059 serpens

1921 1108 2028 1179 qui
2057 1103 2389 1163 insidiatur
2420 1097 2613 1158 saluti
2628 1093 2865 1168 fratris
2889 1086 3164 1157 Iluqouis
3183 1091 3203 1137 !
3229 1095 3315 1135 me
3341 1089 3571 1179 quoque

1923 1166 1978 1253 in
2003 1196 2178 1252 corde
2203 1190 2579 1254 assentiente,
2597 1166 2655 1240 et
2679 1183 2942 1238 dicente:
2967 1173 3222 1246 Sic/tat,
3242 1182 3428 1226 amen.
3450 1166 3574 1221 Sta-

1925 1287 2046 1353 tim,
2081 1287 2215 1338 .lesu
2249 1283 2417 1347 bone,
2453 1280 2512 1333 ut
2548 1276 2655 1329 hoc
2696 1273 2747 1325 in
2783 1268 2958 1325 corde
3003 1279 3128 1319 meo
3182 1258 3569 1315 deliberatmn

1923 1378 2092 1428 estet
2119 1384 2435 1430 assensum,
2457 1362 2704 1421 dulcedo
2730 1365 2824 1414 tua
2853 1358 2906 1411 in
2936 1369 3020 1409 me
3050 1352 3139 1422 pic
3168 1343 3486 1412 convaluit,
3513 1345 3568 1396 et

1925 1463 2081 1518 sensi
2115 1475 2365 1515 amorem
2403 1462 2562 1511 tuum
2596 1449 2756 1522 quasi
2805 1443 3133 1501 extinxisse
3171 1438 3224 1492 in
3259 1450 3346 1490 me
3381 1431 3569 1488 omnia

1926 1565 2139 1606 venena
2175 1545 2484 1617 serpentis,
2521 1558 2648 1612 qua:
2683 1554 2770 1593 me
2821 1537 2890 1591 ab
2930 1528 3202 1603 inplenda
3237 1519 3571 1617 obedientia

1926 1607 2307 1711 professionis
2329 1631 2612 1704 inplendae
2640 1625 3054 1698 impediebant.
3080 1614 3226 1683 Quid
3253 1610 3452 1667 mora?
3479 1607 3573 1662 die

1926 1700 2127 1783 eodem
2163 1700 2422 1780 sentiens
2455 1721 2540 1776 vir
2575 1717 2850 1789 prmfatus
2881 1727 2984 1767 cor
3016 1712 3278 1764 nostrum
3326 1700 3572 1754 inmuta-

1926 1822 2070 1884 tum,
2091 1819 2234 1870 teut
2259 1811 2434 1868 credo
2459 1807 2780 1879 inspirante
2803 1801 2989 1857 solum
3018 1811 3104 1851 me
3125 1802 3436 1861 aggressus
3459 1789 3568 1882 est,

167 1912 223 1963 et
258 1907 587 1964 rationibus
611 1905 838 1972 muniti,
869 1872 1162 1974 princepto
1191 1900 1372 1972 patris
1399 1899 1483 1954 sui
1517 1899 1813 1966 obtempe-

2031 1872 2146 1960 :um
2181 1900 2358 1957 multa
2394 1900 2463 1955 de
2499 1893 2872 1966 simplicitate
2909 1892 2965 1943 et
3008 1879 3295 1940 modestia
3340 1872 3574 1931 abbatis

2677 1983 2688 1990 .
2857 1979 2893 1990 ..
3071 1973 3114 1990 ,Α
3180 1961 3567 1990 humanm,“

169 2001 386 2064 rantes,
415 1994 646 2064 quidam
682 1992 1064 2049 stabilitatem
1098 1989 1364 2045 ecclesia:
1397 1985 1729 2042 Divionensi
1756 1984 1812 2038 in

171 2083 488 2156 praesentia
525 2081 707 2154 patris
740 2080 1075 2136 monasterii
1128 2077 1373 2149 professi
1426 2080 1557 2130 sunt
1593 2079 1648 2129 et
1682 2075 1814 2128 ohe-

171 2171 451 2228 dientiam
481 2191 495 2236 ;
531 2171 762 2241 quidam
798 2174 991 2224 autem
1023 2168 1461 2233 dubitaverunt,
1497 2167 1551 2219 et
1588 2161 1816 2231 adquie—

172 2276 337 2317 scere
373 2265 437 2316 ut
470 2260 886 2330 proﬁterentur
938 2258 1266 2312 noluerunt.
1305 2256 1420 2323 Ego
1471 2268 1648 2320 eram,
1682 2252 1817 2304 Jesu

174 2350 340 2419 bone,
369 2348 440 2404 de
466 2348 873 2405 dubitantibus
897 2362 1062 2413 unus,
1086 2361 1213 2401 cum
1239 2348 1336 2397 tua
1366 2343 1549 2412 pietas
1575 2354 1674 2411 per
1700 2353 1820 2392 scr-

173 2453 303 2495 vum
331 2443 497 2493 tuum
523 2437 790 2492 abbatem
827 2440 1086 2490 nostrum
1122 2433 1257 2486 mihi
1277 2432 1389 2500 jam
1419 2428 1816 2500 praiccpisset,

175 2531 234 2584 ut
254 2524 412 2581 ﬁdeli
440 2529 560 2594 tuo,
580 2525 670 2580 cui
695 2523 1128 2594 complacuerat
1153 2521 1261 2575 sibi
1291 2520 1341 2573 in
1371 2534 1456 2573 me
1473 2517 1655 2571 anima
1673 2514 1818 2583 ejus,

172 2614 467 2671 cotidiana
500 2614 838 2669 adhererem
879 2611 1155 2666 instantia
1195 2629 1204 2662 :
1243 2620 1588 2677 quan‘iquam
1623 2608 1678 2658 et
1718 2605 1822 2659 hoc

174 2703 295 2774 ipse
319 2703 609 2769 timerem,
631 2715 764 2770 quua
791 2699 895 2754 viri
923 2699 1284 2763 modestiam,
1313 2696 1589 2766 pietatem
1615 2697 1670 2746 ct
1700 2691 1824 2746 dul-

175 2791 438 2848 cedinem
473 2804 584 2844 non
620 2803 891 2844 noveram
925 2806 936 2843 :
973 2787 1140 2856 cujus
1173 2786 1310 2839 licet
1348 2797 1581 2838 nossem
1615 2778 1826 2835 sancti-

176 2883 376 2949 tatem,
408 2879 745 2934 reverebar.
771 2878 841 2930 Et
865 2881 1053 2930 tamen
1080 2875 1426 2929 adherebam
1453 2872 1500 2924 ei
1531 2871 1600 2925 de
1634 2869 1822 2937 longe,

180 2973 236 3023 et
261 2966 685 3036 benignitatem
705 2965 830 3034 ejus
854 2964 1177 3034 multopcre
1198 2962 1485 3028 siticbam,
1505 2959 1635 3028 quia
1665 2957 1828 3012 bonis

181 3070 386 3112 coesse
427 3058 485 3110 et
518 3053 855 3110 cohabitare
882 3051 1311 3114 desiderabam,
1340 3048 1491 3119 quod
1517 3051 1699 3102 totum
1726 3047 1829 3099 abs

181 3148 238 3199 te
282 3148 434 3212 erat,
471 3142 699 3197 domine
751 3143 910 3196 Jesu.
947 3141 1282 3194 Venabatur
1335 3137 1432 3192 ille
1478 3134 1830 3190 discretione

188 3231 509 3302 praacipua,
539 3234 598 3284 ut
628 3230 856 3300 peritus
888 3223 1118 3297 auceps,
1146 3226 1388 3281 animam
1417 3239 1616 3291 meam,
1641 3234 1833 3277 mune-

193 3320 355 3376 ribus
389 3319 738 3390 quibusdam
772 3323 829 3372 et
865 3316 1167 3372 affectione
1201 3313 1557 3379 multimoda,
1593 3327 1718 3381 qua:
1755 3314 1835 3363 ta-

190 3422 313 3464 men
351 3407 653 3476 religionis
685 3405 1044 3477 propositum
1095 3418 1203 3457 non
1245 3400 1620 3468 excederent,
1657 3401 1837 3454 attra-

189 3493 375 3552 hendo
397 3500 455 3552 ct
484 3495 647 3566 quasi
673 3493 1060 3564 inlaqueando
1088 3491 1453 3547 devotionem
1483 3502 1684 3557 meam,
1710 3501 1836 3556 qua:

193 3583 488 3654 aliquanta
522 3587 648 3639 erat
679 3597 814 3650 erga
851 3581 1010 3637 illum
1040 3580 1176 3641 ;sed
1203 3595 1405 3634 rursus
1441 3577 1709 3631 timebam
1744 3575 1840 3629 ho-

195 3672 401 3728 minem
465 3687 631 3742 quem
696 3685 802 3725 non
863 3684 1156 3737 noveram,
1221 3681 1564 3738 quamquam
1617 3665 1731 3733 jam
1788 3663 1838 3717 ei

199 3765 404 3830 pectus
456 3764 718 3816 nostrum
763 3758 1140 3830 aperuisscm,
1180 3762 1234 3812 et
1285 3755 1474 3812 omnia
1519 3754 1723 3808 anima)
1758 3766 1844 3807 se-

197 3856 355 3904 creta
394 3849 765 3905 retexissem.
795 3847 939 3914 Quid
967 3852 1114 3916 erat,
1141 3845 1367 3901 domine
1396 3847 1555 3912 Jesu,
1582 3843 1636 3897 in
1670 3840 1844 3896 corde

202 3936 360 3994 illius
391 3938 584 3993 ﬁdelis
618 3938 742 3993 tui?
777 3936 922 4002 Quid
955 3941 1102 4003 erat,
1130 3950 1258 3990 cum
1294 3950 1379 3988 me
1415 3933 1491 3987 ita
1523 3931 1845 3986 dimitteret

199 4025 486 4082 voluntati
504 4025 850 4097 proprize,ut
865 4025 1038 4080 etiam
1057 4022 1286 4095 publice
1305 4021 1665 4092 prohiberet,
1683 4017 1847 4088 quid-

109 4129 112 4132 λ
202 4115 333 4185 quid
363 4116 635 4184 facerem,
653 4114 934 4184 quidquid
955 4113 1230 4178 dicerem,
1249 4126 1317 4165 ne
1336 4110 1465 4179 quis
1482 4108 1842 4176 objurgarct,

202 4217 270 4257 ne
301 4203 432 4274 quis
467 4202 658 4258 saltim
693 4203 746 4257 in
779 4200 1054 4273 capitolio
1088 4199 1434 4255 reclamaret
1459 4199 1480 4250 ?
1506 4195 1653 4261 Quid
1696 4197 1842 4263 erat,

200 4307 327 4348 cum
357 4291 575 4348 cotidie
609 4291 769 4361 quasi
804 4290 1050 4361 pedibus
1095 4289 1218 4357 ejus
1272 4285 1675 4358 procmnbens,
1712 4297 1845 4338 cum

198 4379 310 4448 jam
344 4380 509 4451 quasi
544 4383 786 4436 venatus
816 4395 1025 4448 essem,
1063 4391 1286 4432 orarem
1322 4379 1382 4430 ut
1419 4388 1504 4429 me
1537 4371 1847 4442 reprehen-

204 4466 366 4524 deret
391 4475 448 4524 et
476 4469 774 4537 edoceret,
793 4473 850 4523 et
878 4467 998 4538 ipse
1025 4482 1110 4520 me
1136 4465 1302 4535 quasi
1327 4461 1660 4533 repelleret,
1678 4464 1732 4514 et
1750 4473 1847 4529 op-

205 4556 422 4613 tionem
457 4557 622 4613 daret
657 4562 721 4612 ut
751 4555 1033 4627 quidquid
1067 4554 1269 4610 Vellem
1307 4553 1596 4607 facerem?
1628 4551 1692 4603 Et
1730 4547 1844 4616 jam

1928 1993 2114 2051 nostri
2149 1993 2507 2062 perorasset,
2542 1983 2787 2055 quedam
2818 1979 2991 2035 etiam
3053 1973 3123 2028 de
3180 1961 3569 2062 inreverentia

1929 2087 2127 2140 nostra
2153 2087 2208 2136 et
2236 2076 2566 2150 pertinatia,
2589 2087 2698 2143 qua
2725 2068 2962 2125 obedire
2988 2061 3135 2135 patri
3161 2051 3455 2129 spirituali
3485 2066 3570 2105 re-

1931 2144 2310 2239 fugiebamus,
2331 2157 2990 2237 replicuisset,deducta
3019 2153 3072 2207 in
3100 2146 3351 2204 medium
3376 2144 3574 2236 aucto-

1931 2262 2106 2315 ritate
2167 2256 2402 2326 regulze,
2443 2269 2569 2324 qua:
2626 2246 2889 2321 principit
2951 2235 3340 2297 obediendum
3397 2227 3572 2326 patri,

1930 2347 2158 2404 etiamsi
2185 2347 2328 2416 ipse,
2349 2342 2500 2414 quod
2527 2318 2707 2396 absit!
2737 2336 2907 2391 aliter
2929 2333 3080 2399 agat.
3105 2341 3206 2381 nec
3232 2334 3360 2378 esse
3386 2318 3580 2415 discu-

1929 2437 2189 2492 tiendum
2223 2435 2290 2489 de
2325 2430 2657 2488 obedientia
2683 2447 2694 2480 :
2724 2425 2858 2480 vicit
2889 2419 3224 2488 me,fateor,
3257 2406 3580 2467 auctoritas

1931 2527 2061 2595 viri,
2079 2531 2136 2581 et
2162 2526 2248 2580 vis
2268 2523 2578 2577 verborum
2605 2515 2829 2572 ratione
2853 2516 2912 2567 et
2935 2505 3288 2564 auctoritate
3304 2495 3570 2561 subnixa,

1933 2591 2077 2671 illud
2110 2614 2304 2680 etiam,
2342 2609 2472 2680 quia
2507 2613 2563 2662 te
2611 2606 2930 2676 praestante
2970 2591 3203 2652 veritati
3250 2596 3576 2680 repugnare

1935 2704 2220 2759 nolebam.
2257 2702 2314 2754 In
2350 2675 2620 2754 omnibus
2648 2693 2774 2760 tibi,
2813 2691 2958 2743 bone
2988 2686 3144 2748 Jesu,
3178 2675 3399 2749 gratias
3447 2686 3574 2740 ago,

1938 2793 2068 2863 quia
2102 2788 2410 2861 protexisti
2438 2801 2522 2840 me
2551 2801 2563 2847 ;
2591 2782 2722 2852 quia
2749 2779 2852 2834 sub
2875 2775 3075 2831 uuibra
3101 2768 3321 2826 alarum
3351 2770 3576 2863 tua‘rum

1941 2848 2137 2935 fovisti
2192 2893 2297 2944 me,
2352 2882 2406 2930 et
2456 2871 2644 2943 gratia
2696 2878 2991 2924 servorum
3041 2866 3274 2914 tuorum
3324 2848 3578 2944 ﬁdelium

1941 2969 2172 3025 donasti
2209 2982 2315 3022 me.
2353 2936 2554 3033 itaque
2585 2975 2652 3015 eo
2684 2956 3029 3020 deducente,
3057 2943 3251 3003 abbati
3287 2945 3486 2996 nostro
3512 2936 3582 2990 de

1940 3057 2257 3129 pertinacia
2287 3030 2568 3117 satisfeci,
2596 3049 2732 3103 etin
2767 3041 3025 3100 crastino
3047 3030 3363 3108 praeceptis
3385 3040 3580 3082 eorum

1942 3117 2192 3201 obedivi.
2224 3147 2332 3198 Per
2354 3140 2545 3197 omnia
2578 3134 2943 3192 benedictum
2978 3138 3182 3181 nomen
3212 3117 3412 3190 gloria:
3448 3119 3581 3201 tute,

1945 3234 2041 3303 qui
2063 3231 2323 3303 disponis
2348 3228 2536 3285 omnia
2562 3228 2615 3280 in
2642 3218 3088 3290 tranquillitate.
3107 3213 3341 3275 Precor,
3359 3199 3586 3301 domine

1943 3324 2100 3391 Jesu,
2138 3292 2247 3375 non
2285 3333 2371 3374 me
2407 3328 2680 3372 secernas
2713 3326 2742 3365 a
2779 3319 3016 3363 numero
3049 3306 3108 3356 et
3139 3292 3438 3354 consortio
3468 3303 3588 3391 ser:

1945 3375 2147 3464 voruln
2183 3412 2436 3473 tuorum,
2472 3402 2567 3473 qui
2618 3393 3057 3465 dereliqucrunt
3115 3383 3356 3457 gloriam
3390 3375 3584 3473 mundi

1949 3514 2077 3554 cum
2113 3497 2235 3553 suis
2269 3489 2804 3552 oblectationibus;
2839 3483 2969 3554 quia
2999 3485 3058 3560 et
3089 3491 3216 3546 ego,
3249 3485 3380 3527 cum
3412 3472 3475 3560 tu
3509 3465 3591 3518 in-

1950 3588 2240 3659 Spirasscs
2270 3583 2432 3640 cordi
2459 3596 2604 3649 meo,
2631 3575 2892 3633 seculum
2925 3575 2981 3624 et
3017 3579 3142 3638 quae
3175 3563 3302 3633 ejus
3335 3559 3470 3614 sunt
3495 3569 3590 3650 vo-

1952 3656 2178 3732 luntate
2229 3669 2662 3744 promptissima
2697 3658 3004 3736 postposui
3038 3660 3093 3711 et
3129 3656 3442 3724 postpono,
3477 3657 3592 3698 ani-

1952 3783 2098 3823 mam
2123 3771 2178 3820 et
2206 3740 2420 3834 corpus
2445 3773 2630 3814 meum
2662 3755 2766 3810 tibi
2800 3749 3032 3807 domino
3065 3747 3200 3811 Deo,
3226 3742 3379 3794 teste
3401 3740 3456 3790 et
3480 3746 3593 3787 me-

1955 3855 2200 3912 diatrice
2233 3829 2400 3908 beata
2436 3847 2625 3915 Maria,
2655 3841 2860 3900 devovi
2880 3843 2938 3894 et
2957 3849 3160 3901 voveo,
3187 3829 3323 3886 etin
3349 3830 3449 3880 tuo
3475 3837 3594 3878 ser-

1955 3945 2098 4002 vitio
2129 3942 2306 4000 emori
2352 3942 2635 4012 pracepto,
2673 3932 2804 4003 quia
2832 3928 2942 3983 tibi
2974 3923 3196 3981 servire
3231 3915 3597 4012 regnarenest

1957 3999 2077 4103 (fol.
2112 4034 2249 4102 13:5).
2279 3999 2556 4085 Mdrtiﬁea
2591 3999 2644 4079 a
2681 3999 2788 4088 the,
2823 4015 3094 4103 Domine,
3117 4004 3399 4080 quidquid
3451 3999 3593 4103 illud

1955 4130 2044 4179 est
2067 4093 2222 4192 quod
2247 4135 2431 4187 neque
2451 4115 2596 4170 cibis
2616 4124 2802 4181 neque
2826 4101 3133 4163 sacriﬁciis
3161 4101 3358 4168 aptum
3391 4095 3503 4192 est,
3538 4093 3596 4143 et

1957 4213 2023 4268 da
2046 4179 2202 4266 Patri
2234 4211 2435 4263 nostro
2466 4218 2634 4259 servo
2671 4179 2767 4255 tuo
2799 4193 2994 4251 abbati
3029 4183 3358 4245 Divioneusi
3402 4179 3597 4234 videre

1956 4316 2082 4372 quae
2107 4299 2268 4370 Optat
2293 4296 2363 4350 de
2383 4292 2579 4357 nobis;
2605 4292 2666 4344 ut
2700 4283 2956 4351 lauderis
2989 4279 3043 4334 in
3079 4278 3203 4348 ipso
3233 4278 3290 4330 et
3325 4272 3379 4326 in
3405 4268 3596 4336 nobis,

1957 4359 2054 4462 qui
2086 4359 2159 4445 es.
2181 4393 2407 4459 potens,
2434 4380 2744 4450 gloriosus,
2773 4367 3133 4430 admirabilis
3163 4369 3220 4422 et
3255 4359 3597 4418 benedictus

1957 4482 2012 4535 in
2043 4477 2316 4550 operibus
2347 4472 2478 4529 tuis.

2031 4534 2217 4638 (Alnno
2249 4565 2319 4620 ab
2354 4563 2463 4617 inc.
2503 4561 2656 4613 Dom.
2697 4554 2877 4624 1088.)
2912 4547 3093 4618 igitur
3126 4544 3217 4599 his
3249 4538 3346 4611 qui
3380 4534 3599 4592 residui

213 4646 630 4716 professionem
666 4647 932 4714 feceram,
970 4645 1039 4699 ad
1070 4658 1238 4714 quam
1274 4639 1594 4696 faciendam
1625 4636 1726 4693 tali
1761 4650 1848 4691 ra—
1873 4643 1930 4707 D
1961 4629 2124 4714 θνέηιι
2161 4655 2227 4711 ad
2255 4649 2636 4710 obediendum
2663 4641 2980 4707 inclinatis,
3004 4650 3133 4692 cum
3161 4633 3214 4687 in
3239 4642 3379 4701 pace
3403 4629 3460 4681 et
3485 4639 3602 4678 ιηο-

209 4734 362 4790 tione
396 4734 610 4791 ductus
642 4751 785 4790 sum.
827 4736 971 4790 Casu
997 4733 1066 4788 de
1091 4731 1352 4786 claustro
1373 4728 1691 4794 veniebam,
1719 4739 1847 4780 cum

213 4821 336 4894 ipse
366 4824 600 4880 sederet
635 4823 689 4878 in
722 4822 1075 4880 consistorio
1123 4835 1246 4888 suo,
1283 4824 1341 4874 et
1389 4817 1591 4874 videns
1637 4829 1742 4883 me,
1781 4814 1850 4868 de

214 4912 578 4981 professione
613 4927 843 4968 monere
877 4910 1050 4980 cepit.
1087 4911 1203 4978 Ego
1245 4907 1444 4962 audito
1497 4903 1647 4974 quod
1697 4901 1853 4956 nole-

217 4999 364 5070 bam,
400 5000 628 5069 erubui,
656 5000 976 5069 etgradum
1007 4996 1290 5068 repressi;
1317 5010 1445 5051 cum
1479 5010 1614 5048 ecce
1649 4990 1857 5047 coimu-

217 5104 340 5158 pnze
373 5089 578 5159 ligneae
617 5088 992 5160 apprOpians,
1013 5086 1313 5143 colubrum
1338 5082 1547 5139 offendi
1573 5081 1724 5151 spira
1753 5093 1857 5133 sua

218 5176 551 5234 inrotatum.
592 5177 712 5247 Cui,
750 5192 879 5233 cum
916 5175 1181 5231 nesciens
1214 5173 1348 5243 quid
1399 5175 1576 5239 esset,
1613 5168 1743 5238 quia
1779 5166 1862 5221 ni-

290 5385 310 5405 ⁸⁵
334 5384 480 5440 Hac
503 5383 571 5439 de
591 5382 755 5440 obitu
780 5380 1055 5452 Gregorii
1089 5381 1210 5437 VII
1246 5379 1531 5452 leguntur
1567 5376 1631 5431 iu
1669 5373 1866 5452 codice

221 5453 414 5511 Musei
453 5454 804 5511 Britannici
844 5445 1002 5509 tuter
1045 5445 1426 5509 Cottouiauos
1466 5449 1620 5504 Nero
1663 5449 1726 5502 (μ’.
1806 5445 1859 5497 V.

222 5524 603 5604 memorasiec.
622 5525 716 5604 Χζ
730 5523 1169 5604 εωθιιηιέδχρβηξ
1189 5542 1212 5602 I:
1235 5542 1262 5573 «
1287 5519 1562 5604 Veianius
1589 5533 1692 5572 vos
1715 5515 1866 5604 scire

229 5596 323 5666 qui
343 5593 779 5666 accelesiasticte
805 5609 942 5651 cure
965 5586 1200 5666 solliciti
1224 5590 1563 5666 e_stis,_quo_d
1589 5586 1869 5666 apostoli-

231 5656 333 5723 cus
356 5665 774 5722 Hiltebrandus
797 5665 1016 5722 nuncin
1031 5664 1310 5720 extremis
1324 5656 1530 5718 suisad
1554 5656 1869 5715 se‘vocavit

237 5752 408 5794 unum
429 5736 501 5792 dc
524 5737 828 5794 duodecim
849 5735 1244 5795 eardinalibus
1274 5748 1441 5806 quem
1475 5729 1719 5787 multum
1742 5726 1870 5784 dili-

1963 4748 2148 4803 dcstia
2180 4741 2358 4814 quieti
2397 4736 2642 4808 spiritus
2673 4734 2788 4787 Deo
2823 4730 2892 4784 ab
2935 4723 3203 4781 omnibus
3254 4715 3597 4811 serviretur,

1962 4853 2098 4892 ecce
2131 4802 2371 4902 repente
2404 4827 2473 4882 de
2507 4822 2667 4878 obitu
2696 4835 2855 4891 βψω
2877 4810 3136 4882 Gregorii
3159 4809 3251 4862 Vit
3281 4802 3489 4860 nuncio
3508 4813 3604 4902 ve-

1963 4925 2158 4980 niente
2179 4887 2238 4985 ’.ς
2267 4920 2506 4974 fratrum
2535 4911 2823 4984 praecipue
2855 4904 3030 4960 corda
3060 4899 3295 4954 turbata
3322 4895 3476 4959 sunt,
3503 4887 3606 4943 do-

1964 5013 2203 5069 lentium
2239 5004 2656 5063 desolationem
2692 5002 2905 5053 sancta:
2946 4992 3044 5048 Dei
3092 4986 3376 5052 ecclesia),
3414 4994 3606 5069 quam-

1969 5115 2135 5172 quam
2169 5091 2645 5164 congaudcndum
2680 5087 2760 5141 illi
2796 5085 3034 5145 scirent,
3072 5093 3239 5149 quem
3273 5071 3475 5130 multis
3505 5068 3608 5167 tri-

1973 5157 2368 5247 bulationibus
2416 5182 2719 5253 probatum
2770 5187 2876 5230 suo
2922 5173 3036 5241 jam
3086 5164 3356 5222 Dominus
3386 5157 3610 5231 gremio

1973 5369 2145 5439 gebat
2180 5379 2279 5437 pre
2301 5360 2554 5439 QEBtCl‘lS,
2576 5362 2630 5439 et
2657 5351 3069 5439 confessus'est
3093 5339 3618 5439 Ollll‘nlpolelltlnp‘ﬁtg

1976 5417 2039 5495 ἓξ
2055 5417 2272 5494 "s'a'néid
2303 5417 2477 5488 Petro
2510 5417 2572 5485 ac
2608 5428 2713 5483 toti
2747 5422 3029 5495 zecclesize
3061 5417 3231 5474 valde
3251 5425 3544 5495 peccasse
3565 5417 3620 5464 in

1980 5491 2256 5582 pastorali
2290 5518 2427 5582 cura
2462 5516 2587 5582 qua:
2619 5499 2671 5553 ei
2706 5497 2776 5582 ad
2804 5491 3115 5582 regendum

2295 5553 2800 5630 vdi‘a‘bollo'contra
2845 5553 3155 5619 humanum
3202 5571 3385 5638 genus
3425 5553 3622 5638 odium

1980 5633 2243 5708 etﬁiram
2304 5646 2599 5711 incitasse,
2646 5642 2854 5695 Postea
2909 5648 3049 5689 vero
3101 5633 3624 5711 sententiamnquae

2071 5695 2270 5779 orbe-in
2301 5695 2799 5774 terra'rum’eﬁ‘usa
2830 5711 2942 5775 est,
2977 5719 3084 5777 pro
3115 5701 3424 5772 augmento
3466 5695 3627 5751 Chri-
