3894 6422
277 326 400 409 347'

1234 349 1605 411 HUHONIS
1652 348 2003 413 ABBATIS
2045 347 2728 415 FLAVINIACEN‘SIS

3574 354 3713 417 318

278 480 657 552 confoveret;
692 498 797 557 pro
828 482 1031 543 animae
1061 485 1258 544 tamen
1304 483 1432 558 ejus
1463 483 1835 545 absolutione
1865 491 1926 545 et
1956 486 2010 547 Α
2043 498 2193 542 anno
2227 486 2351 544 Odo
2383 483 2669 545 Ostiensis
2694 482 3007 559 episcOpus
3041 482 3098 544 in
3141 500 3346 562 papam
3384 500 3713 548 consecra-

281 573 484 645 requie
508 574 1085 631 consuetudinarium
1113 590 1352 646 pensum
1380 577 1810 648 promptissima
1833 593 1927 635 vo-

281 662 508 720 luntate
542 662 954 736 persolverunt
986 664 1039 720 in
1066 664 1269 721 oﬂlciis
1290 668 1345 720 et
1372 665 1770 723 celebratione
1795 666 1928 724 mis-

281 766 475 809 sarum
506 758 567 809 et
611 750 920 822 largitione
970 753 1441 811 elemosinarum.
1492 755 1740 825 Vigebat
1774 757 1926 812 enim

280 841 474 898 virtus
499 841 767 898 caritatis
795 841 850 897 in
885 845 1050 914 patre
1092 847 1293 900 nostro
1325 845 1537 901 abbate
1572 845 1922 917 Divionensi,

282 944 409 1002 quas
437 934 598 986 tanta
629 936 776 1002 erat,
805 936 870 989 ut
903 942 1248 1004 quamquam
1280 948 1349 988 eo
1374 947 1523 989 anno
1547 934 1762 1005 ubique
1788 944 1930 990 tem-

279 1020 534 1092 pestatis
560 1019 841 1078 violentia
867 1026 1108 1079 maturae
1132 1027 1363 1093 segetes
1386 1023 1441 1078 in
1460 1024 1637 1096 spicis
1654 1029 1712 1081 et
1733 1024 1926 1081 vinum

280 1110 335 1165 in
367 1109 635 1181 racemis,
670 1110 860 1167 omnia
896 1116 1191 1183 prostrata
1224 1116 1280 1168 et
1326 1128 1571 1185 prorsus
1614 1114 1925 1186 dampnata

278 1204 495 1268 essent,
513 1198 692 1256 nichil
713 1204 906 1256 tamen
932 1200 1122 1258 minus
1148 1202 1309 1257 ﬁeret
1336 1202 1389 1257 in
1415 1203 1928 1259 refectorioetele-

282 1289 527 1355 mosina,
561 1304 690 1345 cum
724 1290 936 1346 fratres
981 1292 1380 1347 centenarium
1421 1292 1538 1348 fere
1570 1293 1928 1349 excederent

282 1390 608 1448 numerum,
642 1381 699 1433 et
729 1378 818 1434 his
847 1379 942 1449 qui
977 1379 1046 1435 de
1084 1384 1236 1435 terra
1275 1380 1452 1436 fertili
1487 1384 1543 1435 ct
1590 1380 1927 1452 plenissima

280 1471 585 1537 venerant,
611 1466 862 1524 etnichil
894 1468 1085 1525 minus
1116 1472 1394 1525 noverant
1424 1485 1593 1540 quam
1628 1470 1927 1542 penuriam

281 1553 422 1625 pati,
456 1556 957 1613 abundantissime
993 1558 1048 1612 in
1080 1558 1348 1614 omnibus
1379 1559 1835 1629 ministraretur,
1869 1563 1927 1613 et

275 1645 375 1698 tua
396 1643 590 1714 pietas
614 1646 803 1700 omnia
828 1646 1159 1718 supplebat,
1179 1645 1408 1703 domine
1430 1650 1583 1703 Jesu.
1601 1650 1669 1703 Et
1696 1648 1927 1718 quidem

272 1730 458 1800 juste.
477 1733 722 1789 Habenti
747 1735 899 1789 enim
915 1736 1243 1804 caritatem,
1262 1736 1497 1793 dabitur
1511 1736 1922 1793 etabundabit.

2040 578 2138 633 tus
2174 582 2284 646 est,
2322 579 2379 633 et
2413 577 2682 634 Urbanus
2714 576 2905 634 dictus
2934 583 3023 634 est
3056 576 3238 650 (l088,
3272 579 3434 636 Mart.
3472 582 3580 652 12).

2112 666 2225 722 Nos
2260 665 2440 735 igitur
2475 664 2771 738 loquuturi
2806 666 2876 722 de
2908 666 3070 723 obitu
3103 666 3297 724 domui
3329 668 3702 735 Herimanni,

2039 754 2339 811 videamus
2370 755 2559 827 primo
2591 755 3009 813 revelationem
3051 755 3260 812 factam
3316 757 3387 813 de
3438 757 3706 814 transla-

2039 844 2199 900 tione
2230 844 2494 915 corporis
2528 844 2680 901 beati
2715 844 3050 915 Clementis,
3080 845 3251 916 primi
3283 846 3581 903 Mettensis
3603 861 3707 903 00-

2040 933 2236 990 clesiaa
2266 932 2516 1003 apostoli
2548 938 2605 989 et
2638 933 2921 1005 epiSCOpi,
2947 933 3102 990 etde
3137 934 3302 991 obitu
3333 935 3475 1006 ejus.
3503 937 3705 1009 Appa-

2041 1022 2414 1079 ruitsanctus
2440 1022 2705 1080 Clemens
2729 1022 2955 1079 cuidam
2981 1037 3166 1094 puero
3188 1023 3414 1093 Hugoni
3436 1025 3697 1094 nomine,

2040 1110 2366 1167 innocentis
2397 1116 2456 1167 et
2491 1110 2775 1183 simplicis
2806 1111 2962 1181 vitm,
2983 1115 3043 1166 et
3070 1112 3388 1169 ostendens
3418 1112 3472 1168 ei
3500 1113 3557 1169 in
3580 1128 3702 1171 asc-

2039 1199 2218 1257 clesia
2244 1201 2429 1257 sancti
2457 1200 2667 1257 Felicis
2691 1200 2881 1257 locum
2906 1200 3228 1272 sepulturae
3249 1216 3388 1272 sua},
3408 1202 3695 1274 prmeepit

2040 1292 2102 1345 ut
2136 1289 2248 1345 iret
2278 1293 2336 1346 et
2368 1294 2591 1345 ulceret
2623 1289 2969 1346 Herimanno
3000 1289 3266 1346 Mettensi
3298 1290 3594 1363 episcopo,
3626 1296 3697 1349 ut

2039 1378 2297 1435 elevaret
2331 1380 2462 1436 inde
2490 1394 2621 1436 ossa
2654 1379 2798 1450 ejus.
2835 1379 3170 1451 Adjungens
3202 1381 3377 1437 etiam
3426 1381 3561 1452 quia
3591 1380 3697 1438 die

2038 1468 2218 1525 tertio
2249 1473 2381 1540 post
2416 1470 2623 1526 factam
2673 1468 3091 1525 revelationem
3138 1469 3406 1541 corporis
3435 1470 3521 1526 sui
3556 1471 3689 1542 ipse

2040 1563 2390 1615 moreretur.
2426 1558 2681 1628 Injunxit
2713 1558 2886 1613 etiam
2920 1557 3169 1629 puerulo
3213 1564 3276 1615 ut
3326 1563 3574 1615 mutaret
3606 1558 3697 1616 vi-

2042 1650 2157 1701 tam
2187 1651 2246 1701 et
2280 1661 2350 1703 ne
2383 1648 2519 1719 quid
2556 1646 2782 1719 puerile
2808 1651 3029 1717 ageret,
3056 1647 3158 1703 sed
3188 1637 3567 1705 monasticum
3592 1663 3699 1720 ap-

2042 1740 2249 1806 petens
2273 1735 2693 1806 indumentum,
2716 1737 2831 1791 Deo
2854 1736 3078 1792 servire
3100 1736 3386 1793 studeret.
3404 1738 3556 1792 Puer
3571 1738 3700 1795 evi-

281 1819 419 1885 Quae
451 1826 645 1878 autem
677 1822 857 1890 maior
888 1824 1081 1895 potuit
1108 1838 1239 1881 esse
1272 1825 1509 1896 karitas,
1538 1841 1704 1896 quam
1738 1825 1925 1881 virum
1958 1846 2011 1907 Β
2040 1823 2231 1894 gilans
2283 1824 2577 1881 dominum
2633 1825 2878 1881 advocat
2906 1856 2976 1865 —
3017 1829 3186 1896 patre
3233 1825 3383 1881 enim
3415 1830 3471 1882 et
3504 1829 3696 1882 matre

277 1921 427 1965 anno
457 1908 687 1980 integro
721 1926 748 1966 a
783 1913 1135 1969 monasterio
1185 1918 1491 1984 semotum,
1527 1913 1659 1969 inde
1704 1914 1773 1970 ad
1826 1927 1925 1969 sua

276 1998 620 2054 redeuntem
654 2000 843 2055 omnia
876 2000 1167 2057 invenisse
1200 2002 1440 2058 confusa
1470 2008 1526 2058 et
1563 2018 1803 2074 prorsus
1834 2001 1930 2056 ad-

277 2085 528 2157 nuilata,
564 2103 692 2143 cum
742 2090 932 2146 omnia
983 2090 1275 2159 deessent,
1327 2091 1508 2162 panis,
1545 2092 1765 2158 vinum,
1798 2092 1931 2147 sub-

284 2176 523 2247 stantia,
559 2179 626 2233 40
657 2178 869 2234 fratres
916 2194 1044 2234 cum
1096 2180 1416 2249 gratiarum
1470 2181 1699 2236 actione
1738 2195 1931 2237 susce-

285 2264 550 2335 pisse;et
587 2266 681 2336 qui
714 2266 836 2323 suis
868 2266 1029 2323 nul'o
1064 2273 1233 2338 pacto
1264 2268 1465 2338 quibat
1496 2270 1551 2324 in
1577 2270 1930 2326 necessariis

278 2354 565 2424 sufficere,
591 2355 743 2411 hunc
766 2371 874 2427 pro
897 2356 987 2412 his
1009 2372 1154 2427 quos
1177 2371 1284 2412 non
1311 2361 1553 2414 noverat
1576 2358 1931 2415 deducendis

279 2441 350 2497 ad
385 2448 576 2500 terras
608 2451 921 2501 extraneas
954 2446 1090 2516 isse,
1123 2450 1181 2500 et
1217 2446 1340 2502 suis
1386 2462 1491 2502 eos
1544 2448 1816 2518 expensis
1861 2447 1932 2503 ad

279 2545 447 2588 suum
479 2532 668 2589 locum
703 2533 1018 2590 deduxisse
1047 2538 1069 2591 ?
1099 2536 1214 2591 1100
1243 2539 1377 2591 sunt
1412 2541 1531 2606 tua,
1564 2538 1724 2605 Jesu,
1762 2536 1933 2591 mira-

282 2621 440 2693 bilia,
477 2623 584 2679 hec
616 2623 687 2680 de
723 2629 823 2680 tuo
853 2625 1006 2681 fonte
1032 2626 1650 2696 procedunt.Noverat
1675 2626 1770 2682 illc
1793 2631 1932 2682 tuus

280 2711 549 2782 famulus,
586 2717 644 2768 te
675 2712 796 2769 tuis
826 2727 936 2769 non
973 2714 1192 2785 defore,
1229 2714 1325 2785 qui
1358 2716 1655 2772 consuesti
1687 2716 1851 2772 cibos
1876 2716 1932 2772 in

281 2798 518 2857 deserto
550 2815 781 2873 parare,
816 2806 876 2858 et
908 2803 979 2858 de
1014 2803 1215 2874 paucis
1247 2803 1499 2875 panibus
1549 2804 1726 2861 multa
1776 2804 1934 2859 milia

278 2887 573 2946 hominum
620 2891 865 2946 saciare.
898 2892 1013 2947 Hec
1063 2891 1239 2946 etiam
1272 2892 1325 2947 ei
1359 2897 1461 2948 tua
1510 2893 1932 2964 omnipotentia

280 2977 628 3050 praevidisti,
649 2980 745 3049 qui
770 2984 828 3034 et
852 2980 1182 3036 necessaria
1198 2979 1248 3035 ei
1267 2981 1753 3051 subministrasti,
1770 2987 1830 3037 et
1853 2981 1934 3037 in-

282 3080 461 3137 super
476 3070 634 3123 tanta
652 3068 704 3123 in
723 3069 959 3141 przediis
981 3075 1035 3125 et
1064 3068 1256 3125 fundis
1278 3069 1764 3128 zecclesiieeidem
1784 3086 1934 3128 anno

2043 1914 2285 1971 orbatus
2317 1915 2467 1986 apud
2501 1928 2631 1970 eum
2666 1914 2762 1984 qui
2794 1928 3055 1970 sororem
3080 1928 3242 1970 suam
3268 1912 3539 1985 habebat,
3565 1929 3692 1971 mo-

2042 2003 2305 2074 rabatur,
2342 2035 2411 2043 —
2440 2006 2499 2058 et
2530 2002 2786 2058 venienti
2829 2002 3111 2058 visionem
3164 2002 3403 2059 indicat.
3437 2003 3591 2059 Petit
3624 2008 3695 2060 ut

2042 2091 2294 2148 ducatur
2327 2091 2397 2147 ad
2430 2092 2796 2163 episc0pum.
2829 2091 2937 2148 Sed
2986 2091 3255 2149 dominus
3299 2091 3424 2162 ejus
3452 2091 3689 2164 timens,

2042 2180 2206 2238 duxit
2238 2196 2367 2238 cum
2403 2181 2471 2236 ad
2505 2182 2771 2236 abbatem
2804 2180 2991 2236 sancti
3018 2178 3243 2249 Felicis,
3271 2180 3364 2237 cui
3389 2195 3532 2253 puer
3553 2196 3685 2253 quas

2040 2270 2268 2326 viderat
2305 2271 2505 2325 refert.
2542 2269 2645 2325 Ille
2686 2267 2983 2339 religiosis
3032 2268 3301 2339 personis
3349 2268 3537 2324 omnia
3584 2282 3693 2340 per

2041 2357 2304 2415 ordinem
2356 2358 2580 2429 pandit,
2632 2355 2765 2413 inde
2813 2357 2927 2427 jam
2982 2370 3181 2413 omnes
3224 2355 3561 2428 episcopum
3617 2357 3691 2412 de

2044 2446 2432 2503 translatione
2468 2450 2816 2502 ammonent.
2844 2446 2996 2502 Puer
3024 2459 3164 2501 vero
3195 2444 3479 2501 sollicitus
3509 2444 3579 2500 de
3611 2443 3697 2500 in-

2045 2534 2254 2607 plenda
2276 2533 2634 2604 obedientia,
2662 2534 2839 2589 ﬂebat
2868 2532 3101 2603 quidem
3136 2532 3269 2602 quia
3301 2546 3411 2587 non
3438 2545 3693 2603 praesen-

2044 2625 2283 2681 tabatur
2313 2623 2607 2696 episcopo.
2644 2621 2731 2676 llli
2764 2636 2905 2678 vero
2957 2620 3174 2677 Gallico
3224 2620 3558 2677 laborantes
3586 2634 3689 2675 co-

2045 2717 2238 2783 turno,
2301 2710 2497 2769 abbati
2555 2710 2745 2768 sancti
2807 2709 3015 2766 Felicis
3065 2708 3419 2781 inponebant
3477 2708 3686 2765 factam

2047 2802 2481 2870 revelationem,
2518 2800 2684 2872 quasi
2718 2803 2781 2855 ut
2812 2799 3049 2868 majoris
3096 2802 3252 2855 esset
3297 2797 3688 2869 auctoritatis,

2046 2891 2287 2949 silentes
2318 2890 2389 2947 de
2423 2903 2624 2962 puero.
2662 2887 2781 2958 (fol.
2824 2886 2961 2959 135’)
2991 2886 3314 2957 Requisivit
3347 2886 3522 2942 etiam
3574 2902 3694 2944 mo-

2045 2980 2335 3037 nasticum
2383 2979 2667 3050 habitum,
2703 2979 2858 3035 sicut
2911 2977 2963 3032 ei
3014 2977 3335 3047 injunctum
3390 2977 3597 3047 fuerat,
3633 2982 3694 3033 et

2044 3085 2174 3127 cum
2208 3085 2238 3125 a
2273 3067 2618 3139 quibusdam
2653 3067 2707 3123 in
2743 3066 3097 3124 monasterio
3148 3065 3335 3122 sancti
3380 3064 3692 3121 Clementis

279 3154 408 3226 ipso
439 3159 494 3210 et
522 3154 803 3228 deinceps
827 3157 1157 3228 contulisti,
1186 3163 1246 3214 ut
1268 3157 1605 3230 duplicatus
1629 3160 1936 3217 videretur
1969 3203 2018 3265 Ο
2042 3157 2411 3228 judicaretur
2442 3155 2575 3226 poni
2610 3156 2844 3224 debere,
2874 3170 2971 3211 sua
3007 3153 3190 3226 ipsius
3209 3152 3528 3265 voluntate,
3557 3152 3689 3224 quia

283 3257 491 3265 --..----
520 3244 797 3265 “.-..I-_:__
853 3250 896 3265 ,Α
928 3246 1089 3265 ἐφλημ
1113 3261 1169 3265 -4
1197 3251 1245 3265 ι-
1286 3246 1413 3265 .144,
1450 3254 1523 3265 ξι-
1577 3249 1591 3265 ι
1626 3263 1637 3265 _
1668 3264 1678 3265 γ
1703 3248 1897 3265 -J-_.-,
2058 3247 2195 3265 J__-_
2231 3247 2443 3265 04-4..--
2478 3244 2528 3265 2..
2564 3244 2915 3265 um---4-..:-
2949 3243 3133 3265 --ωηατ
3166 3241 3355 3265 ἵτέιι-...ζ
3426 3243 3657 3265 ..1....ηηιι

278 3257 493 3301 census
516 3244 822 3315 aecclesim,
846 3250 901 3301 et
927 3246 1172 3318 insuper
1197 3251 1252 3303 te
1279 3246 1550 3317 donante,
1577 3248 1938 3305 benedictio-

275 3349 404 3391 nem
430 3334 760 3392 hereditate
785 3335 1136 3408 possidebit,
1161 3337 1295 3407 quia
1322 3337 1377 3393 in
1402 3337 1630 3395 modico
1662 3337 1937 3395 inventus

273 3428 366 3480 est
398 3423 610 3480 fidelis.

346 3514 510 3571 Anno
544 3514 726 3584 igitur
758 3516 1048 3587 sequenti,
1071 3516 1531 3588 persequutione
1562 3515 1825 3574 [leinrici
1854 3522 1942 3590 ty-

272 3603 443 3658 ranni
474 3603 858 3661 Herimannus
887 3604 1106 3660 Mettim
1139 3605 1302 3671 exiit,
1325 3610 1385 3662 et
1412 3605 1610 3663 sedem
1634 3606 1941 3663 cathedra;

272 3690 397 3760 ejus
427 3690 590 3747 Walo
623 3692 804 3748 abbas
837 3695 1020 3749 sancti
1073 3692 1299 3750 Arnulfi
1335 3693 1541 3750 11110110
1593 3696 1936 3767 usurpavit-

275 3781 482 3836 Actum
514 3784 608 3837 est
654 3779 777 3837 illic
828 3781 972 3838 miro
1017 3782 1116 3838 Dei
1161 3782 1406 3854 judicio,
1441 3790 1506 3840 ut
1535 3798 1665 3840 cum
1697 3784 1768 3840 ad
1798 3798 1941 3841 exe-

272 3867 596 3922 orationem
628 3867 757 3937 ejus
787 3867 1001 3923 crisma
1026 3873 1397 3940 quereretur,
1427 3874 1482 3925 et
1508 3869 1748 3927 allatum
1774 3876 1941 3928 esset

272 3955 487 4012 crisma
513 3957 584 4012 ab
608 3956 958 4012 Herimanno
981 3958 1334 4029 confectum,
1360 3958 1690 4031 episcopus,
1724 3959 1929 4016 Virdu-

273 4044 474 4101 nensis
506 4046 882 4116 reprobatum
915 4046 1126 4103 crisma
1153 4047 1305 4117 quod
1331 4053 1593 4105 sanctum
1622 4053 1770 4120 erat,
1801 4063 1939 4120 pro-

275 4133 509 4204 jiceret,
543 4137 603 4189 ct
632 4132 810 4190 allato
843 4149 971 4205 suo,
1008 4136 1159 4206 quod
1196 4136 1321 4207 ipse
1370 4141 1575 4193 contra
1623 4138 1719 4208 jus
1752 4142 1813 4194 et
1851 4138 1939 4194 fas

284 4228 643 4294 sacraverat,
668 4223 801 4280 inde
819 4224 1131 4295 perficeret
1151 4225 1410 4281 Walonis
1435 4226 1848 4296 sacrationem,
1866 4241 1938 4283 ne

282 4309 751 4368 benedictionem
788 4312 970 4383 patris
1021 4312 1177 4370 filius
1225 4314 1531 4386 impudens
1580 4319 1929 4371 mereretur.

281 4399 450 4455 Walo
480 4403 693 4470 tamen,
719 4400 851 4472 quia
881 4402 1069 4473 patris
1096 4403 1295 4460 cubile
1325 4404 1617 4473 ascendit,
1644 4403 1937 4475 publicam

294 4489 669 4560 penitentiam
698 4490 838 4561 egit.
870 4491 1177 4548 Heinricus
1207 4492 1261 4546 in
1295 4491 1422 4548 loco
1454 4492 1581 4562 ejus
1614 4494 1936 4548 Brunonem

2050 3247 2198 3303 duos
2230 3247 2445 3303 fratres
2477 3244 2532 3299 in
2564 3244 2919 3300 monasterio
2948 3243 3134 3299 sancti
3166 3241 3355 3298 Vitoni
3385 3241 3686 3312 habuerat,

2051 3334 2149 3407 qui
2175 3334 2291 3404 jam
2344 3330 2544 3390 seculo
2592 3334 2994 3400 excesserant,
3044 3330 3183 3386 illuc
3234 3328 3446 3387 ductus
3495 3334 3585 3386 est
3634 3333 3692 3384 et

2053 3426 2386 3495 susceptus.
2420 3423 2524 3479 Det
2559 3419 2642 3476 illi
2672 3420 2945 3476 Dominus
2976 3418 3152 3474 vitam
3184 3417 3239 3473 in
3280 3417 3432 3474 omni
3480 3417 3694 3474 sancti-

2053 3516 2177 3568 tate
2208 3514 2264 3568 et
2299 3510 2579 3581 religione
2602 3509 2921 3581 perfectam
2946 3506 3172 3563 meritis
3196 3510 3253 3563 et
3279 3505 3693 3563 intercessione

2053 3601 2243 3658 sancti
2272 3598 2602 3669 Clementis,
2635 3599 2696 3654 ut
2731 3595 2929 3653 videat
2959 3594 3110 3652 bona
3156 3594 3382 3651 Domini
3427 3595 3485 3651 in
3535 3598 3693 3652 terra

2054 3689 2391 3747 viventium.

2125 3779 2332 3851 (1090.)
2365 3777 2551 3849 Igitur
2609 3773 2965 3832 venerabilis
3021 3773 3405 3830 Herimannus
3450 3773 3503 3829 in
3552 3774 3692 3831 urbe

2051 3885 2155 3928 sua
2186 3871 2524 3940 susceptus,
2556 3864 2614 3921 in
2647 3863 3095 3935 quadragesima
3126 3861 3404 3919 infirmari
3434 3862 3610 3934 cepit,
3634 3865 3690 3918 et

2050 3963 2245 4017 tamen
2273 3957 2343 4014 ab
2370 3953 2690 4029 episc0pa1i
2716 3953 2907 4010 ofﬁcio
2932 3951 3131 4009 multis
3157 3950 3548 4007 infirmitatem
3571 3950 3693 4021 ejus

2050 4046 2501 4116 admirantibus,
2528 4058 2639 4101 non
2663 4042 2915 4099 destitit.
2943 4042 3012 4097 Et
3034 4040 3164 4112 quia
3191 4040 3391 4098 multis
3412 4040 3528 4111 jam
3553 4055 3694 4112 prae-

2050 4136 2400 4194 cedentibus
2430 4135 2596 4191 annis
2626 4147 2657 4189 a
2690 4131 3039 4203 quibusdam
3092 4130 3386 4200 religiosis
3435 4130 3691 4201 personis

2052 4226 2407 4283 ammonitus
2442 4224 2629 4281 fuerat
2660 4222 2730 4278 de
2762 4219 3148 4277 translatione
3177 4219 3330 4276 beati
3360 4218 3685 4289 Clementis,

2052 4313 2217 4371 urbis
2242 4315 2438 4369 Romae
2463 4310 2715 4384 patricii,
2736 4312 2938 4381 postea
2962 4306 3235 4379 discipuli
3260 4311 3318 4363 et
3342 4306 3518 4377 legati
3539 4306 3687 4363 beati

2048 4401 2230 4473 Petri,
2249 4400 2347 4474 qui
2371 4401 2443 4457 ab
2466 4399 2667 4456 eodem
2693 4398 2905 4455 missus
2931 4396 3152 4468 primus
3174 4395 3473 4452 Mettensis
3495 4394 3689 4452 100010-

2050 4491 2151 4548 size
2175 4489 2483 4562 apostolus
2504 4493 2562 4544 et
2585 4487 2898 4559 episcopus
2919 4485 3137 4556 extitit,
3156 4483 3501 4555 quibusdam
3520 4483 3687 4540 etiam

291 4578 597 4649 quemdam
628 4579 1037 4651 exepiscOpum
1069 4580 1316 4650 creavit,
1344 4580 1439 4651 qui
1474 4584 1677 4652 postea
1699 4581 1770 4637 ab
1794 4581 1937 4637 urbe
1967 4568 2021 4632 D
2052 4578 2454 4636 asserentibus
2472 4591 2578 4650 per
2602 4574 3017 4632 revelationem
3033 4573 3180 4630 satis
3194 4571 3571 4646 probabilem,
3586 4571 3687 4629 hoc

231 4702 243 4715 α
284 4680 415 4724 cum
449 4667 734 4725 dedecore
765 4672 825 4723 et
856 4668 1170 4739 ignominia
1205 4667 1415 4740 pulsus
1447 4673 1558 4738 est,
1586 4673 1641 4724 et
1669 4668 1749 4726 sic
1780 4670 1940 4725 Heri-

290 4770 539 4812 mannus
567 4761 695 4827 post
729 4756 911 4813 multa
934 4757 1153 4813 laboris
1175 4761 1232 4812 et
1255 4757 1365 4813 vias
1390 4756 1650 4829 pericula
1673 4772 1704 4813 a
1723 4758 1845 4815 suis
1868 4758 1939 4815 de

293 4844 709 4917 Langobardia,
745 4860 860 4916 quo
889 4861 1020 4902 cum
1051 4845 1325 4901 Mathilde
1383 4848 1740 4919 morabatur,
1776 4862 1940 4905 revo-

290 4936 481 5004 catus,
518 4937 550 4990 4
573 4949 724 4991 anno
756 4933 1116 5004 egressionis
1146 4949 1266 4991 sua)
1285 4935 1477 4993 Mettis
1496 4935 1778 5008 recipitur
1808 4952 1937 4994 cum

291 5022 550 5079 omnium
585 5022 914 5092 affectione,
940 5036 1090 5078 anno
1119 5024 1191 5079 ab
1224 5022 1336 5079 inc.
1359 5024 1515 5080 Dom.
1544 5030 1698 5081 1089.
1728 5025 1939 5082 Eodem

285 5146 609 5221 stianitatis
637 5146 870 5221 cepisse
893 5145 1145 5203 dicebat.
1172 5148 1579 5221 Tuncdemum
1606 5150 1767 5205 misit
1796 5161 1942 5221 praef

285 5218 506 5274 dictum
540 5218 945 5291 confessorem
995 5232 1160 5274 suum
1208 5217 1740 5291 ad__imperatorem
1776 5217 1833 5275 et
1868 5219 1938 5291 ad

284 5292 472 5361 totam
492 5287 839 5361 ecclesiam,
860 5294 932 5361 ut
947 5292 1222 5361 optarent
1240 5288 1323 5344 illi
1347 5287 1788 5361 indulgentiam,
1805 5290 1937 5360 quia

284 5358 627 5432 ﬂnem_vitaa
658 5374 778 5415 suae
811 5358 1153 5432 aspiciebat,
1190 5364 1250 5432 et
1282 5364 1395 5416 tam
1423 5358 1541 5417 cito
1563 5358 1850 5432 induebat
1876 5375 1938 5419 se

281 5427 610 5500 angelicam
645 5427 895 5501 vestem;
925 5436 985 5487 et
1016 5430 1236 5487 dimisit
1282 5446 1348 5488 ac
1392 5431 1664 5488 dissolvit
1707 5432 1939 5489 vincula

280 5501 609 5574 bannorum
641 5501 949 5574 omnium
981 5516 1217 5574 suorum
1245 5573 1248 5574 ν
1278 5503 1625 5574 imperatori
1671 5507 1732 5574 et
1783 5503 1937 5574 omni

282 5569 506 5644 populo
526 5570 872 5644 christiano,
896 5571 1047 5644 vivis
1070 5579 1130 5629 et
1154 5569 1465 5644 defunctis,
1487 5573 1722 5629 clericis
1752 5590 1816 5631 ac
1840 5573 1941 5630 lai-

283 5641 395 5713 010,
430 5645 489 5698 01
516 5641 700 5713 jussit
749 5657 887 5700 suos
931 5643 1095 5701 abire
1141 5645 1213 5701 de
1263 5641 1845 5715 domo'Theoderici,
1879 5650 1941 5702 et

2049 4682 2182 4725 esse
2214 4672 2580 4725 reservatum
2602 4679 2632 4720 a
2655 4666 2772 4720 Deo
2796 4662 3151 4734 implendum
3178 4661 3384 4718 diebus
3407 4660 3548 4732 ejus,
3570 4675 3689 4717 ora-

2047 4758 2243 4815 tiones
2273 4760 2334 4812 et
2359 4754 2663 4826 jejunium,
2700 4757 2765 4809 ut
2793 4755 2919 4808 erat
2963 4750 3118 4823 pius,
3156 4750 3247 4823 pie
3292 4749 3599 4819 ordinavit,
3631 4753 3686 4806 et

2047 4851 2184 4919 post
2218 4845 2434 4919 pascha
2462 4842 2913 4899 translationem
2946 4839 3200 4909 distulit,
3227 4844 3288 4895 et
3319 4838 3471 4896 diem
3507 4838 3689 4895 deter-

2051 4934 2310 4992 minavit.
2347 4933 2542 4990 Abbas
2573 4935 2767 4989 autem
2802 4929 2989 4987 sancti
3037 4928 3251 4985 Felicis
3280 4927 3687 4985 revela‘tionem

2048 5024 2158 5083 sibi
2192 5039 2222 5081 a
2256 5036 2439 5096 puero
2468 5021 2713 5078 relatam
2747 5019 2960 5092 partim
2993 5017 3244 5091 aperuit,
3278 5016 3490 5090 partim
3528 5014 3688 5072 dissi-

2050 5148 2270 5230 amicos
2304 5145 2560 5204 Heinrici
2593 5145 2930 5202 ascendere.
2957 5145 3125 5200 Teste
3156 5141 3483 5212 Mogontino
3510 5139 3687 5197 archi-

2048 5234 2647 5371 e.p}32:£;tionemjn
2674 5286 2872 5371 cortice
2904 5284 3057 5371 ρίαξο
3067 5284 3343 5368 {cummi
3368 5285 3517 5371 tum
3549 5283 3688 5371 ραις

2051 5361 2324 5440 dunergsi,
2346 5359 2597 5440 u_t_ma_l§
2621 5358 2929 5440 scribitur)
2952 5356 3187 5440 obviam
3204 5368 3390 5440 ,ξαρτο
3408 5355 3532 5440 ις’ῥζ.
3562 5355 3614 5440 ξε
3631 5353 3685 5440 ν,

2038 5446 2188 5510 βαρ..
2221 5428 2347 5501 563,
2381 5431 2488 5488 lin.
2526 5434 2593 5510 lt?
2620 5443 2753 5510 sqq.
2788 5429 2986 5487 habes.
3033 5428 3134 5510 [ᾷὶ
3179 5428 3241 5483 et
3281 5428 3388 5510 ζὶρι.
3450 5428 3516 5482 16
3561 5438 3684 5510 sqq.

2047 5497 2207 5561 ἆηὰιε
2232 5497 2516 5574 capream
2547 5497 2846 5574 lambitur,
2872 5514 3004 5571 quae
3024 5498 3123 5555 hic
3142 5512 3182 5555 ιι
3200 5497 3368 5555 nobis
3398 5497 3687 5568 summa

2051 5575 2341 5633 dedimus.
