3894 6408
123 409 257 474 349

1336 406 1829 473 CHRONICON.
1876 442 1954 454 -
1997 409 2146 471 LIB.
2197 409 2268 472 II.

3442 397 3559 461 350

129 543 416 606 mulavit.
449 543 652 604 Tacuit
675 543 826 603 enim
853 544 1000 604 diem
1026 545 1226 604 obitus
1255 545 1380 617 ejus
1409 547 1608 603 eadem
1640 559 1799 602 reve-
1829 549 1882 608 Α
1915 545 2109 618 paruit
2137 544 2366 604 cuidam
2395 539 2713 603 venerabili
2737 540 2886 613 viro,
2912 540 2972 597 et
2994 536 3072 598 ait
3099 555 3112 595 :
3136 534 3440 598 Mortam
3465 547 3560 596 me

127 635 371 695 latione
395 637 846 694 determinatam
873 638 964 693 die
989 637 1174 694 tercio
1200 643 1328 710 post
1350 637 1796 694 translationem

130 727 409 797 ejusdem
463 725 617 783 beati
669 727 1002 782 Clementis.
1041 730 1096 782 lu
1132 742 1269 783 cena
1316 727 1533 783 Domini
1582 731 1798 798 quanto

129 817 365 874 affectu
388 817 720 888 penitentes
738 815 1229 885 reconciliaverit,
1249 831 1417 888 quam
1442 816 1711 872 devotum
1737 830 1799 870 se

133 907 195 959 in
229 905 640 961 consecrando
673 905 949 959 crismate
989 904 1300 975 exibuerit,
1339 905 1468 975 quis
1503 904 1644 960 satis
1675 918 1802 958 nar-

136 1008 282 1050 rare
317 994 542 1066 possit;
576 1009 704 1050 cum
731 993 912 1063 magis
937 994 1177 1062 angelus
1203 1009 1368 1064 quam
1395 995 1640 1050 humana
1677 1007 1802 1064 per-

137 1097 292 1138 sona
347 1080 481 1137 filiis
528 1081 792 1138 ecclesiae
843 1081 1170 1137 astantibus
1205 1083 1258 1137 in
1290 1082 1417 1153 ipso
1460 1081 1802 1138 refulserit?

137 1171 470 1227 lnﬁrmitas
493 1169 630 1225 licet
651 1170 846 1239 gravis
870 1170 1209 1238 dignitatem
1231 1171 1428 1227 vultus
1451 1174 1508 1226 et
1528 1172 1646 1226 oris
1669 1185 1803 1225 con-

142 1260 376 1316 stantia
413 1260 622 1315 mentis
647 1260 700 1314 in
727 1260 850 1330 ipso
883 1261 1118 1315 turbare
1144 1275 1253 1314 non
1280 1261 1485 1330 potuit.
1516 1262 1652 1314 Cum
1686 1275 1803 1313 om-

140 1349 330 1404 nibus
379 1348 725 1419 prasdicaret
776 1348 1026 1420 publice,
1064 1364 1172 1403 non
1213 1351 1440 1403 tacebat
1486 1349 1540 1403 in
1574 1348 1801 1402 domino

139 1438 265 1491 Deo
304 1451 414 1493 suo
445 1437 698 1493 confisus
731 1438 802 1492 de
837 1438 1086 1492 vitandis
1117 1437 1588 1506 Symoniacorum
1623 1443 1677 1490 et
1714 1436 1806 1489 Ni-

139 1524 544 1581 cliolaitarum
597 1526 924 1594 sacrificiis,
956 1542 1253 1596 exponens
1301 1527 1637 1580 Nicholaum
1674 1526 1804 1579 ideo

143 1615 478 1671 secundum
510 1615 737 1670 beatum
775 1616 1155 1681 Augustinum
1185 1616 1252 1668 ab
1279 1615 1560 1685 apaiislolis
1594 1615 1806 1668 hereti-

141 1718 280 1759 cum
303 1703 656 1773 judicatuni,
677 1704 1094 1773 quiainordine
1120 1704 1464 1760 diaconatus
1483 1718 1608 1758 eum
1633 1718 1801 1772 quem

140 1793 320 1863 prius
354 1792 638 1848 habuerat
671 1793 870 1848 uxoris
903 1809 1066 1848 usum
1102 1793 1388 1862 apostolis
1419 1792 1802 1860 arguentibus

1915 635 2138 705 dicunt,
2159 636 2264 694 sed
2278 638 2426 694 sieo.
2449 638 2561 692 llec
2586 632 2894 691 abbatibus
2918 629 3326 699 referentibus,
3348 632 3406 685 et
3426 627 3556 686 aliis

1914 725 2182 796 personis
2217 741 2327 780 non
2364 725 2610 793 levibus,
2665 722 2961 792 cognitum
3012 723 3121 775 est.
3178 718 3334 772 Obiit
3363 721 3556 774 autem

1911 815 2052 869 Non.
2090 814 2218 868 Maii
2250 814 2598 870 venerabilis
2640 813 2890 867 antistes
2919 809 3322 876 Herimannus,
3359 822 3554 876 cruce,

1913 902 2083 957 mitra
2115 907 2173 957 et
2207 903 2383 973 pallio
2415 903 2752 971 decoratus,
2781 905 2836 956 et
2864 899 2952 955 his
2988 897 3256 969 sepultus
3289 896 3558 966 insigniis

1915 989 1968 1045 in
2002 991 2245 1048 ecclesia
2279 992 2462 1048 sancti
2498 992 2654 1046 Petri
2699 1004 2846 1046 anno
2880 989 2949 1044 ab
2984 987 3092 1042 inc.
3130 987 3288 1042 Dom.
3327 985 3483 1041 1090.

1987 1083 2167 1152 (1089,
2196 1084 2319 1140 Mai.
2347 1090 2425 1155 7.)
2461 1086 2620 1139 Anno
2646 1082 2948 1155 praeterito
2971 1078 3323 1136 Teodoricus
3353 1074 3558 1133 Virdu-

1911 1173 2112 1228 nensis
2161 1174 2472 1230 defunctus
2521 1177 2643 1229 erat
2688 1175 2719 1227 4
2758 1175 2897 1227 Non.
2935 1171 3060 1238 Mai,
3118 1168 3211 1239 qui
3265 1172 3456 1223 tamen
3501 1165 3556 1219 in

1913 1260 2252 1318 infirmitate
2289 1263 2356 1318 de
2388 1262 2794 1318 communione
2833 1258 3103 1336 Wi‘tberti
3147 1261 3203 1314 et
3247 1255 3318 1312 de
3359 1252 3559 1324 expul-

1913 1351 2072 1406 sione
2116 1352 2360 1408 fratrum
2406 1351 2781 1422 penitentiam
2815 1351 2952 1419 egit,
2992 1348 3220 1418 culpam
3256 1345 3558 1416 professus

1913 1445 2035 1504 est;
2071 1440 2191 1500 (fol.
2227 1442 2349 1510 136)
2385 1446 2439 1494 et
2475 1455 2503 1495 a
2541 1439 2787 1509 quodam
2824 1439 3003 1493 fratre
3040 1434 3295 1491 Gerardo
3330 1432 3558 1488 nomine

1916 1531 2202 1600 quondam
2263 1530 2548 1585 canonico
2599 1534 2654 1584 et
2707 1528 3117 1584 arcnidiacono
3176 1521 3559 1579 Virdunensis

1915 1619 2217 1688 :ecclesiae,
2243 1623 2382 1674 tunc
2406 1622 2597 1675 autem
2628 1617 2906 1673 monacho
2937 1615 3123 1672 sancti
3145 1612 3362 1681 Vitoni,
3391 1623 3556 1680 quem

1916 1707 2201 1764 Rodulfus
2267 1709 2447 1764 abbas
2506 1707 2598 1779 pia
2661 1705 3058 1763 sollicitudine
3118 1718 3220 1774 pro
3290 1701 3397 1756 hoc
3458 1698 3558 1753 illo

1918 1797 2178 1864 miserat,
2225 1800 2521 1867 przecepto
2573 1795 2828 1865 ejusdem
2871 1793 3121 1862 abbatis,
3166 1790 3262 1861 qui
3308 1792 3562 1860 potesta-

145 1881 459 1937 dimittere
488 1881 692 1937 noluit.
723 1883 778 1936 In
808 1882 1019 1953 pascha
1043 1881 1340 1936 celebrato
1365 1881 1560 1937 divino
1591 1881 1800 1950 ollicio,
1839 1911 1882 1968 Β
1919 1890 2032 1941 tem
2074 1885 2411 1941 absolvendi
2453 1900 2575 1954 eos,
2618 1885 2713 1955 qui
2748 1886 2818 1941 ab
2850 1879 3369 1939 excommunicatis
3411 1875 3562 1931 redi-

147 1983 210 2026 se
245 1975 308 2025 et
343 1985 486 2026 oves
517 1969 629 2027 sibi
662 1971 1002 2026 commissas
1044 1974 1408 2026 sacramento
1450 1970 1715 2041 corporis
1745 1974 1802 2023 et

148 2059 460 2128 sanguinis
508 2060 608 2114 Dei
661 2060 921 2113 munivit.
979 2059 1189 2114 Eadem
1241 2059 1332 2113 die
1381 2058 1450 2113 ad
1503 2073 1804 2128 vesperam

147 2146 400 2215 gravius
451 2147 729 2201 infirmari
769 2148 943 2217 cepit.
994 2147 1512 2218 Appropimtpmnte
1546 2163 1683 2203 vero
1717 2147 1808 2200 dic

149 2235 1096 2292 determinatoadtransferendas
1123 2236 1484 2292 venerabiles
1509 2237 1804 2305 reliquias,

147 2325 311 2380 vires
335 2330 546 2380 tenues
566 2326 804 2380 Domino
828 2330 1115 2381 annuente
1144 2326 1383 2396 recepit,
1408 2326 1538 2379 etin
1567 2327 1811 2379 transfe-

147 2413 342 2471 rendo
395 2415 570 2470 beato
614 2413 909 2469 Clemente
942 2414 1059 2469 Kal.
1097 2414 1220 2469 Maii
1253 2430 1378 2469 cum
1413 2428 1632 2468 summa
1667 2414 1808 2468 clcri

150 2501 473 2572 plebisque
509 2503 820 2558 devotione
853 2503 1045 2558 divina
1078 2503 1265 2571 gratia
1300 2502 1654 2557 desiderium
1687 2502 1812 2570 ejus

152 2589 430 2662 inplevit,
457 2595 514 2645 et
544 2596 661 2645 tota
689 2590 848 2660 urbe,
875 2591 1044 2645 immo
1069 2596 1188 2644 tota
1217 2591 1449 2658 regione
1475 2590 1543 2644 ad
1570 2591 1809 2644 verbum

152 2679 601 2750 praedicationis
630 2680 754 2748 ejus
786 2685 1036 2747 astante,
1072 2685 1130 2733 et
1164 2679 1231 2733 de
1265 2695 1362 2733 ore
1396 2678 1520 2747 ejus
1554 2694 1683 2733 rore
1719 2695 1813 2734 su-

151 2780 354 2838 pernze
394 2766 723 2822 dulcedinis
749 2766 1089 2834 distillante,
1118 2767 1386 2821 omnibus
1411 2767 1717 2830 absolutis,
1754 2773 1813 2820 et

152 2858 224 2912 ab
257 2855 537 2912 omnibus
573 2854 734 2925 quasi
769 2856 840 2908 ab
880 2855 1005 2924 ipso
1048 2857 1160 2908 Deo
1205 2855 1571 2908 absdutieme
1608 2854 1809 2923 petita,

151 2945 393 3000 tandem
445 2943 497 2998 in
546 2943 785 3000 auribus
834 2943 1085 2998 omnium
1136 2943 1510 3010 desideravit,
1563 2943 1810 2998 dicens:

153 3033 404 3104 Suﬂcit
444 3032 630 3088 mihi!
682 3033 724 3087 0
764 3032 997 3087 utinam
1025 3032 1317 3102 respiciat
1340 3034 1518 3100 Dens,
1553 3032 1612 3087 et
1625 3032 1821 3102 ﬁniat

159 3122 391 3179 labores
432 3134 605 3191 meos,
640 3121 700 3176 et
722 3121 1018 3190 suscipiat
1046 3122 1111 3176 in.
1133 3135 1284 3191 pace
1314 3122 1594 3190 spiritm-n
1630 3135 1815 3175 menm-

145 3224 257 3282 per
287 3212 778 3268 intercessionem
818 3210 1014 3265 sancti
1047 3210 1387 3274 Clementis,
1418 3211 1588 3279 cnjas
1617 3223 1817 3265 sacra-
1851 3265 1892 3291 ﬁ

158 3299 470 3356 tissimmn
513 3311 720 3369 corpus
767 3297 939 3353 hodie
982 3298 1205 3366 ridere,
1235 3300 1506 3369 palpare,
1542 3299 1600 3353 et
1625 3298 1818 3354 trans-
1853 3303 1897 3327 υ

150 3387 325 3457 ferre
355 3387 682 3458 magniﬁco
703 3400 942 3442 manere
965 3384 1130 3441 nobis
1153 3387 1220 3440 ale
1242 3387 1376 3442 σίζ’ίο
1401 3387 1676 3441 donatam
1702 3387 1820 3442 est!

170 3475 285 3530 Sub
320 3475 430 3530 hac
455 3489 598 3529 voce
629 3473 877 3545 pepulns
910 3474 1210 3543 ingemuit,
1235 3479 1292 3528 et
1319 3475 1502 3529 fracto
1535 3475 1820 3543 ﬁnemque

169 3559 434 3618 laborum
464 3562 777 3633 inploranti
804 3562 1125 3617 condoluit.
1157 3564 1387 3618 Duobus
1413 3564 1620 3618 diebus
1646 3563 1822 3616 inter-

168 3651 523 3708 cedentibus
567 3652 726 3722 quasi
769 3652 1050 3722 praesagis
1089 3651 1298 3707 vicinis
1340 3653 1649 3721 transitus,
1689 3653 1824 3707 tide-

170 3737 324 3796 libus
357 3740 624 3797 ecclesiae
660 3741 780 3795 fieri
813 3740 1096 3811 epistolas
1130 3741 1325 3810 jussit,
1365 3756 1539 3796 orans
1573 3747 1628 3795 et
1665 3741 1827 3809 adju-

173 3843 307 3884 rans
355 3845 461 3901 per
515 3830 803 3885 viventem
855 3830 906 3884 in
957 3829 1151 3886 secula
1187 3830 1540 3899 seculorum,
1595 3834 1654 3884 ut
1704 3830 1826 3885 sine

174 3916 328 3988 dolo,
349 3920 477 3974 sine
494 3918 862 3974 simulatione
882 3923 1202 3974 tractarent
1225 3918 1524 3987 negocium
1541 3917 1825 3974 zecclesize

173 4006 226 4061 in
261 4007 514 4079 simplici
548 4013 606 4062 et
639 4007 789 4062 nuda
843 4008 1111 4075 veritate,
1147 4012 1203 4062 et
1239 4007 1508 4063 omnibus
1558 4007 1825 4062 ultimum

179 4095 300 4151 vale
335 4097 505 4166 dixit,
541 4112 668 4152 cum
705 4095 951 4151 mirabili
994 4097 1303 4152 verborum
1339 4100 1394 4150 et
1428 4095 1626 4151 vultus
1660 4096 1828 4151 afl‘ec-

176 4182 354 4240 tione.
408 4184 511 4240 Die
558 4184 745 4239 tercio
799 4185 952 4239 circa
1006 4185 1205 4240 horam
1253 4199 1459 4239 nonani
1495 4184 1829 4254 intelligens

179 4285 342 4327 suum
364 4272 684 4330 transitum
711 4273 1027 4338 imminere,
1051 4271 1361 4328 convocari
1391 4277 1602 4327 fratres
1621 4273 1822 4342 jussit,

179 4363 237 4412 et
270 4360 423 4417 filios
457 4364 720 4416 astantes
746 4376 815 4416 ne
839 4360 1106 4416 dolerent
1137 4376 1278 4416 voce
1307 4365 1365 4415 et
1399 4376 1566 4415 manu
1601 4375 1830 4431 compe-

180 4447 348 4504 scuit.
386 4451 432 4505 A
467 4450 680 4521 quibus
717 4463 845 4506 cum
892 4449 1378 4518 interrogaretur,
1415 4449 1504 4505 cui
1537 4465 1635 4505 eos
1667 4449 1830 4505 deso-

181 4531 330 4592 latos
361 4537 744 4607 relinqueret,
782 4538 918 4608 quid
949 4542 1035 4593 eis
1064 4538 1415 4607 prrecineret
1443 4556 1453 4590 :
1484 4537 1829 4594 Com-mendo

1921 1976 2078 2044 bant,
2115 1975 2186 2028 ab
2219 1974 2541 2044 apostolica
2570 1974 2701 2029 sede
2727 1973 3082 2044 optinuerat,
3110 1967 3415 2025 absolutus
3444 1969 3555 2021 est.

1920 2066 1999 2119 Ex
2041 2067 2178 2118 tunc
2223 2064 2404 2119 abbas
2442 2062 2727 2118 llodull‘us
2768 2077 2898 2117 cum
2941 2058 3222 2115 fratribus
3264 2057 3334 2112 ad
3375 2069 3564 2112 coeno-

1921 2151 2076 2208 bium
2136 2152 2247 2207 sibi
2304 2151 2678 2207 commissum
2723 2152 3030 2206 revocatus
3090 2151 3198 2215 est,
3259 2159 3387 2201 cum
3431 2146 3564 2214 post

1919 2240 2236 2296 discessum
2278 2240 2402 2309 ejus
2441 2239 2760 2294 intrassent
2796 2238 2848 2292 in
2883 2236 3025 2292 illud
3070 2236 3191 2306 lupi
3221 2233 3289 2267 ⁴²⁰
3318 2246 3563 2303 rapaces

1922 2329 2048 2384 loco
2111 2344 2221 2383 non
2282 2335 2612 2399 parcentes,
2656 2333 2713 2383 et
2755 2328 2931 2382 Deum
2990 2328 3046 2380 et
3108 2323 3393 2378 hominem
3454 2335 3563 2376 non

1923 2422 2280 2486 reverentes,
2319 2433 2346 2471 a
2382 2417 2593 2486 quibus
2649 2418 2724 2471 ita
2789 2415 2976 2470 omnia
3034 2413 3270 2470 confusa
3332 2413 3468 2466 sunt
3507 2413 3563 2464 et

1923 2506 2250 2575 destructa,
2284 2512 2344 2561 ut
2376 2505 2647 2560 memoria
2679 2503 3036 2561 confusionis
3068 2507 3126 2557 et
3159 2498 3566 2572 pessundatio-

1923 2594 2011 2648 nis
2060 2594 2218 2649 illius
2260 2593 2547 2662 hodieque
2598 2592 2928 2649 oblitterari
2963 2606 3074 2645 non
3106 2589 3317 2644 valeat.
3355 2586 3478 2653 Quo
3514 2587 3567 2640 in

1925 2683 2076 2737 facto
2108 2682 2379 2737 admirari
2406 2682 2546 2736 libet
2575 2680 2939 2752 prudentiam
2963 2685 3021 2734 et
3045 2679 3348 2734 caritatem
3383 2676 3568 2747 patris

1923 2771 2106 2826 nostri
2147 2772 2374 2826 abbatis
2419 2771 2797 2837 Divionensis,
2833 2769 2926 2838 qui
2961 2768 3107 2823 tales
3137 2772 3196 2823 et
3227 2769 3426 2821 tantos
3461 2765 3572 2819 fra-

1927 2865 2046 2914 tres
2075 2875 2202 2914 cum
2236 2860 2510 2930 suscepit,
2567 2858 2783 2915 letatus
2811 2863 2920 2926 est,
2959 2871 3087 2914 cum
3139 2854 3366 2911 remisit
3413 2852 3564 2922 loco,

1923 2948 2256 3016 gratulatus
2279 2954 2390 3003 est.
2416 2948 2626 3018 Utique
2651 2946 2812 3003 solus
2840 2945 3206 3016 temporibus
3237 2941 3456 2999 nostris
3491 2941 3572 2995 in-

1925 3040 2136 3092 ventus
2165 3041 2276 3106 est,
2323 3037 2416 3107 qui
2465 3037 2678 3091 fratres
2718 3051 2864 3106 quos
2894 3041 3154 3106 tempore
3197 3029 3573 3088 necessitatis

1927 3126 2275 3194 retinuerat,
2326 3126 2485 3196 pacis
2519 3131 2780 3196 tempore
2810 3125 3154 3192 dimitteret,
3190 3136 3292 3178 nec
3321 3119 3569 3176 doleret.

1929 3213 2090 3278 Quod
2115 3214 2264 3268 enim
2291 3229 2390 3269 eos
2413 3213 2693 3285 suscepit,
2718 3218 2776 3267 et
2798 3211 3310 3281 congregationem
3335 3221 3579 3278 congre-

1927 3300 2145 3369 gationi
2180 3301 2441 3368 sociavit,
2474 3301 2700 3370 signum
2735 3300 2837 3356 fuit
2869 3300 2963 3355 cui
2997 3296 3424 3355 contradictum
3457 3298 3570 3362 est,

1930 3390 2073 3445 adeo
2097 3394 2156 3445 ut
2180 3404 2378 3445 omnes
2402 3393 2674 3458 rogarent
2691 3389 2746 3443 in
2765 3391 2976 3445 bonum
3001 3389 3257 3442 monstra
3282 3382 3569 3440 converti.

1931 3479 2065 3532 Nam
2103 3482 2159 3531 et
2196 3476 2592 3533 Cluniacensis
2632 3478 2814 3532 abbas
2856 3476 3098 3531 domnus
3139 3476 3300 3543 Hugo
3327 3485 3456 3529 cum
3492 3472 3574 3526 in-

1934 3567 2239 3636 probasset
2275 3568 2487 3621 factum
2521 3565 2664 3634 ejus,
2693 3565 2894 3620 dicens
2924 3561 3264 3634 inpossibile
3298 3561 3418 3616 fore
3451 3563 3576 3614 tres

1932 3655 2418 3723 congregationes
2474 3654 2718 3709 invicem
2777 3668 2907 3708 esse
2957 3650 3304 3719 concordes,
3358 3648 3473 3704 tale
3523 3647 3574 3702 ei

1934 3743 2097 3798 dedit
2121 3743 2453 3813 concilium,
2477 3746 2539 3797 ut
2565 3742 2611 3797 si
2638 3741 2814 3796 vellet
2835 3740 3099 3796 ecclesia:
3123 3737 3232 3795 sibi
3256 3735 3576 3794 commissae

1937 3846 2132 3903 pacem
2178 3832 2510 3902 adquirere,
2546 3845 2648 3887 eos
2681 3831 2778 3902 qui
2813 3829 3032 3887 vellent
3067 3826 3349 3884 meclesrae
3390 3824 3578 3881 Divio-

1936 3920 2108 3975 nensi
2146 3919 2569 3992 perpetualiter
2599 3919 2980 3975 stabilitatem
3015 3917 3243 3973 firmare
3273 3915 3577 3982 retineret,

1938 4009 2033 4077 qui
2064 4024 2201 4064 vero
2228 4008 2449 4064 nollent
2470 4023 2498 4063 a
2520 4024 2581 4064 se
2606 4007 2838 4063 omnino
2862 4007 3207 4061 dimitteret.
3245 4004 3430 4060 Aliter
3453 4006 3577 4058 tuta

1936 4110 2068 4150 esse
2104 4110 2215 4166 pax
2248 4094 2530 4150 {ecclesia
2565 4109 2674 4150 non
2707 4099 2931 4165 posset,
2969 4109 3098 4148 cum
3139 4091 3222 4146 illi
3254 4091 3348 4162 qui
3381 4092 3582 4146 essent

1937 4183 2195 4254 suscepti
2221 4183 2309 4237 vel
2335 4182 2539 4238 nutriti
2567 4183 2621 4236 in
2648 4182 2936 4251 eecclesia,
2963 4181 3344 4237 dissentirent
3367 4179 3437 4235 ab
3463 4177 3580 4234 illis

1940 4272 2032 4342 qui
2059 4271 2277 4342 suscipi
2301 4272 2654 4340 refugerent,
2675 4271 2828 4340 quod
2850 4269 3115 4339 religioni
3137 4268 3581 4325 adversabatur.

1941 4363 2244 4416 Attestans
2287 4375 2348 4416 se
2394 4359 2449 4415 id
2492 4359 2804 4428 facturum,
2848 4359 2896 4414 si
2938 4357 3146 4413 similis
3177 4357 3226 4412 ei
3261 4355 3584 4412 necessitas

1940 4449 2321 4505 incumberet.
2351 4450 2466 4504 Hoc
2494 4448 2617 4519 ipse
2641 4448 2712 4503 ab
2736 4447 2862 4518 ejus
2880 4461 2979 4502 ore
3001 4446 3217 4516 audivi,
3243 4459 3373 4502 cum
3399 4459 3582 4500 essem

1941 4555 2068 4594 cum
2121 4537 2322 4594 eodem
2371 4542 2536 4609 patre
2588 4542 2791 4592 nostro
2844 4534 3120 4591 Cluniaci.
3155 4536 3277 4590 Jam
3309 4533 3460 4590 enim
3494 4546 3582 4587 me

179 4634 296 4692 eos,
330 4627 432 4693 ait,
467 4627 620 4693 Deo;
647 4626 802 4682 state
830 4626 1041 4697 inﬁde
1062 4627 1119 4681 et
1140 4627 1412 4682 doctrina
1447 4624 1603 4681 beati
1633 4625 1825 4695 Petri,
1860 4625 1912 4686 D
1943 4643 2139 4683 secum
2175 4627 2446 4695 ducebat,
2485 4632 2543 4681 ut
2579 4625 2836 4681 viderem
2876 4639 3002 4695 quae
3043 4624 3199 4680 circa
3230 4637 3360 4679 eum
3391 4625 3578 4689 erant,

180 4712 339 4768 sicut
357 4727 394 4770 a
415 4714 851 4772 successoribus
882 4717 1012 4785 ejus
1034 4716 1092 4771 et
1110 4716 1351 4771 cidistis
1374 4715 1429 4768 et
1448 4714 1729 4771 audistis.
1761 4716 1830 4769 Et

185 4806 315 4870 post
348 4802 456 4858 hec
489 4818 687 4859 omnes
721 4804 1092 4872 benedicens,
1128 4805 1293 4873 signo
1323 4805 1522 4858 crucis
1556 4818 1616 4858 se
1650 4804 1833 4858 muni-

184 4887 284 4957 vit,
319 4894 374 4944 et
410 4891 675 4947 invocata
711 4897 912 4947 sancta
945 4893 1244 4960 Trinitate,
1281 4898 1500 4948 sanctae
1534 4892 1724 4946 Mariaz
1769 4908 1830 4946 se

189 4981 622 5044 commendans,
654 4995 957 5036 commune
983 4981 1367 5052 patrocinium
1393 4985 1726 5036 sanctorum
1755 4980 1833 5034 in-

189 5062 444 5136 plorans,
480 5068 666 5124 oculis
698 5073 756 5124 et
799 5070 1063 5126 manibus
1086 5070 1137 5124 in
1167 5069 1375 5125 coelum
1409 5069 1674 5130 elevatis,
1710 5069 1832 5124 sine

191 5151 304 5208 ullo
336 5157 590 5227 strepitu
623 5157 783 5214 vocis
816 5162 875 5213 et
908 5163 1066 5214 motu
1099 5158 1385 5229 corporis,
1425 5158 1584 5227 (μυιδὶ
1622 5157 1834 5212 obdor-

191 5241 370 5298 miens
395 5245 668 5314 Spiritum
695 5246 906 5302 emisit.
932 5247 1204 5316 Sequenti
1233 5251 1398 5302 nocte
1419 5247 1689 5317 apparuit
1714 5245 1834 5300 cui-

189 5326 314 5383 dam
362 5331 577 5389 dilecto
607 5349 730 5402 suo,
769 5349 936 5404 quem
974 5335 1029 5388 in
1063 5335 1239 5390 filium
1277 5335 1680 5404 adeptaverat,
1734 5335 1830 5403 qui

189 5429 314 5471 cum
339 5420 540 5488 psalmi
567 5427 966 5492 cantarentur,
995 5439 1114 5494 prae
1141 5423 1379 5477 tristitia
1411 5422 1828 5493 obdormierat,

187 5508 242 5556 et
269 5505 344 5560 ait
373 5507 456 5562 illi
486 5529 496 5563 :
521 5510 663 5568 Noli
683 5511 905 5567 mestus
927 5523 1068 5582 esse,
1092 5511 1297 5569 salsas
1316 5525 1460 5568 smn.
1499 5512 1518 5564 Ι
1527 5515 1713 5566 terum
1738 5526 1836 5582 ap-

1943 4721 2000 4770 et
2037 4715 2379 4786 perfectioni
2414 4729 2648 4786 operam
2682 4713 2908 4779 darem;
2943 4727 3072 4769 cum
3105 4712 3252 4783 ipse,
3287 4709 3585 4766 humiliter

1945 4804 2265 4874 requisitas
2296 4819 2325 4859 a
2361 4819 2448 4859 me
2481 4817 2658 4873 quare
2692 4806 2852 4857 tanto
2886 4808 3145 4872 tempore
3179 4798 3462 4855 voluntati
3497 4812 3585 4854 me

1945 4893 2196 4964 propriae
2249 4892 2588 4961 dimisisset,
2635 4891 2891 4946 breviter
2923 4889 3272 4962 respondit:
3321 4886 3590 4943 Volebam

1945 4980 2226 5050 inquiens,
2261 4981 2416 5037 scire
2434 4981 2490 5036 si
2513 4979 2674 5035 terra
2707 4980 2811 5035 tua
2836 4993 3031 5035 semen
3059 4976 3220 5034 verbi
3241 4975 3585 5048 susciperet,

1941 5068 1996 5123 si
2018 5067 2278 5136 suscepto
2298 5068 2519 5124 semine
2525 5068 2807 5138 fractam
2812 5066 3069 5138 faceret,
3096 5079 3166 5120 ne
3189 5066 3490 5122 incassum
3503 5076 3591 5119 se-

1941 5156 2183 5212 mentem
2203 5156 2524 5225 jaclarem,
2551 5168 2622 5211 ne
2647 5155 2811 5210 labor
2835 5155 2889 5210 et
2908 5155 3156 5226 inpensa
3182 5152 3423 5224 periret.
3457 5150 3591 5216 Qui-

1947 5244 2054 5298 bus
2098 5243 2223 5313 ejus
2266 5243 2459 5298 verbis
2491 5258 2561 5297 ex
2593 5242 2901 5298 devotione
2934 5242 3221 5308 affectum,
3275 5254 3345 5295 ex
3379 5239 3591 5295 affectu

1945 5331 2310 5387 devotionem
2328 5331 2635 5400 colligens,
2660 5331 2786 5392 tibi.
2812 5331 3062 5396 Christe,
3087 5330 3304 5399 gratias
3326 5330 3587 5398 agebam,

1945 5425 2003 5476 et
2034 5428 2093 5476 ut
2127 5420 2512 5476 fructificaret
2537 5421 2588 5474 in
2618 5435 2702 5474 me
2731 5420 2919 5489 gratia
2953 5423 3088 5485 tua;
3125 5423 3189 5474 ut
3218 5419 3504 5474 letaretur
3534 5416 3591 5472 in

1945 5514 2001 5565 te
2022 5509 2092 5565 de
2114 5508 2281 5564 nobis
2307 5507 2490 5565 multo
2514 5509 2723 5565 all‘ectu
2749 5509 3007 5578 orabam,
3028 5512 3085 5563 et
3107 5507 3294 5564 adhuc
3315 5507 3368 5562 in
3389 5505 3592 5562 eodem

1541 5643 1777 5699 VARUS
1820 5641 2216 5699 LECTIONES.

261 5733 324 5770 "0
352 5736 510 5808 rupi.
548 5753 602 5796 c.
