3894 6404
343 385 456 452 851

1313 405 1680 472 HUGONIS
1730 406 2076 475 ABBATIS
2120 411 2800 484 FLAVINIACENSIS

3634 418 3745 485 359.

342 537 547 627 maneo
571 527 886 627 desiderio,
912 533 1248 609 supplicans
1272 544 1331 597 ut
1352 540 1508 598 adsit
1532 541 1702 601 nobis
1726 542 1988 616 dignatio
2018 544 2074 607 A
2102 553 2191 608 est
2226 548 2377 623 apud
2409 549 2626 611 Eduam
2661 554 2728 610 32
2757 549 3171 625 episcoporum
3205 564 3235 609 a
3268 522 3479 611 domno
3509 551 3742 627 Hugone

340 618 461 707 tua,
494 634 622 689 quae
655 636 759 677 nos
792 623 999 693 dignos
1034 627 1207 683 faciat
1239 631 1655 702 propitiatione
1688 637 1785 691 tua
1813 655 1825 690 :
1852 651 1989 707 qua-

341 704 501 763 tinus
532 715 812 780 operante
836 713 888 768 in
916 716 1083 772 nobis
1116 718 1516 776 misericordia
1552 726 1670 794 tua,
1703 704 1881 780 alieni
1907 726 1989 781 in-

342 796 642 886 veniamur
672 800 744 855 ab
772 804 923 858 omni
977 804 1308 880 iniquitate,
1345 816 1406 865 ut
1442 811 1659 869 letetur
1708 820 1987 886 paternus

340 883 466 953 ejus
494 886 738 945 affectus
760 890 829 946 de
856 891 1137 952 ﬁliatione
1162 903 1385 954 nostra.
1413 902 1457 955 Ο
1482 903 1650 972 Deus,
1680 883 1740 959 et
1761 918 1794 960 ο
1819 905 1988 962 beata

341 979 527 1066 mater
558 977 703 1047 ejus,
737 982 1021 1054 suscipite
1062 984 1349 1044 clamores
1376 991 1571 1048 cordis
1599 994 1724 1064 ejus
1754 1008 1859 1066 pro
1892 1010 1989 1051 no-

341 1061 452 1152 bis,
486 1070 545 1121 et
577 1066 875 1126 laztificate
927 1073 1171 1130 animam
1223 1078 1349 1148 ejus
1388 1080 1458 1135 de
1504 1061 1685 1152 nobis,
1719 1061 1783 1139 ut
1815 1082 1987 1141 simul

339 1149 704 1242 inveniamur
732 1157 788 1213 in
819 1167 980 1217 sorte
1028 1162 1233 1232 gloriae
1285 1165 1535 1225 filiorum
1569 1149 1687 1226 Dei.
1722 1172 1989 1242 Ingratus

338 1240 490 1297 enim
532 1245 688 1314 patri
731 1247 1009 1306 beneficia
1050 1252 1210 1309 danti
1253 1270 1384 1312 esse
1417 1257 1570 1325 nolo,
1604 1274 1709 1315 nec
1743 1240 1989 1319 remotis

341 1330 583 1389 arbitris
632 1350 805 1404 agere
856 1341 1099 1408 gratias.
1157 1344 1224 1398 Et
1254 1343 1391 1400 licet
1434 1348 1489 1401 in
1533 1349 1987 1407 adolescentiam

340 1418 561 1513 collata
590 1431 850 1513 pereant,
898 1430 1031 1498 quia
1066 1431 1187 1502 ipsa
1223 1448 1532 1506 numquam
1568 1428 1984 1513 retractentur,

339 1520 448 1604 ego
469 1510 564 1580 qui
591 1512 930 1604 beneficium
964 1518 1154 1577 inveni
1190 1523 1509 1595 impensum
1542 1534 1708 1599 grate
1742 1510 1986 1604 accipio,

346 1611 588 1666 primam
636 1607 762 1670 ejus
808 1607 1140 1675 pensionem
1184 1612 1363 1682 solvo,
1401 1618 1553 1686 quod
1583 1622 1749 1686 grate
1782 1618 1853 1675 ad
1885 1634 1989 1677 nos

345 1690 719 1777 pervenerint
774 1694 973 1751 eﬂ‘usis
1032 1699 1340 1759 affectibus
1386 1704 1723 1777 judicaudo,
1777 1712 1836 1763 et
1883 1709 1989 1766 hoc

346 1774 561 1867 ubique
596 1781 887 1838 testando.
916 1786 985 1839 Et
1009 1787 1055 1841 si
1081 1791 1302 1845 referre
1333 1793 1579 1861 gratiam
1616 1774 1725 1849 non
1760 1801 1984 1867 potero,

344 1860 488 1918 illud
512 1871 673 1921 certe
699 1883 809 1925 non
832 1870 1085 1930 desinam
1113 1878 1327 1949 ubique
1348 1860 1637 1953 confiteri,
1658 1899 1744 1939 me
1762 1860 1987 1943 referre
2017 1904 2072 1966 Β

345 1964 456 2007 non
489 1969 684 2024 posse.

416 2041 650 2133 Fratres
690 2045 868 2114 igitur
909 2056 1075 2120 pater
1115 2060 1315 2111 noster
1342 2061 1401 2113 et
1427 2060 1689 2128 gaudens
1728 2064 1990 2133 suscepit

344 2128 723 2202 gaudensque
756 2137 998 2209 remisit,
1036 2142 1169 2210 quia
1198 2145 1527 2214 depositum
1559 2149 1655 2203 Dei
1686 2164 1816 2206 esse
1848 2128 1989 2208 scie-

346 2216 463 2286 bat,
488 2224 547 2273 et
570 2219 697 2277 ideo
721 2223 775 2278 in
802 2228 1090 2286 servando
1115 2230 1215 2287 ἱΙΙυ
1237 2237 1291 2287 et
1319 2236 1669 2292 remittendo
1700 2238 1988 2296 voluntati

343 2304 564 2362 Domini
595 2310 686 2365 sui
718 2311 904 2369 libens
935 2320 1196 2387 parebat.
1232 2322 1304 2377 Ut
1333 2323 1481 2378 enim
1513 2325 1592 2379 ait
1626 2326 1830 2382 beatus
1862 2330 1990 2383 Am-

345 2393 581 2487 brosius
616 2398 669 2487 in
701 2399 852 2458 libro
883 2404 953 2459 de
984 2421 1230 2464 excessu
1264 2410 1463 2468 fratris
1497 2414 1693 2471 m’eln’l
1718 2416 1984 2487 interest,

341 2482 544 2540 utram
585 2486 827 2557 abjares
872 2492 1221 2568 depositam,
1267 2513 1347 2555 aa
1390 2501 1591 2559 doleas
1620 2482 1983 2561 restitutam.

342 2571 460 2626 Non
506 2573 684 2643 igitur
722 2579 908 2636 doluit
952 2587 1312 2657 restitutum,
1363 2590 1498 2660 quia
1538 2592 1762 2648 sciebat
1799 2593 1990 2648 Domi-

342 2673 507 2751 num;
549 2669 608 2718 et
650 2668 936 2725 voluntati
980 2671 1136 2729 illius
1175 2678 1469 2733 contraire
1512 2680 1672 2735 nefas
1718 2682 1981 2751 putabat.

344 2747 631 2807 Reversus
661 2758 754 2810 est
783 2761 975 2815 autem
998 2761 1067 2816 ad
1092 2764 1420 2821 coenobium
1443 2781 1610 2823 suum
1636 2747 1765 2824 eum
1797 2770 1989 2825 fratri-

348 2835 456 2892 bus
504 2840 629 2896 suis
677 2842 922 2901 domnus
981 2850 1161 2906 abbas
1218 2852 1505 2910 Rodulfns
1555 2870 1705 2912 anno
1752 2858 1824 2912 ab
1871 2858 1985 2915 inc.

346 2923 506 2980 Dom.
542 2932 696 2984 1092.
728 2947 858 2988 cum
885 2934 999 3003 jam
1033 2939 1299 2997 ecclesiae
1330 2941 1671 3000 Virdunensi
1705 2945 1988 3003 Richerus

349 3014 630 3103 praelatus
660 3026 839 3091 esset,
862 3022 916 3078 in
938 3026 1200 3083 aacclesia
1232 3032 1417 3086 sancti
1451 3032 1725 3103 Stephani
1750 3035 1990 3090 Metten-

349 3100 432 3197 sis
463 3102 665 3197 decani
708 3109 943 3168 functus
988 3115 1196 3173 cilicio.
1232 3100 1568 3176 Mettenses—
1595 3135 1732 3178 vero
1779 3122 1988 3180 domno

352 3188 700 3279 {ierimanno
744 3198 988 3272 viduati,
1036 3204 1341 3275 elegerunt
1382 3210 1667 3279 quendam
1710 3211 1988 3269 clericum

348 3277 744 3341 Trevirensem
790 3289 1117 3361 Popponem
1163 3295 1409 3367 nomine,
1458 3298 1694 3354 fratrem
1739 3300 1991 3357 Heinrici
2022 3260 2072 3325 Ο

348 3369 581 3427 comitis
601 3373 863 3447 palatini,
881 3383 937 3434 et
959 3381 1176 3453 absque
1196 3385 1358 3454 regio
1382 3387 1534 3442 dono
1558 3387 1683 3445 sola
1706 3389 1992 3446 electione

350 3468 757 3530 praeponentes
794 3481 924 3523 eum
964 3470 1265 3543 tecelesite,
1297 3474 1367 3530 de
1400 3478 1844 3532 consecratione
1876 3481 1995 3534 tra-

347 3549 509 3636 ctare
541 3561 865 3621 coeperunt.
900 3557 968 3612 Et
989 3559 1121 3629 quia
1149 3561 1511 3619 Trevirensis
1540 3564 1855 3636 episcopus
1883 3566 1995 3622 Wi-

351 3631 729 3725 bertistarum
799 3648 1201 3705 communione
1266 3631 1697 3725 contaminatus
1746 3631 1902 3725 erat,
1963 3669 1990 3711 a

351 3721 564 3782 domno
603 3727 969 3791 Lugdunensi
1007 3721 1451 3811 archiepiscopo
1490 3742 1820 3797 consecrari
1861 3721 1992 3799 eum

350 3812 744 3887 expetierunt,
770 3820 1045 3891 imposito
1064 3827 1299 3896 negotio
1318 3828 1423 3883 hoc
1445 3830 1782 3886 strenuitati
1802 3830 1992 3887 domni

348 3899 580 3959 abbatis
602 3905 991 3982 Divionensis,
1013 3912 1081 3968 de
1098 3914 1266 3985 cujus
1287 3915 1573 3972 industria
1598 3918 1992 3977 confidebant.

350 3986 458 4052 Qui
492 3991 670 4048 nichil
701 4001 1035 4069 cunctatus,
1080 4002 1348 4060 domuum
1391 4006 1831 4075 Lugdunensem
1863 4024 1992 4066 cum

352 4075 581 4173 duobus
620 4083 742 4141 suis
783 4087 1187 4161 sufi‘raganeis,
1232 4093 1649 4152 Matisconense
1680 4096 1901 4155 scilicet
1936 4102 1995 4153 et

354 4163 772 4243 Linguonense,
807 4189 913 4245 per
946 4177 1093 4235 bella
1119 4185 1175 4235 et
1199 4181 1446 4251 gladios,
1479 4198 1607 4240 cum
1634 4184 1823 4240 omnia
1849 4199 1996 4240 mor-

350 4256 466 4310 tem
488 4255 781 4318 intentare
806 4263 1164 4334 viderentur,
1192 4270 1408 4326 Mettim
1443 4287 1627 4343 usque
1660 4273 1930 4340 deduxit;
1963 4289 1993 4330 a

354 4356 468 4412 quo
488 4351 547 4400 et
564 4360 946 4411 consecratus
967 4361 1056 4412 est
1078 4358 1260 4429 prima
1280 4359 1601 4417 ebdomada
1623 4362 1999 4432 quadragesi-

352 4446 458 4488 mae
478 4449 605 4491 cum
630 4438 836 4512 gloria,
858 4447 918 4499 et
936 4444 1021 4501 sic
1040 4447 1286 4503 domnus
1310 4449 1711 4518 Lugdunensis
1726 4466 1855 4506 cum
1875 4452 1996 4508 suis

349 4533 621 4582 reversus
639 4533 729 4584 est
750 4530 818 4585 ad
840 4534 1099 4605 propria.
1127 4537 1402 4606 Sequenti
1429 4552 1576 4593 anno
1601 4538 1905 4595 Richerius
1926 4539 1995 4573 ⁴²¹

350 4624 456 4681 pro
479 4619 923 4677 consecratione
958 4638 1059 4680 sua
1092 4623 1429 4694 Lugdunum
1463 4628 1720 4697 veniens,
1754 4643 1884 4684 cum
1907 4643 1993 4685 sa-
2020 4619 2076 4684 D

351 4708 648 4761 eramento
687 4722 750 4764 se
793 4707 863 4764 de
904 4710 1145 4769 simonia
1188 4720 1523 4784 purgasset,
1566 4714 1621 4770 in
1664 4715 1759 4772 die
1791 4722 1993 4774 sancto

350 4791 579 4857 pascha;
602 4802 982 4855 consecratus
1003 4806 1096 4855 est
1117 4802 1189 4857 ab
1211 4802 1434 4873 eodem,
1462 4804 1854 4875 praesentibus
1875 4805 1996 4877 epi-

351 4889 547 4950 scopis
579 4883 1007 4958 Matisconensi,
1044 4890 1438 4961 Cabilonensi,
1473 4892 1841 4962 Auguslensi,
1867 4894 1996 4951 'lul-

350 4963 515 5037 lensi,
542 4985 673 5027 cum
700 4971 835 5031 filiis
859 4977 1243 5033 Virdunensis
1261 4978 1559 5051 zecclesiae,
1581 4985 1639 5036 et
1659 4980 1875 5038 litteris
1897 4982 1996 5039 do-

349 5055 462 5110 mni
496 5060 798 5120 Mettensis
819 5064 890 5121 de
910 5064 1035 5135 ejus
1060 5065 1350 5123 electione
1380 5068 1847 5126 concinentibus.

421 5147 585 5206 Anno
616 5151 688 5207 ab
711 5151 821 5208 inc.
851 5155 1006 5210 Dom.
1044 5158 1176 5212 1094
1198 5154 1368 5229 (194),
1394 5156 1701 5214 concilium
1734 5158 1992 5215 habitum

2104 640 2469 711 Lugdunensi
2502 640 2653 711 (Oct.
2682 647 2790 715 15),
2824 642 2915 698 cui
2946 642 3120 698 etiam
3152 641 3541 700 interfuerunt
3575 645 3743 701 abba-

2102 732 2192 784 tes
2225 730 2633 802 quamplurimi
2666 740 2725 788 et
2753 731 2862 788 viri
2906 731 3182 802 religiosi.

2174 821 2337 877 Anno
2369 822 2441 875 ab
2472 821 2583 876 inc.
2619 823 2781 891 Dom,
2808 824 2962 887 1095,
3003 821 3145 877 feria
3169 822 3219 890 4,
3248 819 3378 877 luna
3403 825 3491 892 25,
3516 827 3567 879 2.
3602 824 3735 879 Non.

2101 909 2317 979 Aprilis
2341 925 2369 965 a
2396 910 2584 965 noctis
2619 909 2805 966 medio
2839 924 3021 979 usque
3054 909 3122 965 ad
3156 924 3422 966 auroram
3457 910 3644 968 stellas
3675 913 3738 968 de

2099 979 2226 1035 celo
2267 981 2478 1036 cadere
2517 981 2655 1038 visae
2698 988 2852 1051 sunt,
2897 988 2953 1036 et
2997 982 3197 1037 eadem
3246 986 3415 1037 nocte
3460 981 3739 1053 Gyraldus

2099 1069 2281 1125 abbas
2333 1069 2501 1127 Silvze
2553 1070 2788 1139 majoris
2822 1069 2971 1141 (195)
3006 1069 3271 1139 migravit
3325 1070 3396 1126 ad
3446 1071 3737 1128 Dominum

2100 1156 2219 1225 (fol.
2252 1158 2411 1229 136’).
2445 1160 2525 1213 Eo
2561 1173 2790 1229 quoque
2822 1158 2916 1214 die
2949 1158 3198 1214 domnus
3232 1158 3631 1229 Lugdunensis
3658 1175 3742 1216 ar-

2099 1246 2509 1317 chiepiscopus
2562 1247 2674 1302 iter
2727 1247 2978 1318 arripuit
3028 1246 3098 1303 ad
3150 1247 3419 1304 Sanctum
3469 1248 3736 1305 Iacobum

2100 1333 2274 1404 (196),
2326 1335 2571 1391 honesto
2615 1336 2971 1393 clericorum
3014 1339 3073 1391 et
3115 1335 3412 1406 laycorum
3457 1337 3735 1393 comitatu

2100 1422 2430 1493 decoratus,
2479 1429 2538 1479 et
2585 1425 2739 1496 apud
2772 1424 3049 1480 mnicium
3098 1422 3248 1495 (197)
3299 1424 3491 1482 tribus
3539 1423 3739 1482 diebus

2101 1515 2450 1581 remoratus,
2507 1528 2636 1568 cum
2697 1512 2942 1568 maxima
3003 1511 3349 1570 difﬁcultate
3407 1512 3477 1569 ab
3525 1512 3734 1570 eisdem

2100 1599 2339 1655 avulsus
2368 1604 2481 1668 est,
2514 1615 2642 1657 cum
2672 1600 3088 1656 convenissent
3112 1600 3189 1655 ibi
3215 1598 3586 1672 quamplures
3614 1599 3740 1657 reli-

2098 1687 2245 1756 giosi
2272 1688 2340 1743 ad
2368 1688 2733 1743 retinendum
2766 1703 2916 1744 eum.
2953 1688 3123 1743 Venit
3154 1693 3346 1745 autem
3377 1688 3447 1744 ad
3472 1688 3736 1746 Sanctum

2098 1776 2376 1832 Iacobum
2411 1776 2748 1832 imminente
2772 1776 2971 1845 vigilia
2996 1776 3111 1832 diei
3137 1776 3323 1832 sancti
3354 1781 3732 1849 pentecostes,

2100 1865 2239 1919 etin
2265 1865 2355 1920 die
2380 1872 2581 1921 sancto
2613 1865 2917 1921 missarum
2952 1863 3291 1935 sollempnia
3315 1864 3385 1921 ad
3404 1863 3588 1921 altare
3618 1880 3737 1921 san-

2101 1952 2178 2008 cti
2233 1953 2459 2023 publica
2515 1954 2858 2023 celebravit,
2909 1958 3140 2009 astante
3189 1953 3467 2024 episcopo
3497 1957 3557 2008 et
3586 1952 3737 2010 clero

2102 2041 2436 2112 populoque
2475 2042 2720 2098 inﬁnito.
2763 2044 2820 2097 In
2855 2042 3177 2098 crastinum
3210 2046 3453 2113 accepta
3481 2055 3511 2096 a
3544 2046 3738 2098 sancto

2100 2129 2357 2199 licentia,
2393 2130 2707 2186 destinavit
2744 2131 2813 2185 ad
2847 2146 2951 2186 sua
2996 2130 3208 2200 redire,
3243 2134 3298 2185 et
3333 2130 3491 2185 venit
3524 2129 3740 2200 Lugdu-

2101 2233 2233 2274 num
2261 2218 2352 2274 die
2376 2225 2425 2273 3.
2457 2223 2590 2274 ante
2620 2219 2934 2274 navitatem
2959 2219 3146 2275 sancti
3178 2218 3419 2274 Joannis
3450 2217 3735 2290 baptista,

2101 2307 2197 2363 ubi
2232 2322 2361 2362 cum
2395 2308 2589 2363 favore
2624 2312 2680 2362 et
2714 2306 2885 2363 laude
2924 2312 2983 2362 et
3016 2307 3231 2377 gaudio
3261 2306 3514 2363 omnium
3552 2320 3738 2364 susce-

2098 2398 2257 2466 ptus,
2302 2396 2546 2452 nuncios
2579 2396 2778 2451 habuit
2812 2408 2977 2466 papas
3012 2395 3224 2452 Urbani
3258 2396 3280 2418 '
3312 2394 3382 2451 de
3415 2393 3622 2467 Apulia
3649 2408 3714 2451 ve

2098 2483 2317 2538 nientis
2346 2487 2406 2538 et
2440 2483 2510 2540 ad
2543 2483 2783 2540 Galliam
2819 2483 3169 2539 festinantis.

2168 2606 2189 2627 ‘
2220 2608 2305 2662 De
2318 2606 2508 2677 gestis
2522 2622 2698 2678 papa
2712 2608 2778 2664 in
2796 2607 2988 2664 Italia
3012 2607 3134 2665 hac
3152 2606 3331 2666 habet
3348 2606 3529 2664 cadere
3546 2603 3734 2663 Musei

2094 2678 2445 2749 Britannici
2488 2680 2644 2734 inter
2686 2679 3057 2749 Harlez’anos
3068 2682 3236 2749 73016.
3283 2678 3562 2749 signatas
3607 2690 3727 2749 sae.

2096 2749 2239 2804 XII.
2273 2748 2419 2805 νηὸν.
2452 2764 2630 2806 manu
2658 2748 2851 2807 Germ.
2885 2751 2995 2806 aut
3023 2748 3181 2806 Gali.
3212 2769 3224 2804 :
3253 2748 3414 2805 Anno
3446 2749 3597 2805 dom.
3626 2748 3728 2803 inc.

2100 2826 2255 2875 1095.
2282 2819 2399 2876 iud.
2427 2824 2478 2887 3,
2506 2820 2626 2875 Kal.
2654 2821 2815 2876 Mart.
2849 2821 3161 2877 caelebrata
3194 2824 3286 2876 est
3314 2818 3629 2876 Placentia
3654 2833 3733 2888 sy-

2100 2892 2287 2947 nodus
2315 2891 2663 2961 praasidente
2693 2892 2903 2947 domno
2939 2892 3168 2947 Urbano
3200 2904 3347 2962 papa
3370 2904 3501 2946 cum
3523 2889 3736 2962 episco-

2101 2959 2588 3033 pisetabbatibus
2606 2966 2719 3016 tam
2740 2962 3051 3018 Galliarum
3072 2959 3316 3033 quamet
3333 2959 3737 3033 Longobardiaz

2099 3030 2157 3088 et
2175 3033 2419 3088 Tusciae.
2443 3034 2613 3088 Facta
2630 3040 2717 3088 est
2744 3038 2935 3089 autem
2958 3030 3161 3102 magna
3186 3030 3539 3102 consultatio
3562 3031 3635 3086 de
3656 3030 3739 3102 his

2102 3104 2199 3182 qui
2231 3103 3015 3182 gecclesias‘velpraabendas
3043 3100 3739 3182 emeranthsedetgehis

2102 3172 2199 3245 qui
2233 3175 2287 3229 in
2320 3175 2595 3231 scismate
2627 3172 2947 3245 Wipertino
2977 3175 3206 3231 fuerant
3240 3172 3515 3245 ordinati.
3550 3172 3739 3245 Primo

2103 3241 2300 3316 itaque
2326 3245 2418 3301 die
2440 3246 2543 3302 etc.
2571 3241 2759 3316 usque
2788 3245 3141 3316 capellarum
3175 3244 3378 3300 omciis
3410 3244 3532 3315 ipse
3557 3241 3739 3315 provi-

2104 3316 2261 3394 deat.
2299 3317 2436 3394 ρπβ
2465 3318 2590 3394 alio
2633 3316 2751 3373 loco
2790 3317 3085 3394 dabimus:
3122 3316 3463 3394 Sequitur;

2175 3390 2336 3443 Anno
2362 3389 2513 3442 dom.
2542 3388 2761 3444 incarn.
2790 3391 2945 3443 1095.
2971 3382 3285 3442 indictione
3309 3384 3506 3453 tertia,
3531 3385 3582 3439 4.
3612 3382 3737 3437 ldus

2103 3456 2285 3534 api-il.
2313 3459 2582 3534 veniente
2605 3460 2815 3534 domno
2839 3473 2983 3529 papa
3008 3459 3239 3534 Urbano
3257 3457 3734 3534 CremonamLugx

2104 3523 2488 3586 Chounradus
2511 3531 2576 3585 ll.
2614 3523 2850 3585 obviam
2881 3523 3222 3597 procedens,
3256 3526 3532 3583 stratoris
3554 3523 3735 3581 ofﬁcio

2104 3614 2247 3656 usus
2277 3605 2385 3656 est.
2422 3600 2639 3656 Deinde
2674 3605 2759 3656 17.
2796 3599 2919 3656 Kal.
2953 3599 3057 3655 Mai
3092 3599 3226 3655 fecit
3259 3601 3627 3655 sacramento
3657 3607 3737 3652 se-

2103 3670 2416 3750 curitatem
2445 3671 2497 3726 ei
2532 3671 2603 3727 de
2636 3672 2774 3750 vita,
2812 3669 3212 3750 de__membris,_
3233 3668 3316 3750 de
3346 3667 3638 3750 captione,
3656 3664 3735 3750 .dc

2104 3746 2321 3815 papatu
2356 3743 2632 3809 Romano,
2657 3746 2713 3797 et
2740 3740 3037 3815 regalibus
3059 3740 3244 3815 sancti
3270 3740 3425 3815 Petri
3450 3742 3566 3815 tam
3593 3740 3732 3815 intra

2104 3804 2338 3868 Romam
2371 3828 2541 3882 quam
2575 3804 2741 3867 extra
2782 3804 3016 3867 Romam
3051 3810 3439 3882 acquirendis,
3471 3804 3734 3882 tenendis

2105 3828 2338 3868 nomam
2415 3828 2541 3867 nam
2575 3828 2741 3867 extra
2782 3828 3016 3867 uomam
3051 3828 3423 3882 acquirenuis
3471 3828 3732 3865 tenenuia

2105 3898 2172 3960 ac
2203 3828 2583 3960 defenacndis
2618 3886 2822 3960 contra
2862 3897 3060 3960 omnes
3097 3882 3376 3950 homines,
3420 3852 3732 3960 bo'namilde,

2106 3954 2230 4035 sine
2252 3955 2452 4011 fraude
2470 3954 2696 4035 etmalo
2723 3954 2967 4023 ingenio.
2994 3955 3314 4035 Iunc‘papa
3337 3947 3466 4032 eum
3486 3950 3541 4035 in
3563 3947 3732 4035 lilium

2105 4026 2376 4081 Romanae
2415 4024 2699 4081 aecelesiaa
2738 4018 3076 4095 assumpsit,
3119 4018 3260 4095 etsi
3289 4022 3547 4095 rex_ista
3589 4018 3731 4095 sicut

2106 4096 2369 4169 promisit
2412 4097 2777 4169 observaret,
2821 4091 3015 4169 coram
3058 4091 3272 4167 populo
3316 4092 3618 4169 pollicitus
3653 4091 3733 4169 est

2106 4158 2233 4224 eum
2268 4166 2544 4236 adjuvare
2576 4168 2645 4222 ad
2681 4158 3097 4236 acquirendufn
3130 4158 3189 4221 et
3216 4158 3526 4221 tenendum
3558 4166 3618 4218 et
3647 4158 3735 4216 de-

2109 4236 2454 4293 fendendum
2487 4253 2744 4307 regnum.
2778 4239 2847 4293 Et
2870 4236 3101 4307 quando
3124 4236 3175 4293 ei
3197 4237 3350 4307 Deus
3380 4236 3615 4307 Romam
3639 4243 3733 4302 pro

2107 4324 2323 4365 corona
2364 4302 2579 4365 venire'
2601 4302 2984 4378 concesserit,
3015 4322 3290 4378 coronam
3323 4303 3548 4378 imperii
3583 4302 3731 4365 dare,

2106 4385 2163 4434 et
2196 4394 2324 4435 eum
2358 4379 2413 4434 in
2446 4380 2679 4437 caeteris
2719 4375 2977 4449 negotiis
3014 4377 3309 4449 adjuvare,
3336 4375 3426 4449 ad
3465 4375 3732 4449 honorent

2104 4451 2202 4505 Dei
2232 4465 2298 4506 ac
2330 4448 2516 4507 sancti
2549 4450 2706 4506 Petri
2727 4443 3417 4510 etVRomanze'mcele’sim,
3452 4443 3735 4519 salvasci-

2107 4520 2245 4593 licet
2278 4522 2459 4593 ipsius
2488 4521 2769 4578 tecelesiae
2796 4521 3054 4593 justicia,
3086 4525 3141 4576 et
3176 4519 3430 4577 decretis
3469 4510 3715 4588 apostoli

2106 4592 2211 4663 cis,
2249 4592 2494 4649 maxime
2537 4593 2607 4648 de
2651 4592 3037 4649 investituris.

2177 4713 2342 4786 (Nov.
2378 4717 2490 4787 18.)
2539 4715 2640 4772 Hic
2686 4715 2890 4771 habuit
2933 4712 3242 4771 concilium
3293 4711 3445 4784 apud
3496 4710 3737 4768 Clarum-

2104 4810 2381 4871 montem,
2420 4803 2515 4860 cui
2558 4807 2809 4874 praeerat
2856 4806 3161 4860 Durannus
3203 4801 3537 4874 episcopus,
3579 4797 3735 4867 cujus

2105 4892 2490 4964 dejectionem
2542 4908 2670 4948 cum
2723 4892 3004 4949 meditata
3062 4895 3220 4950 esset
3282 4887 3733 4948 Cluniacensium

2105 4982 2361 5051 devotio,
2394 4982 2661 5038 Christus
2691 4996 2821 5037 cum
2854 4979 3157 5050 exaltavit,
3182 4984 3242 5036 et
3265 4978 3419 5051 quod
3442 4977 3493 5034 ei
3519 4976 3737 5050 placue-

2106 5072 2205 5143 rit,
2251 5071 2419 5128 modo
2459 5069 2710 5126 mirabili
2755 5069 3167 5126 manifestavit.
3202 5067 3343 5124 Cum
3374 5066 3525 5124 enim
3555 5075 3737 5124 susce-

2109 5161 2292 5233 pisset
2324 5160 2696 5231 legationem,
2732 5162 2793 5216 ut
2828 5173 3032 5231 papam
3064 5156 3319 5230 hospitio
3347 5156 3653 5228 reciperet,
3683 5155 3738 5206 et

1710 5273 1946 5329 VARle
1989 5274 2284 5333 LECTION
2290 5274 2388 5330 ES.

418 5364 482 5399 ⁸¹¹
512 5364 605 5424 ita
634 5380 689 5424 e.

1937 5441 2161 5500 NOTAE.

420 5546 568 5616 (194)
601 5546 681 5602 Cf.
719 5546 949 5603 litteras
981 5546 1235 5617 Hugonis
1255 5546 1325 5603 ad
1355 5547 1721 5605 Lambertum
1754 5546 1996 5604 Atreba-

351 5617 596 5689 tensem,
630 5618 949 5689 MansiXX,
982 5621 1104 5675 801.
1142 5621 1203 5673 K.
1245 5628 1419 5684 ’τεξέκί

420 5688 569 5762 (195)
601 5690 671 5747 La
702 5688 1191 5762 Saulve-Majeure
1214 5690 1383 5748 diose.
1412 5689 1883 5763 Burdegalensis.

2177 5547 2327 5690 (196)
2363 5543 2945 5644 Compostellensem.

2207 5623 2326 5690 197)
2359 5619 2431 5676 Le
2470 5618 2609 5690 Ρη).

2207 5623 2326 5692 197)
2359 5619 2431 5676 Le
2470 5618 2609 5690 P’uy.
