3894 6398
373 382 488 444 355

1334 377 1699 440 HUGONIS
1742 370 2092 438 ABBATIS
2135 374 2823 439 FLAVINIACENSIS

3687 385 3789 450 356

374 533 609 579 nensem
630 517 800 588 (202).
828 515 911 572 Ibi
942 530 1174 586 quoque
1209 516 1456 571 domnus
1490 512 1777 569 Eduensis
1798 511 2025 582 episco-
2058 510 2111 570 A
2142 507 2530 567 Flaviniacum
2564 512 2733 569 nobis
2777 512 3080 585 ingressis,
3118 514 3170 570 in
3221 517 3538 575 crastinum
3589 535 3784 581 cense.

378 624 485 681 pus
546 609 774 677 Hagano
816 608 1177 675 conquestus
1232 603 1541 675 plurimum
1600 600 2023 657 desolationem

376 694 849 763 Flaviniacensis,
874 692 1158 761 ecclesia),
1186 708 1314 748 cum
1334 691 1450 760 jam
1474 696 1609 762 post
1633 691 1854 745 obitum
1872 688 2027 744 dom-

374 787 429 844 ni
450 783 749 857 Raynaldi,
779 782 979 839 fratris
999 781 1186 851 ducis,
1214 786 1438 852 septem
1463 779 1632 835 annis
1652 778 1903 835 ecclesia
1936 792 2028 833 ea-

377 877 504 932 dem
530 878 764 946 pastore
814 871 1051 927 viduata
1086 871 1400 926 mansisset
1429 870 1601 941 (203),
1630 883 1717 923 me
1772 884 1841 923 co
1872 867 2023 937 quod

378 965 540 1036 quasi
563 976 751 1019 essem
784 965 960 1017 notus
990 960 1455 1030 archiepiscopo,
1504 957 1656 1028 quod
1692 958 1866 1013 etiam
1902 971 2028 1027 per-

378 1069 533 1126 saepe
585 1055 825 1120 fecerat,
874 1049 1180 1119 requisivit
1215 1050 1287 1103 ab
1318 1064 1387 1103 eo
1422 1049 1474 1102 in
1536 1049 1839 1113 abbatem;
1871 1044 2026 1116 quod

375 1144 550 1199 etiam
579 1139 1061 1211 vixoptinuisset,
1086 1138 1191 1192 nisi
1214 1137 1627 1192 canonicorum
1650 1138 1707 1191 et
1733 1134 2026 1205 laycorum

377 1232 651 1301 suffragia
680 1231 752 1286 ad
787 1228 841 1284 id
874 1226 1262 1298 expetendum
1298 1226 1405 1281 sibi
1451 1224 1833 1281 adhibuisset.
1872 1222 2031 1294 Opti-

378 1323 503 1380 nuit
555 1328 765 1389 tamen,
803 1322 859 1373 et
897 1317 1111 1373 missus
1143 1320 1229 1371 est
1267 1315 1665 1372 Cabilonensis
1695 1314 2027 1385 episcopus,

378 1414 478 1486 qui
511 1413 781 1470 domnum
809 1407 1216 1463 Divioncnsem
1242 1404 1565 1476 apostolica
1590 1404 1943 1459 auctoritate
1970 1409 2033 1458 ut

378 1503 719 1571 assentiret,
745 1514 832 1556 me
861 1499 1035 1554 etiam
1064 1502 1123 1553 ut
1151 1496 1449 1552 obcdircm
1476 1496 1602 1551 vice
1616 1512 1717 1551 sua
1742 1495 2032 1551 constrin-

376 1597 562 1667 geret,
588 1591 740 1663 quod
764 1594 823 1645 et
848 1589 1059 1643 factum
1084 1591 1171 1642 est
1198 1586 1295 1641 ubi
1320 1584 1657 1640 redivimus.
1679 1584 2026 1640 Confirmata

376 1699 516 1741 vero
547 1680 856 1747 electione,
891 1680 947 1733 ct
981 1674 1452 1731 consecrationis
1488 1673 1877 1729 determinato
1911 1674 2024 1742 die,

381 1769 888 1841 archiepiscopum
921 1764 1034 1820 adii
1055 1783 1065 1817 :
1085 1779 1211 1834 qua)
1236 1763 1362 1832 ejus
1384 1778 1560 1832 super
1583 1762 1691 1817 hoc
1715 1766 1878 1816 esset
1901 1777 2028 1816 scin-

371 1860 561 1917 tentia
584 1854 883 1928 requisivi.
916 1852 1416 1924 lpscanxietatcm
1440 1850 2023 1921 nostramplurimum
2055 1864 2110 1925 Β

369 1948 733 2017 consolatus,
760 1943 828 1999 ad
854 1942 1257 2013 exequendum
1286 1940 1440 2011 quod
1462 1940 1780 2008 jubebatur
1802 1940 2026 1995 ratione

368 2037 619 2106 induxit,
646 2032 1000 2092 auctoritate
1025 2029 1297 2095 munivit;
1330 2034 1388 2084 et
1412 2029 1494 2085 sic
1518 2029 1847 2099 dimissum,
1874 2027 2028 2084 litte-

367 2128 450 2183 ris
475 2126 598 2183 suis
621 2121 975 2190 bonestavit,
1017 2134 1162 2190 quas
1195 2118 1355 2173 misit
1381 2117 1630 2174 Eduensi
1663 2117 1940 2189 episcopo
1974 2117 2027 2171 in

364 2215 470 2272 hec
500 2214 678 2271 verba
706 2231 727 2268 .-

451 2302 787 2361 Venerabili
800 2302 866 2357 in.
881 2298 1119 2356 Christo
1130 2297 1360 2369 fratri,
1380 2296 1705 2366 Haganoni
1724 2294 2030 2353 "’Eduen-

361 2393 417 2450 si
431 2395 715 2466 episcopo,
732 2391 907 2461 Hugo
931 2386 1352 2457 Lugdunensis
1375 2385 1635 2442 ecclesia
1645 2398 1850 2441 serius
1863 2399 1932 2442 sa
1941 2385 2026 2440 lu—

366 2482 496 2539 tem.
521 2482 803 2548 Quotiens
826 2476 1233 2534 humilitatem
1261 2475 1528 2531 nostram
1555 2474 1793 2531 dilectio
1822 2474 2023 2531 vestra

363 2570 609 2639 adierit,
628 2567 901 2640 quotiens
914 2579 1019 2623 nos
1028 2580 1134 2635 pro
1146 2564 1591 2620 restauratione
1602 2563 2023 2619 Flaciniacen-

360 2661 448 2718 sis
460 2659 736 2716 acclesia
761 2654 1040 2726 rogas-eri
1050 2656 1087 2722 t,
1117 2654 1456 2723 benignitas
1471 2653 1674 2708 castra
1692 2653 1847 2709 satis
1866 2666 2022 2709 reco-

364 2748 453 2805 lit.
468 2748 676 2813 Quesis
685 2748 761 2803 tis
774 2762 811 2802 a
823 2743 992 2801 nobis
1001 2742 1195 2799 multa
1208 2743 1350 2798 sedu
1360 2742 1534 2797 litate
1544 2739 1909 2797 etinstantia
1924 2741 2020 2796 ka-

357 2837 565 2893 rissim
572 2834 941 2907 umfratrem
954 2845 1058 2887 nos
1066 2831 1224 2885 trum
1237 2832 1350 2886 Dic
1359 2832 1619 2886 ionensis
1633 2831 1893 2886 ecclesia
1902 2844 1956 2884 φη
1966 2844 2019 2883 o-

360 2923 621 2981 nacltmn
650 2925 979 2992 Hugoue-m,
1001 2934 1175 2991 quem
1196 2919 1363 2974 nobis
1384 2933 1583 2975 assum
1584 2932 2017 2988 pseramus,cu—

351 3014 462 3085 jus
489 3026 596 3070 nos
622 3011 942 3069 sedulitati
971 3007 1368 3077 credebamns,
1412 3009 1587 3063 immo
1607 3010 1780 3079 cujus
1805 3002 2016 3078 lingua

356 3114 475 3158 vos:
486 3101 691 3158 nostra
706 3099 1086 3170 erat;etguod
1104 3097 1408 3168 guesistis,
1435 3095 1509 3152 ab
1524 3098 1650 3153 inci
1659 3097 1711 3152 to
1723 3098 2015 3153 etnolente

360 3191 541 3263 quasi
574 3189 931 3247 eatorsistis.
958 3188 1323 3244 Electionem
1348 3188 1544 3257 igitur
1567 3189 1747 3286 ejusna
1768 3185 1925 3241 nobis
1946 3186 2011 3218 ⁴²⁴
2044 3223 2093 3286 C

343 3280 589 3351 factam
619 3279 938 3351 apostolica
966 3276 1330 3334 auctoritate
1353 3290 1456 3331 con
1449 3276 1791 3346 ﬁrmantes,
1819 3289 2013 3332 conse-

356 3368 681 3425 crationem
692 3367 1013 3441 ipsiuspro
1036 3365 1169 3422 debi
1179 3365 1231 3421 to
1253 3366 1445 3421 castro
1464 3363 1629 3421 vobis
1648 3365 1909 3435 inponim
1920 3378 2005 3434 us,

354 3458 579 3514 certum
592 3457 890 3525 habentes,
916 3456 1084 3525 quia,
1106 3453 1225 3510 etsi
1237 3465 1476 3524 corpore
1506 3452 1774 3509 absentes
1784 3466 2007 3520 smnus,

352 3547 579 3618 spiritu
602 3544 920 3616 prasentes
952 3543 1033 3600 ad
1053 3543 1328 3599 honorem
1351 3544 1463 3598 Dei
1482 3555 1597 3612 per
1623 3541 1925 3597 C'lu'istnm
1946 3543 2011 3597 in

352 3633 811 3706 Spiritusancto
824 3632 1256 3688 consecrationi
1270 3631 1457 3687 eidem
1474 3629 2012 3701 intererimns,etﬁ-

353 3723 511 3780 deles
522 3720 686 3779 vobis
701 3721 1100 3793 cooperatores
1123 3721 1365 3776 erimus.
1394 3720 1461 3775 Ν
1460 3733 1571 3775 unc
1594 3718 2009 3790 igiturpradi-

351 3814 511 3869 ctum
506 3811 779 3884 fratrem
799 3811 859 3866 et
853 3811 1061 3881 ﬁlium
1080 3809 1547 3879 nostrunwuenz.
1576 3808 1738 3864 tanto
1760 3807 1866 3865 sub
1863 3810 1899 3879 j
1904 3810 2008 3865 ici-

350 3915 482 3958 mus
492 3901 680 3970 onem,
702 3900 915 3956 uestra
932 3898 1279 3970 specialiter
1312 3898 2001 3969 tuitionieontradentes,

352 3988 774 4048 committimus
787 4003 918 4045 eum
928 3988 1073 4055 ﬁdei
1082 3988 1307 4044 vestra.
1336 3989 1510 4054 Quem
1526 3988 1633 4058 qui
1639 3987 1767 4043 dem
1780 4001 2007 4060 semper

348 4092 641 4151 penesnos
668 4079 1046 4135 volueramus
1066 4078 1454 4147 retinere,sed
1464 4078 1745 4134 cessimus
1777 4078 2005 4134 instan-

353 4169 452 4226 tia
487 4168 714 4225 vestra.
746 4167 953 4226 Nostis
972 4181 1086 4237 quo
1114 4181 1245 4223 eum
1290 4167 1590 4223 teneamus
1612 4167 1867 4239 aﬂectu;
1895 4167 2005 4224 lioe

345 4258 478 4328 ipso
514 4256 679 4313 vobis
708 4270 839 4313 eum
867 4256 1309 4314 committimus.
1346 4257 1425 4314 Ei
1458 4257 1656 4313 autem
1686 4257 2004 4313 consilium

349 4347 412 4402 et
426 4347 733 4402 auxilium
747 4347 1015 4403 nostrum
1034 4360 1150 4403 non
1170 4346 1332 4403 deeri
1340 4346 1394 4415 t;
1415 4348 1521 4417 qui
1534 4343 1650 4403 non
1662 4347 1853 4402 solum
1866 4347 2004 4403 Fla-

344 4437 680 4494 ciniacensi
719 4438 1011 4509 acc/esia,
1037 4451 1241 4494 verum
1280 4435 1571 4509 quotquot
1597 4437 1742 4492 sunt
1766 4437 1833 4492 in
1862 4437 2002 4493 dias-

345 4528 465 4585 cesi
490 4527 812 4599 oestrapro
838 4530 969 4599 ejus
989 4540 1190 4584 amore
1206 4526 1425 4597 parati
1445 4539 1651 4582 sumus
1660 4541 1776 4597 pro
1806 4525 1999 4583 debito

2143 599 2409 655 oratione
2440 605 2698 671 peracta,
2734 602 2806 657 de
2857 604 3122 675 profectu
3155 606 3422 664 ecclesiae
3470 613 3778 669 tractatum

2139 694 2266 754 est;
2300 694 2355 743 et
2383 690 2430 744 si
2478 696 2609 760 post
2655 691 2780 747 dies
2828 707 3094 764 paucosa
3149 695 3358 752 domno
3406 699 3690 773 episeopo
3730 708 3778 759 et

2140 776 2350 833 domno
2385 780 2726 837 Divioncnse
2754 784 3086 854 ceterisque
3110 784 3430 844 discessum
3461 794 3571 846 est.

2211 868 2420 924 Eodem
2447 884 2596 925 anno
2620 873 2797 941 Aymo
2822 871 3076 929 reddidit
3094 879 3123 929 3
3145 874 3367 933 solidos
3391 879 3695 937 censuales
3716 883 3776 937 de

2139 962 2334 1011 castro
2357 958 2509 1028 quod
2541 960 2774 1015 Sacriba
2801 961 3036 1027 dicitur,
3068 965 3125 1018 et
3160 965 3231 1021 de
3256 967 3429 1022 terris
3454 967 3509 1024 in
3533 970 3775 1027 circuitu

2138 1046 2316 1101 castri
2339 1048 2406 1102 ad
2427 1046 2525 1116 jus
2549 1047 2827 1105 :ecclcsize
2858 1050 3308 1111 Flaviniacensis
3334 1056 3770 1129 pertinentibus,

2142 1134 2195 1188 in
2226 1134 2541 1192 festivitate
2563 1138 2750 1192 sancti
2774 1140 2931 1194 Petri
2958 1140 3012 1196 in
3036 1141 3293 1212 plenaria
3325 1145 3505 1215 curia,
3534 1161 3682 1217 quos
3699 1164 3775 1204 re-

2144 1224 2402 1280 tinuerat
2424 1224 2624 1282 multis
2639 1233 2796 1283 retro
2812 1229 2995 1299 annis,
3013 1236 3071 1285 et
3086 1246 3192 1302 pro
3207 1234 3534 1291 retentione
3554 1235 3771 1308 culpam

2146 1313 2302 1383 fecit,
2322 1317 2377 1367 et
2394 1314 2697 1372 absolutus
2716 1323 2825 1372 est.
2856 1322 3062 1375 Actum
3086 1319 3179 1375 die
3195 1320 3342 1379 festo
3365 1324 3769 1395 apostolorum.

2218 1402 2460 1468 Quidam
2499 1405 2671 1461 etiam
2708 1407 3019 1464 Folcuinus
3043 1412 3303 1482 acceptis
3326 1427 3353 1467 a
3378 1413 3544 1470 nobis
3568 1419 3634 1470 15
3653 1416 3773 1472 soli-

2146 1492 2252 1553 dis,
2281 1492 2667 1564 calumpniam
2692 1510 2857 1566 quam
2873 1497 3194 1555 habebatin
3219 1515 3416 1557 manso
3432 1502 3502 1557 de
3526 1503 3772 1576 Galiaco,

2145 1583 2296 1649 quod
2326 1582 2621 1638 Waldinus
2644 1584 2907 1656 dederat,
2931 1588 3188 1659 vurpivit
3213 1592 3602 1659 praesentibus
3624 1592 3766 1650 his...

2139 1672 2574 1740 consanguineo
2598 1688 2722 1743 suo,
2771 1675 2867 1745 qui
2916 1677 3139 1733 frenum
3162 1677 3230 1710 "5
3256 1679 3429 1735 trium
3466 1680 3768 1739 solidorum

2142 1773 2245 1828 pro
2274 1761 2656 1817 concessione
2686 1763 2910 1821 habuit.

2214 1849 2324 1903 Pro
2356 1851 2620 1919 equabus
2644 1867 2789 1922 quas
2812 1861 3051 1924 ceperat
3070 1861 3129 1911 et
3149 1856 3465 1915 abduxerat
3490 1859 3656 1916 Wido
3677 1861 3769 1917 Lu-

2139 1935 2487 1993 ciniacensis
2522 1944 2623 1994 100
2655 1940 2875 1997 solidos
2907 1942 3058 1999 dedi.

2212 2026 2396 2082 Odoni
2424 2028 2749 2086 vicecomiti
2775 2032 3197 2102 Rubeimontis,
3219 2050 3347 2091 eum
3367 2041 3569 2093 noster
3593 2039 3769 2097 factus

2139 2121 2250 2186 est,
2280 2133 2384 2188 pro
2410 2119 2757 2187 quibusdam
2779 2123 3300 2193 compositionibus
3313 2129 3381 2181 30
3394 2126 3613 2184 solidos
3627 2128 3766 2184 dedi.

2213 2208 2454 2264 Girardo
2486 2209 2555 2263 de
2585 2210 2821 2266 Duisino
2864 2218 2921 2267 11
2962 2211 3182 2269 solidos
3231 2229 3338 2285 pro
3378 2217 3627 2286 quodam
3657 2231 3771 2275 nos-

2142 2302 2232 2353 tro
2265 2298 2556 2354 serviente
2589 2299 2659 2354 de
2708 2299 2962 2369 Galiaco,
3017 2303 3259 2359 Artaldo
3290 2307 3361 2361 de
3393 2306 3604 2363 Sancto
3638 2308 3770 2362 Bau-

2139 2385 2291 2442 delio
2323 2392 2392 2443 20
2423 2388 2658 2445 solidos.

2208 2478 2443 2545 [lagano
2465 2479 2637 2533 etiam
2662 2478 2733 2534 dc
2755 2480 2903 2536 Roca
2931 2487 3133 2537 noster
3157 2483 3364 2553 factus,
3389 2483 3624 2540 vidente
3647 2486 3772 2555 Rav-

2136 2565 2309 2621 naldo
2346 2567 2630 2623 avunculo
2664 2583 2770 2624 suo
2800 2569 3183 2641 calumpniam
3220 2571 3348 2627 fiedi
3397 2572 3482 2628 ⁴²⁶.
3511 2574 3658 2644 (205)
3688 2575 3766 2630 sui

2137 2655 2354 2710 Fininm
2386 2658 2495 2711 Deo
2519 2663 2575 2711 et
2627 2662 2830 2713 saneto
2853 2660 3119 2729 Prcjccto
3142 2666 3198 2717 ct
3224 2661 3388 2718 nobis
3414 2662 3653 2734 dimisit,
3688 2678 3768 2719 ac-

2133 2746 2319 2815 ceptis
2342 2759 2370 2799 a
2398 2746 2564 2801 nobis
2597 2751 2665 2801 20
2689 2747 2912 2804 solidis.
2944 2752 3146 2805 Actum
3172 2751 3505 2809 Flaviniaci.

2202 2835 2383 2902 (1007,
2424 2836 2584 2890 Febr.
2621 2839 2699 2905 0.)
2756 2838 3123 2907 llildegarius
3170 2841 3343 2896 etiam
3388 2842 3458 2897 de
3490 2842 3762 2899 Gurziaco

2130 2929 2331 2978 noster
2366 2924 2571 2995 factus,
2610 2925 2763 2995 quod
2797 2942 2909 2982 non
2944 2929 3130 2984 fuerat
3165 2934 3605 2987 antecessorum
3640 2946 3762 2988 nos-

2131 3015 2373 3081 trorum,
2410 3014 2571 3068 auxit
2604 3014 2981 3071 elemosinam
3009 3032 3177 3087 quam
3203 3033 3344 3076 avus
3369 3035 3510 3077 suus
3531 3021 3758 3091 fecerat,

2128 3100 2270 3157 dans
2298 3101 2566 3156 ecclesiae
2598 3107 2814 3158 nostra?
2838 3106 3249 3176 Erembnrgem
3286 3108 3457 3164 ﬁliam
3488 3108 3762 3165 Heliardae

2128 3191 2259 3246 filim
2283 3191 2629 3259 Wihelelmi,
2664 3198 2721 3247 et
2756 3209 2980 3249 omnem
3010 3196 3414 3266 posteritatem
3439 3212 3661 3268 eorum,
3682 3213 3765 3254 ac-

2123 3280 2313 3350 ceptis
2346 3296 2375 3334 a
2410 3281 2578 3335 nobis
2604 3282 2811 3337 solidis
2837 3287 2902 3338 58
2924 3299 3026 3354 pro
3045 3286 3314 3341 caritate.
3345 3290 3547 3343 Actum
3574 3301 3760 3343 mense

2125 3368 2290 3423 Febr.
2325 3372 2376 3423 0.
2414 3369 2576 3439 feria,
2608 3373 2659 3423 8.
2694 3370 2829 3426 Idus
2864 3373 3030 3428 Febr.

2194 3460 2374 3527 Aymo
2405 3458 2581 3513 etiam
2632 3458 2837 3515 Lovels
2870 3460 3004 3516 liius
3042 3462 3189 3535 (200)
3222 3463 3390 3521 homo
3421 3469 3625 3522 noster
3655 3479 3763 3521 om-

2123 3561 2248 3602 nem
2301 3547 2533 3603 alodum
2570 3562 2737 3603 suum
2762 3550 2876 3604 Deo
2924 3554 2979 3605 et
3007 3556 3211 3609 sancto
3241 3554 3414 3610 Petro
3447 3558 3759 3625 sanctoque

2121 3636 2963 3704 PreJcctotribucns,torturas
2980 3639 3540 3709 quasincasamento
3564 3646 3755 3697 nostro

2121 3725 2391 3795 faciebat,
2419 3725 2695 3796 vurpivit,
2723 3728 3013 3783 enarratis
3044 3743 3239 3784 coram
3284 3730 3550 3787 omnibus
3583 3730 3754 3787 rectis

2116 3814 2639 3871 consuetudinibus
2653 3822 2989 3887 casamenti,
3016 3816 3088 3872 de
3112 3820 3307 3890 capite
3321 3819 3502 3876 mansi
3525 3824 3558 3877 2
3573 3823 3756 3877 sexta-

2119 3903 2238 3958 rios
2268 3917 2485 3974 avanaa,
2512 3908 2569 3959 et
2603 3906 2635 3957 4
2664 3905 2781 3959 vini
2815 3906 2868 3960 in
2900 3906 3277 3964 salvamento.

2189 3993 2316 4049 Feci
2348 3994 2522 4048 etiam
2550 4008 2746 4064 pacem
2781 4010 2910 4051 cum
2940 3996 3174 4053 Wolone
3198 3997 3601 4070 Sarmaciensi,
3627 4002 3681 4055 et
3706 3996 3753 4053 ei

2117 4088 2321 4137 nostro
2353 4082 2504 4137 facto
2538 4083 2643 4138 100
2674 4082 2911 4149 solidos,
2934 4098 3145 4155 equum
3170 4092 3437 4155 1,canem
3464 4093 3486 4143 1
3518 4086 3672 4144 dedi.

2187 4171 2245 4224 In
2283 4170 2683 4241 redemptione
2714 4171 2994 4227 :ccclesize
3026 4173 3097 4228 de
3135 4174 3408 4230 Fontanis
3439 4178 3505 4230 35
3538 4174 3750 4232 solidos

2116 4258 2269 4314 dedi.
2303 4261 2360 4313 In
2386 4258 2639 4316 caldaria
2665 4258 2944 4316 Salinensi
2971 4265 3038 4316 40
3069 4261 3291 4319 solidos
3314 4279 3420 4335 pro
3443 4278 3615 4334 equo.

2186 4349 2247 4402 In
2280 4349 2679 4419 redemptione
2712 4354 2887 4404 terrai
2919 4354 2974 4405 ct
3006 4351 3326 4419 vinearum,
3360 4367 3504 4424 quas
3537 4352 3749 4424 praede-

2112 4452 2314 4494 cessor
2344 4441 2545 4494 noster
2575 4439 2722 4494 abba
2752 4438 3084 4508 Raynaldus
3125 4441 3401 4498 Walterio
3434 4441 3740 4501 Frossardo

2114 4526 2329 4582 homini
2361 4528 2531 4583 ducis
2553 4528 2921 4600 promiserat,
2946 4529 3015 4583 30
3038 4530 3261 4588 solidos
3282 4531 3433 4603 dedi,
3460 4540 3519 4589 et
3538 4537 3747 4589 terram

343 4589 780 4674 subuenirejta
793 4589 930 4687 ergo
943 4614 1194 4688 agite,ut
1204 4589 1685 4686 idemfraterpao
1695 4615 1999 4687 adjutorio
2028 4589 2082 4649 D
2110 4616 2349 4673 retinui.

346 4705 406 4761 et
425 4704 825 4763 consolatione
849 4704 970 4761 sibi
998 4704 1271 4775 impensa
1310 4703 1554 4775 gratias
1583 4704 1752 4762 nobis
1782 4705 2006 4765 babeat

340 4795 592 4869 referre,
624 4795 699 4851 ut
715 4793 991 4851 habeatis
1012 4794 1285 4864 gratiam
1312 4806 1490 4864 super
1506 4795 1797 4865 gratiam.

417 4883 538 4955 (fol.
573 4882 715 4954 137’)
749 4885 912 4938 Anno
931 4882 1132 4953 itaque
1155 4881 1307 4937 dom.
1346 4881 1457 4939 ine.
1498 4886 1654 4940 1097.
1689 4884 1837 4956 (204)
1872 4885 1989 4943 ind.

345 4979 395 5031 ὅ.
432 4987 582 5030 anno
615 4972 809 5030 aetatis
841 4976 927 5029 32.
988 4971 1081 5027 die
1113 4974 1181 5027 10
1211 4971 1332 5028 Kal.
1380 4974 1736 5046 Decembris,
1775 4974 1871 5046 qui
1902 4982 1989 5033 est

345 5062 472 5120 dies
503 5062 691 5119 festus
719 5064 937 5118 sancta:
992 5061 1222 5117 Ceciliae
1255 5062 1415 5133 (Nov.
1465 5065 1603 5135 22.),
1663 5068 1716 5119 7.
1779 5064 1991 5138 sabati,

2181 4706 2427 4764 Teberto
2460 4707 2773 4779 praeposito
2807 4724 2912 4779 pro
2942 4709 3292 4779 quibusdam
3320 4710 3553 4783 placitis
3574 4714 3641 4767 25
3663 4725 3747 4766 so-

2109 4795 2259 4853 lidos
2297 4794 2451 4865 dedi,
2486 4800 2542 4851 et
2578 4811 2681 4868 pro
2733 4799 3157 4869 compositione
3185 4800 3343 4855 cervi
3375 4814 3547 4871 quem
3579 4812 3743 4857 canes

2106 4886 2194 4943 sui
2229 4891 2550 4956 moverant,
2594 4891 2650 4941 et
2685 4886 2948 4943 homines
3000 4882 3182 4945 nostri
3239 4895 3518 4962 ceperant
3550 4901 3744 4962 meque

2107 4976 2341 5055 nolente
2364 4976 2705 5046 diviserant,
2732 4976 2952 5033 solidos
2984 4982 3070 5036 30.
3092 4981 3386 5038 Bernardo
3409 4981 3480 5038 de
3494 4980 3746 5038 Montbar

2106 5068 2161 5124 in
2196 5070 2466 5137 captione
2499 5080 2604 5124 sua
2640 5065 2864 5124 solidos
2896 5071 2984 5123 30.

1695 5162 1935 5219 VARLE
1977 5166 2380 5225 LECTIONES.

412 5249 482 5285 ⁴²³
510 5252 618 5308 Ha.
656 5264 712 5309 c.
776 5250 844 5284 ⁴²⁴
875 5250 1047 5309 nobis
1074 5263 1130 5309 c.
1192 5238 1262 5283 ⁴²⁶
1289 5249 1383 5307 ita
1413 5263 1461 5307 c.
1522 5248 1591 5283 ⁸³⁸
1626 5250 1739 5308 fedi
1771 5266 1818 5309 ο.

1934 5327 2159 5387 NOTAE.

416 5410 645 5486 (202M.
674 5412 829 5486 ibid.
885 5413 1209 5486 pec.109_0.
1271 5410 1643 5486 donationem
1703 5415 1989 5486 quandam

342 5480 626 5551 ﬁrmavit;
659 5482 843 5540 Gallia
875 5482 1088 5539 Christ.
1122 5483 1211 5539 iV.
1244 5482 1399 5539 1067.
1436 5485 1499 5541 Κ.
1616 5516 1623 5523 -

416 5555 564 5636 (203)
597 5555 1427 5636 Philippusrexjrancorum
1448 5559 1688 5636 rogante
1712 5559 1988 5636 Aganone

342 5625 618 5699 episcopo
670 5625 924 5699 Eduensi
952 5630 1009 5681 et
1042 5625 1324 5683 Rainaldo
1376 5626 1588 5684 abbate
1646 5625 1987 5688 monasterii

340 5695 750 5776 possessiones
778 5695 1225 5757 conﬂrmaverat
1260 5702 1588 5758 anno1085.
1616 5699 1678 5759 K.

2175 5414 2323 5486 (204)
2356 5415 2491 5471 Dies
2521 5419 2740 5471 sanctae
2792 5414 3019 5474 Ceciliae
3067 5430 3218 5473 anno
3251 5415 3393 5474 1096
3421 5416 3477 5473 in
3535 5416 3739 5474 Sabba-

2100 5495 2224 5546 tum
2255 5487 2479 5564 incidit,
2535 5499 2708 5564 anno,
2737 5488 2874 5543 1097
2905 5487 2962 5544 in
3016 5489 3406 5555 Dominicam;
3440 5488 3681 5546 indictio
3710 5490 3736 5540 5

2100 5574 2248 5618 anno
2280 5562 2417 5616 1097
2446 5562 2736 5628 congruit.

2194 5632 2320 5689 205)
2348 5633 2395 5685 i.
2434 5643 2494 5687 e.
2536 5628 2708 5685 feodi.

2194 5636 2297 5689 205
2348 5633 2395 5685 i.
2434 5643 2494 5687 e.
2536 5632 2708 5685 fecdi.

2170 5632 2320 5778 (206)
2354 5701 2390 5761 i.
2425 5714 2477 5759 θ.
2513 5698 2710 5773 licius.
