3894 6400
178 417 298 481 357

1434 410 1933 481 CHRONICON.
1967 454 2048 465 ——
2077 414 2235 481 LIB.
2267 416 2341 481 ῐΙ.

3479 414 3597 483 358

254 555 314 608 In
349 552 752 625 redemptione
784 551 973 609 fanoni
1008 551 1270 610 deaurati
1303 556 1360 610 et
1393 567 1586 626 capsae
1626 566 1830 624 argen—
1859 553 1914 613 A
2018 551 2140 623 (fol.
2177 553 2317 625 137’)
2350 557 2510 611 Anno
2543 554 2747 612 eodem
2780 556 2853 613 ab
2905 555 3124 613 incarn.
3172 556 3398 613 Domini
3460 562 3596 615 1098

183 648 294 699 teae
325 646 395 699 60
421 642 614 699 olidos
643 640 793 711 cedi,
825 645 881 695 et
913 640 966 696 in
1000 656 1184 713 cappa
1202 647 1254 698 7.

252 730 701 787 Deditecclesiae
727 734 942 786 nostrze
963 730 1196 801 quidam
1221 730 1389 788 miles
1411 746 1563 789 nunc
1588 744 1832 790 conver-

183 834 287 877 sus
302 823 415 876 Arn
428 819 582 875 ulfus
603 818 673 874 de
697 820 1051 876 Monasterio
1067 835 1329 876 mansum
1348 824 1369 878 1
1388 820 1539 892 apud
1557 820 1831 877 Prusilia-

179 923 332 965 cum.

255 996 422 1052 Dedit
458 996 634 1052 etiam
669 995 1031 1052 Gislebertus
1063 995 1133 1050 dc
1163 990 1472 1053 Luciniaco
1503 1012 1764 1053 mansum
1798 1001 1823 1053 1

179 1085 337 1156 apud
359 1085 699 1140 Darciacum
732 1099 835 1155 pro
866 1084 986 1139 filio
1019 1100 1122 1140 suo
1152 1084 1359 1140 Pontio
1399 1085 1646 1154 nomine,
1699 1102 1829 1141 cum

180 1173 454 1229 omnibus
482 1172 864 1245 appendiciis,
897 1178 953 1228 et
985 1173 1248 1228 homines
1291 1178 1415 1229 tres
1456 1188 1585 1228 cum
1627 1187 1828 1231 eorum

182 1262 553 1332 posteritate.

253 1350 420 1405 Dedit
456 1350 656 1407 itidem
689 1353 851 1421 Hugo
888 1351 959 1407 de
1007 1351 1288 1407 Draciaco
1337 1364 1601 1407 mansum
1654 1364 1828 1406 unum

178 1454 315 1494 cum
337 1440 700 1511 appendiciis
723 1441 779 1496 in
802 1440 1003 1497 eadem
1020 1439 1156 1496 villa
1180 1456 1285 1512 pro
1308 1439 1427 1495 filio
1459 1455 1584 1496 suo.
1623 1442 1829 1495 Actum

180 1528 336 1598 apud
372 1528 638 1585 Colchas.

256 1617 536 1673 Brutinus
564 1617 741 1673 etiam
775 1616 1041 1674 dominus
1069 1617 1273 1686 castri,
1308 1617 1460 1688 quod
1483 1617 1619 1673 olim
1651 1616 1832 1671 Sedu-

182 1721 345 1777 num,
368 1721 517 1762 nunc
540 1704 869 1762 Blismurus
891 1705 1125 1777 dicitur,
1150 1706 1405 1761 reddidit
1432 1706 1601 1762 nobis
1624 1705 1829 1762 aeccle-

182 1795 333 1851 siam
365 1795 547 1851 castri
578 1794 839 1865 ejusdem
871 1810 999 1852 cum
1025 1795 1387 1866 appendiciis
1408 1799 1615 1851 etcum
1649 1793 1830 1851 omni-

184 1884 299 1940 bus
329 1898 457 1955 quae
489 1883 627 1939 olim
673 1882 1011 1955 possederat
1061 1883 1153 1940 vel
1188 1887 1326 1938 tunc
1374 1883 1732 1955 possidebat.
1757 1884 1829 1938 Et
1858 1909 1913 1968 Β

180 1972 319 2043 quia
350 1973 422 2028 de
444 1986 551 2029 suo
580 1972 818 2043 proprio
842 1971 1103 2043 quaedam
1139 1972 1207 2027 ad
1236 1971 1452 2028 victum
1470 1972 1714 2028 fratrum
1732 1970 1828 2027 ad-

179 2060 356 2127 didit,
388 2065 461 2116 20
488 2061 541 2116 ei
574 2060 793 2118 solidos
825 2076 928 2133 pro
956 2061 1204 2117 caritate
1236 2060 1389 2117 dedi.

258 2151 437 2221 Aymo
460 2149 630 2206 miles
654 2149 916 2219 ejusdem
945 2149 1147 2221 castri,
1175 2149 1498 2206 avunculus
1527 2149 1733 2221 ipsius,
1756 2152 1826 2207 ad

180 2238 628 2294 conversionem
660 2239 715 2293 in
752 2237 1089 2294 inﬁrmitate
1118 2238 1373 2309 veniens,
1411 2237 1665 2294 reddidit
1714 2240 1829 2296 Deo

178 2330 242 2381 et
279 2330 484 2383 sancto
515 2328 692 2382 Petro
721 2330 778 2382 et
809 2331 1013 2382 sancto
1044 2326 1311 2396 Prejecto
1339 2331 1532 2382 terras
1562 2332 1622 2383 et
1649 2328 1829 2383 homi-

181 2429 289 2471 nes
312 2430 458 2486 quas
480 2415 649 2472 nobis
671 2416 726 2472 vi
745 2416 1066 2485 auferebat,
1090 2420 1148 2471 et
1172 2415 1359 2473 calum
1368 2416 1556 2486 pniam
1576 2415 1821 2473 dimisit.

255 2507 318 2560 In
352 2505 756 2576 redemptione
787 2520 987 2577 cappaa
1016 2510 1074 2560 et
1108 2504 1268 2577 pallii
1293 2505 1513 2561 solidos
1546 2510 1651 2561 110
1670 2505 1822 2563 dedi.

256 2594 439 2665 (1090,
476 2596 613 2665 Apr.
652 2595 764 2665 14.)
796 2595 1065 2649 Prefatus
1096 2594 1269 2648 etiam
1304 2594 1667 2663 Hildegarius
1690 2596 1831 2651 Gur-

181 2682 473 2739 ziacensis
506 2682 640 2751 quia
674 2680 895 2738 Bellum
929 2684 1136 2738 Locum
1167 2682 1335 2738 nobis
1363 2683 1634 2739 auferens
1657 2683 1831 2754 injus-

185 2771 381 2826 titiam
406 2770 576 2825 nobis
602 2771 840 2839 fecerat,
866 2769 1051 2826 multo
1072 2776 1336 2841 tempore
1360 2785 1389 2825 a
1413 2771 1581 2827 nobis
1603 2786 1831 2828 excom-

181 2859 535 2929 municatus,
594 2858 825 2913 tandem
875 2858 1104 2930 culpam
1154 2859 1294 2915 fecit
1337 2860 1489 2930 apud
1519 2859 1825 2929 Conedam,

180 2953 240 3001 et
272 2946 581 3002 absolutus
613 2961 641 3001 a
678 2947 846 3002 nobis
889 2952 998 3002 est.
1045 2948 1369 3003 Hominium
1402 2949 1736 3019 recognovit
1767 2955 1826 3005 et

183 3035 536 3097 resirmavit,
580 3037 637 3089 et
679 3049 752 3090 ex
812 3038 939 3090 toto
997 3034 1204 3091 cellam
1264 3035 1503 3093 eandem
1548 3037 1823 3109 vurpivit.

182 3122 434 3179 Obsides
462 3122 644 3192 dedit,
702 3137 945 3193 quorum
996 3123 1119 3178 hth
1166 3130 1298 3180 sunt
1348 3125 1623 3181 nomina:
1667 3128 1829 3195 Hngo

182 3213 365 3268 frater
389 3211 536 3281 ejus,
565 3211 883 3268 Rainaldus
902 3212 972 3267 de
995 3204 1167 3279 Roca,
1198 3213 1516 3282 Deodatus,
1550 3214 1830 3271 Girardus

182 3301 255 3356 de
285 3306 491 3364 Roura,
524 3304 582 3356 et
614 3300 796 3356 frater
815 3300 962 3371 ejus,
988 3301 1340 3372 Waldricus,
1378 3303 1737 3359 Gauzfredus
1761 3305 1831 3359 de

180 3389 470 3456 Masiaco;
503 3389 594 3446 cui
626 3404 734 3459 ego
761 3393 833 3445 20
862 3389 1083 3446 solidos
1129 3390 1282 3446 dedi.
1338 3394 1544 3447 Actum
1587 3397 1637 3447 5.
1689 3393 1829 3449 feria

179 3478 417 3550 pascha:
450 3482 534 3533 18.
570 3477 688 3533 Kal.
723 3478 869 3535 Maii.
907 3478 1174 3535 Coneda).

255 3566 497 3623 Pontius
533 3580 763 3637 quoque
797 3568 1118 3624 Grimensis
1147 3582 1343 3624 comes
1375 3582 1479 3640 pro
1519 3568 1831 3626 homicidio

181 3655 341 3727 quod
365 3657 585 3711 fecerat
613 3655 685 3711 de
708 3655 917 3711 Pontio
942 3656 1239 3712 serviente
1253 3663 1477 3728 nostro,
1507 3658 1755 3713 natalem
1772 3664 1830 3714 et

182 3749 423 3814 neptem
455 3743 582 3813 ejus
616 3744 784 3800 nobis
815 3744 1070 3800 reddidit
1110 3748 1211 3801 110
1236 3745 1444 3802 solidis
1470 3747 1750 3818 acceptis,
1774 3753 1833 3803 et

176 3831 695 3891 absolutusest16.
718 3833 839 3890 Kal.
862 3834 1009 3890 Maii.
1029 3836 1241 3890 Postea
1264 3850 1393 3891 eum
1431 3835 1608 3907 cepit,
1644 3839 1699 3891 et
1724 3850 1832 3908 pro

179 3922 588 3994 redemptione
621 3922 689 3977 50
719 3922 940 3978 solidos
968 3922 1191 3978 habuit.

259 4011 379 4081 (fol.
417 4011 899 4084 138.)Joﬂ'redum
925 4011 996 4067 de
1019 4012 1347 4083 Prumiaco,
1375 4016 1432 4067 et
1448 4012 1685 4068 fratrem
1707 4013 1833 4083 ejus

178 4115 315 4159 cum
347 4101 631 4158 uxoribus
659 4105 714 4156 et
750 4100 908 4171 filiis,
944 4115 1126 4157 uxore
1159 4115 1389 4173 quoque
1421 4100 1638 4158 Odonis
1667 4103 1827 4159 Tuat.

178 4196 243 4247 et
266 4204 506 4247 uxorem
533 4189 785 4246 Hcinrici
811 4205 940 4246 cum
967 4189 1120 4259 filiis,
1158 4204 1399 4245 uxorem
1432 4190 1607 4246 etiam
1628 4190 1834 4247 Johan-

179 4280 273 4336 nis
305 4279 374 4336 de
407 4279 707 4337 Poliniaco
741 4294 870 4336 cum
907 4278 1041 4335 filiis
1073 4284 1132 4335 et
1161 4283 1340 4336 totam
1384 4294 1582 4336 eorum
1630 4295 1834 4351 proge-

179 4369 357 4439 niem,
393 4383 521 4439 quae
552 4368 837 4424 latissima
868 4372 929 4424 et
957 4368 1173 4440 optima
1206 4372 1320 4438 est,
1360 4368 1652 4424 mediante
1692 4369 1835 4441 Ray-

180 4456 357 4514 naldo
390 4457 460 4513 de
488 4459 665 4528 Roca,
701 4457 856 4513 datis
908 4456 1110 4514 solidis
1160 4461 1230 4513 30
1273 4456 1457 4514 Odoni
1506 4456 1832 4514 vicecomiti

180 4545 369 4602 Rubei
402 4547 638 4617 montis,
672 4551 874 4603 sancto
924 4548 1100 4602 Petro
1148 4546 1402 4617 quietam
1453 4546 1581 4601 feci.
1634 4547 1834 4603 Testes

1863 3264 1911 3327 C

1943 643 2089 699 obiit
2128 643 2631 713 AganoEduensis
2672 646 2991 716 episcopus
3013 651 3063 702 7.
3092 645 3213 701 Kal.
3249 645 3385 703 Julii
3407 646 3594 719 (207);

1943 736 2001 787 et
2044 733 2309 802 sequenti
2351 732 2497 788 obiit
2538 735 2721 790 abbas
2761 734 3048 791 Rodulfus
3088 738 3138 789 5.
3185 733 3307 789 Kal.
3351 735 3592 807 Aprilis.

1944 821 2218 891 Regimen
2243 821 2525 878 :ecclesim
2550 823 2834 879 Eduensis
2850 828 2987 894 post
3020 823 3413 880 venerabilem
3445 827 3596 895 Aga-

1943 922 2151 964 nonem
2177 910 2518 980 Norgaudus
2542 912 2819 982 suscepit,
2844 913 2899 966 in
2929 912 3130 968 eadem
3154 912 3420 969 aecclesia
3450 928 3597 985 prae-

1944 998 2204 1053 centoris
2236 998 2471 1055 functus
2504 1000 2692 1055 ofllcio
2723 1000 2893 1071 (208).
2932 1000 3032 1055 Hic
3065 1002 3176 1057 sub
3222 1002 3597 1059 contentione

1944 1086 2169 1142 electus
2190 1092 2300 1144 est.
2328 1089 2440 1144 Pro
2457 1103 2569 1159 qua
2598 1095 2788 1144 tamen
2814 1087 3102 1145 electione
3121 1103 3255 1146 cum
3288 1089 3593 1147 multoties

1946 1175 2160 1230 Eduam
2190 1175 2390 1245 issem,
2424 1177 2557 1247 quia
2586 1193 2698 1233 vox
2733 1184 2930 1233 nostra
2964 1178 3146 1249 prima
3179 1192 3309 1234 esse
3341 1177 3592 1235 debebat
3634 1224 3643 1237 .

1946 1262 2001 1317 in
2031 1262 2316 1319 electione
2349 1281 2363 1329 ;
2400 1266 2629 1321 tandem
2664 1265 2719 1320 in
2752 1266 3093 1322 ascensione
3125 1266 3348 1322 Domini
3392 1267 3598 1324 invita-

1948 1354 2064 1421 tus,
2099 1366 2229 1407 cum
2262 1367 2448 1409 essem
2479 1353 2533 1408 in
2563 1354 2787 1411 exteris
2819 1355 3108 1425 partibus,
3142 1370 3453 1412 occurrere
3500 1371 3598 1413 ne-

1948 1440 2123 1509 quivi.
2163 1440 2457 1506 Quendam
2496 1447 2684 1498 tamen
2733 1458 2764 1498 e
2810 1444 3029 1501 nostris
3078 1444 3225 1516 misi,
3282 1446 3379 1515 qui
3408 1445 3592 1502 vicem

1947 1534 2205 1584 nostram
2223 1544 2289 1585 su
2302 1528 2531 1601 pplerct
2557 1548 2570 1597 ;
2593 1533 2649 1585 et
2665 1544 2771 1600 ego
2786 1531 3155 1602 postmodum
3171 1537 3592 1604 exoccupatus,

1947 1618 2286 1687 Lugdunum
2311 1624 2543 1675 euntem
2570 1620 2640 1676 ad
2674 1621 3177 1677 consecrationem
3209 1620 3369 1678 solus
3398 1622 3469 1677 de
3498 1623 3595 1678 ab-

1945 1705 2182 1763 batibus
2215 1721 2339 1761 sum
2378 1715 2773 1778 prosequutus
2809 1727 2821 1762 :
2855 1712 2912 1763 et
2944 1708 3049 1764 hec
3082 1709 3299 1766 faciens
3340 1709 3594 1767 furorem

1947 1793 2117 1850 animi
2150 1795 2295 1864 ejus,
2333 1810 2502 1865 quem
2540 1801 2890 1867 conceperat
2941 1812 3014 1853 ex
3059 1797 3320 1855 absentia
3372 1804 3589 1869 nostra,

1945 1883 2151 1939 sedare
2176 1898 2288 1939 non
2315 1885 2499 1955 potui,
2525 1900 2654 1941 cum
2680 1885 2853 1941 etiam
2877 1886 2933 1941 in
2958 1886 3250 1943 redeundo
3282 1886 3511 1944 duobus
3540 1888 3593 1944 ei

1943 1970 2152 2027 diebus
2185 1973 2335 2043 apud
2369 1972 2621 2030 Colticas
2651 1974 2800 2045 (209)
2830 1978 2891 2029 et
2936 1979 3063 2031 toto
3112 1976 3415 2032 comitatui
3467 1976 3594 2047 ejus

1942 2060 2243 2116 servierim
2278 2061 2423 2116 satis
2452 2076 2764 2133 superque.
2793 2062 2892 2119 Hic
2924 2062 3310 2120 Flaviniacum
3358 2065 3597 2123 veniens

1942 2149 2187 2204 honeste
2218 2163 2245 2203 a
2278 2148 2449 2205 nobis
2480 2155 2795 2221 susceptus
2823 2156 2954 2219 est;
2987 2155 3046 2207 ct
3076 2151 3131 2207 in
3173 2152 3374 2208 eadem
3423 2158 3596 2208 nocte

1942 2236 2243 2293 dominicae
2278 2237 2414 2307 diei,
2449 2253 2578 2294 cum
2610 2239 2661 2294 ei
2696 2240 2940 2296 honeste
2972 2240 3306 2311 servisscm,
3342 2240 3400 2296 in
3430 2245 3595 2297 treva

1941 2325 2040 2380 Dei
2077 2326 2294 2382 bancos
2322 2330 2381 2381 et
2412 2326 2794 2383 scarritiones
2838 2328 2986 2398 (210)
3038 2329 3281 2385 mercati
3332 2329 3596 2385 homines

1942 2412 2066 2481 ejus
2100 2412 2396 2482 fregerunt
2430 2418 2489 2468 et
2522 2412 2804 2484 tulerunt,
2841 2415 2974 2485 quia
3003 2420 3173 2471 erant
3201 2420 3334 2472 ante
3366 2416 3594 2473 domum

1941 2499 2358 2572 episcopalem,
2393 2505 2451 2556 et
2497 2507 2654 2557 terra
2708 2502 2853 2573 ipsa,
2903 2508 3213 2575 antequam
3265 2504 3468 2561 domus
3515 2504 3593 2560 ibi

1943 2589 2171 2659 fuisset,
2198 2590 2422 2645 censita
2446 2594 2569 2645 erat
2589 2591 2919 2648 hominibus
2941 2608 3046 2663 pro
3070 2597 3329 2650 mercato
3361 2608 3594 2656 eorum;

1941 2682 2001 2734 et
2033 2678 2300 2748 requisiti
2335 2679 2407 2734 ab
2440 2680 2768 2736 hominibus
2800 2686 3044 2750 quorum
3072 2681 3223 2751 juris
3242 2686 3430 2753 erant,
3468 2682 3596 2738 red-

1943 2768 2177 2824 ditinon
2196 2769 2449 2824 fuerunt.
2477 2770 2696 2825 Etcum
2720 2770 2936 2825 redditi
2962 2786 3070 2826 non
3096 2774 3320 2840 essent,
3363 2772 3593 2827 interim

1942 2858 2082 2915 emit
2115 2857 2349 2929 quidam
2388 2858 2557 2915 homo
2590 2874 2790 2916 eorum
2829 2874 3064 2916 carnem
3116 2860 3285 2916 bovis
3331 2862 3400 2916 ad
3446 2875 3595 2932 opus

1942 2946 2201 3018 episcopi
2230 2962 2378 3002 :cum
2411 2947 2673 3003 homines
2704 2949 2890 3003 nostri
2921 2963 3026 3020 pro
3064 2949 3396 3005 reverentia
3442 2949 3596 3020 epis-
3706 3014 3707 3017 η

1942 3035 2070 3107 c0pi
2104 3035 2239 3091 alibi
2274 3050 2403 3092 eum
2429 3036 2645 3093 vellent
2670 3038 2956 3107 occidere,
2988 3037 3082 3094 ille
3107 3038 3301 3108 coegit
3325 3053 3426 3095 eos
3459 3042 3594 3093 ante

1942 3126 2242 3196 praefatam
2277 3125 2508 3181 domum
2546 3131 2820 3196 mactare,
2868 3127 3171 3197 nostrique
3220 3128 3411 3198 parati
3458 3132 3596 3183 sunt

1943 3215 2247 3284 afﬁrmare,
2286 3214 2437 3285 quod
2472 3215 2867 3272 defensionem
2901 3217 2986 3272 eis
3018 3221 3073 3271 et
3106 3216 3415 3272 tuitionem
3466 3231 3595 3288 pro-

1944 3302 2165 3359 miserit
2208 3302 2325 3375 (fol.
2366 3305 2482 3375 138)
2509 3304 2715 3360 Occiso
2740 3306 2903 3373 bove,
2927 3305 3188 3360 homines
3210 3305 3396 3360 nostri
3422 3305 3591 3374 jussu

1944 3396 2149 3447 nostro
2184 3407 2288 3462 pro
2322 3392 2539 3448 honore
2586 3393 2851 3464 episcopi
2898 3393 3033 3448 alibi
3087 3408 3215 3449 eum
3262 3398 3586 3448 traxerunt.

1944 3479 2220 3536 Videntes
2254 3479 2517 3535 homines
2550 3495 2794 3550 quorum
2827 3484 2952 3536 erat
2977 3486 3135 3535 terra
3168 3481 3411 3548 censita,
3457 3480 3592 3551 quia

1943 3583 2052 3638 ego
2084 3568 2171 3623 eis
2201 3568 2442 3639 primus,
2470 3568 2564 3639 qui
2591 3567 2904 3624 defendere
2928 3569 3229 3639 debebam,
3257 3568 3326 3623 de
3351 3582 3596 3624 consue-

1947 3657 2148 3713 tudine
2179 3660 2234 3711 ct
2274 3672 2375 3712 usu
2407 3671 2606 3712 eorum
2639 3657 2999 3723 deficiebam,
3046 3657 3274 3728 ipsimet
3328 3656 3381 3711 in
3432 3660 3591 3712 terra

1944 3744 2205 3800 censuali
2238 3759 2339 3800 sua
2373 3745 2752 3799 scarritiones
2778 3745 3172 3816 firmaverunt,
3195 3750 3250 3800 et
3278 3758 3483 3800 carnes
3507 3759 3595 3800 re-

1947 3834 2288 3904 posuerunt.
2324 3833 2573 3903 Propter
2604 3832 2843 3889 baculos
2878 3834 2973 3904 qui
3008 3832 3168 3888 allati
3192 3836 3352 3902 sunt,
3377 3837 3435 3888 et
3460 3832 3592 3903 quia

1944 3922 2284 3992 congregati
2318 3925 2451 3977 sunt
2488 3921 2749 3978 homines
2770 3922 2842 3977 ad
2865 3923 3139 3977 tuendum
3165 3935 3331 3977 usum
3353 3935 3597 3978 censua-

1944 4009 2133 4067 litatis
2165 4025 2304 4079 suze,
2339 4008 2549 4064 malum
2576 4010 2683 4065 fuit
2707 4010 3000 4082 episcopo,
3024 4014 3081 4065 et
3107 4010 3254 4066 dixit
3281 4024 3344 4066 se
3366 4009 3593 4065 assalli-

1943 4103 2067 4155 tum
2096 4117 2110 4165 ;
2137 4105 2327 4152 tamen
2352 4097 2639 4152 hominem
2666 4113 2775 4153 non
2794 4103 3231 4170 percusserunt,
3252 4098 3383 4169 quia
3400 4098 3596 4154 nullus

1945 4201 2047 4242 eos
2079 4186 2384 4253 assallivit,
2418 4189 2473 4239 et
2506 4186 2616 4256 ipsi
2650 4186 2955 4253 neminem.
2988 4187 3094 4242 Ubi
3123 4186 3236 4242 vidi
3280 4186 3593 4243 molestum

1946 4276 2001 4332 id
2026 4290 2155 4331 esse
2179 4275 2479 4345 episcopo,
2506 4289 2614 4341 ego
2638 4274 2763 4345 ipse
2788 4288 2917 4330 cum
2942 4274 3290 4345 quibusdam
3315 4275 3596 4332 fratribus

1946 4370 2005 4421 et
2034 4364 2328 4419 nobilibus
2348 4362 2492 4418 viris
2515 4368 2574 4417 et
2593 4362 2986 4418 servientibus
3008 4362 3081 4418 ivi
3106 4364 3175 4418 ad
3201 4378 3353 4434 eum,
3380 4367 3594 4420 etcum

1946 4450 2192 4511 consilio
2224 4450 2411 4522 optuli
2444 4451 2516 4520 ei,
2555 4449 2705 4521 quod
2739 4454 2961 4506 tantum
2993 4451 3045 4505 ei
3075 4450 3208 4506 inde
3252 4451 3501 4507 facerem
3540 4452 3596 4507 in

1946 4542 2220 4611 crastino,
2257 4543 2534 4611 quantum
2570 4544 2927 4609 congrueret
2951 4540 3110 4609 justo
3156 4543 3215 4594 ct
3262 4539 3487 4611 honori,
3537 4546 3595 4597 et

179 4634 409 4705 horum,
442 4634 539 4705 qui
570 4635 717 4690 infra
752 4654 764 4689 :
817 4633 1180 4691 Gislebertus
1224 4634 1475 4704 juvenis.
1526 4634 1832 4691 Tcubodus
1862 4621 1916 4683 D
1949 4635 2227 4705 quantum
2262 4643 2456 4701 poscm
2489 4632 2548 4683 et
2599 4627 2892 4684 deberem.
2947 4629 3011 4683 Et
3062 4642 3195 4683 mox
3255 4627 3595 4701 ascendens,

180 4723 358 4793 Mant,
384 4722 891 4794 RainaldusRoca,
914 4722 1281 4779 Gislebertus
1293 4723 1363 4779 de
1380 4723 1579 4791 Turre,
1597 4724 1832 4793 Hagano

178 4811 326 4882 Boc,
362 4813 525 4880 Hugo
552 4812 786 4884 Miscus,
823 4811 1125 4881 Goslenus,
1161 4811 1452 4868 Gerardus
1491 4810 1649 4883 Duis,
1695 4812 1834 4868 Bru-

181 4899 425 4971 nardus,
456 4899 776 4957 Rainaldus
806 4900 926 4971 Fla,
960 4900 1296 4957 Rainaldus.

253 4987 543 5045 Willelmo
576 4987 648 5044 de
673 4988 984 5045 Turraboit
1012 4992 1082 5044 30
1112 4987 1336 5045 solidos
1359 5004 1462 5061 pro
1486 4987 1833 5060 quibusdam

179 5076 705 5149 compositionibus
730 5094 745 5145 ;
779 5076 1109 5133 Gisleberto
1139 5076 1361 5134 solidos
1393 5082 1463 5134 30
1483 5093 1589 5149 pro
1611 5077 1837 5133 redem-

177 5166 383 5238 ptione
412 5166 547 5237 equi
579 5164 740 5222 illius
774 5164 844 5223 de
873 5166 1126 5223 Grosbof
1167 5180 1335 5237 quem
1385 5165 1543 5240 cepit
1591 5170 1649 5223 et
1697 5166 1836 5223 mihi

182 5254 463 5314 reddidit.

1947 4726 2182 4779 casatos
2207 4717 2482 4789 requisivi
2500 4716 2798 4773 etnobiles
2816 4732 2961 4787 quos
2974 4716 3157 4788 potui,
3176 4715 3246 4773 ad
3265 4716 3595 4774 faciendum

1949 4806 2102 4881 quod
2134 4805 2483 4879 optuleram.
2518 4804 2753 4860 Interim
2786 4804 2909 4876 ipse
2941 4804 3431 4862 christianitatem
3456 4803 3596 4861 mihi

1950 4894 2192 4955 abstulit
2226 4896 2372 4965 (211)
2407 4894 2486 4950 ita
2517 4898 2580 4951 ut
2602 4893 3252 4965 nuptialesquialiunde
3282 4894 3595 4951 veniebant

1950 4986 2183 5041 missam
2215 4981 2602 5056 perdiderint,
2628 4987 2687 5037 ct
2709 4995 2927 5053 corpus
2951 4980 3335 5053 sepulturam.
3361 4982 3481 5051 Ego
3513 4984 3603 5037 ta-

1950 5088 2079 5130 men
2126 5071 2281 5143 quod
2327 5069 2709 5143 promiseram
2754 5068 3009 5127 munitus
3057 5067 3306 5124 consilio
3354 5066 3598 5139 implere

1949 5162 2128 5233 volui,
2164 5165 2221 5217 et
2246 5160 2299 5215 in
2326 5174 2415 5216 me
2438 5174 2549 5215 non
2573 5159 2878 5230 remansit,
2902 5173 3008 5214 nec
3033 5157 3118 5214 sic
3141 5157 3376 5213 missam
3397 5156 3594 5215 habui.

1948 5253 2110 5309 Diem
2129 5248 2438 5309 constituit
2460 5247 2599 5305 mihi
2621 5247 2776 5323 apud
2789 5246 3006 5305 Eduam
3023 5265 3037 5317 ;
3054 5245 3310 5319 suscepi.
3340 5246 3599 5320 Cumque

1774 5380 1999 5437 NOTIE.

252 5480 405 5565 (207)
455 5494 511 5535 v1
559 5477 659 5534 Kal
708 5477 820 5535 Jul.
864 5478 1039 5534 habet
1089 5478 1497 5549 Necrologium
1555 5479 1610 5535 S.
1673 5479 1838 5535 Beni-

175 5555 409 5701 gnzzgé)
430 5619 736 5701 Paschalis
761 5634 908 5701 papa
938 5618 1155 5676 litteris
1183 5635 1318 5701 ξνιιι
1349 5619 1835 5701 K_al._§lai._1_1_9_0

172 5691 333 5756 datis
361 5691 657 5765 Norgaudi
686 5691 1035 5750 electionem
1066 5691 1451 5752 conﬁrmavit.
1493 5691 1672 5753 Mansi
1713 5692 1826 5766 XX,

1948 5481 2105 5536 1017.
2142 5477 2205 5532 K.

2017 5549 2166 5617 (209)
2201 5544 2451 5617 Couchy.

2038 5551 2144 5604 209
2201 5549 2451 5617 Couchy.

2037 5623 2144 5675 210
2194 5617 2384 5675 bamte
2410 5613 2538 5673 and
2562 5613 2852 5673 scharren
2876 5611 3207 5672 Teutonice.

2011 5549 2166 5763 E211;
2189 5690 2231 5747 Ι.
2264 5703 2314 5747 e.
2351 5686 2537 5747 sacris
2566 5685 2703 5745 mihi
2733 5681 3058 5744 interdixit.

2034 5681 2160 5748 211)
2189 5690 2231 5747 Ι.
2264 5703 2314 5747 e.
2351 5686 2537 5747 sacris
2566 5685 2703 5745 mihi
2733 5681 3058 5744 interdixit.
