3894 6418
359 345 475 408 359

1323 342 1689 405 HUGONIS
1732 341 2086 404 ABBATIS
2130 341 2808 407 FLAVINIACENSIS

3655 338 3787 410 360

354 481 530 538 vellet
559 487 621 538 ut
645 481 907 537 homines
933 478 1032 535 illo
1057 480 1350 547 ducerem,
1381 478 1497 533 dixi
1524 494 1636 533 non
1675 477 1958 534 facturum
1989 496 1999 529 :
2036 480 2090 539 Α
2118 479 2390 535 conscius
2425 479 2685 551 fuissem,
2712 485 2773 535 et
2803 478 2913 535 alia
2960 479 3203 551 quedam
3237 479 3604 551 objicientes,
3639 495 3782 553 quae

356 586 466 627 non
500 571 650 626 enim
686 576 971 640 poteram,
1006 569 1139 639 quia
1184 583 1288 623 nec
1335 583 1476 623 usus
1525 572 1654 622 erat
1700 566 1999 623 aecclesiaa.

355 660 589 726 Quesivi
615 659 1122 723 christianitatem,
1150 672 1253 713 nec
1278 657 1470 713 habui.
1499 656 1713 712 Videns
1737 657 2006 725 quianon

353 749 643 813 haberem,
682 748 752 803 de
785 747 1004 802 casatis
1036 745 1310 801 ecclesite
1326 746 1544 800 salvam
1579 744 1922 798 firmantiam
1953 743 2006 798 ei

354 837 537 909 eptuli
576 841 857 906 quattuor
891 835 1045 890 milia
1080 834 1420 901 solidorum,
1459 833 1750 888 \\'alonem
1786 832 1855 887 de
1881 833 2007 885 Sar-

353 926 547 993 matia,
602 925 994 980 Gislebertum
1047 924 1117 979 dc
1173 923 1498 991 Luciniaco,
1554 922 1893 977 Rainaldum
1935 920 2005 975 de

350 1016 524 1083 Roca,
562 1014 823 1068 Milonem
859 1014 929 1069 de
980 1012 1265 1079 Frollonc,
1321 1012 1628 1067 Goslcnum
1681 1011 2002 1079 Sinemuro,

350 1103 715 1173 Rainaldum,
758 1107 814 1158 et
866 1104 1165 1170 Hugonem
1220 1102 1617 1173 pricpositum,
1672 1099 2005 1155 videntibus

348 1193 643 1250 canonicis
674 1193 814 1261 suis,
873 1190 1181 1257 Walterio,
1237 1190 1551 1261 Stephano,
1606 1191 1894 1255 Duranno,
1945 1194 2005 1243 et

347 1282 526 1351 laycis
560 1286 816 1352 Aymone
854 1286 911 1335 et
944 1282 1252 1346 Josberto;
1286 1286 1341 1333 et
1378 1280 1483 1333 hec
1519 1278 1737 1333 faciens
1770 1277 2001 1331 missam

347 1370 595 1442 quesivi,
631 1375 690 1425 et
723 1385 833 1425 non
868 1368 1062 1437 habui,
1102 1368 1233 1435 (Jul.
1275 1369 1385 1437 15.)
1418 1368 1633 1423 Eduam
1685 1366 1784 1436 ivi,
1835 1371 1891 1420 et
1946 1365 2001 1419 in

347 1459 583 1530 placito,
620 1458 751 1529 quia
787 1458 864 1512 ita
900 1472 1153 1526 egeram,
1192 1457 1423 1512 missam
1450 1461 1582 1510 ante
1607 1455 1717 1510 alia
1752 1453 1998 1524 quesivi,

345 1553 401 1601 et
436 1548 545 1602 hoc
581 1560 682 1617 per
706 1545 991 1614 judicium
1023 1545 1223 1600 curim.
1260 1545 1326 1598 Et
1354 1544 1621 1614 quoniam
1645 1542 1714 1597 de
1737 1542 2004 1597 testimo-

349 1635 461 1689 niis
493 1635 714 1690 nostris
745 1634 940 1703 laycos
973 1633 1262 1688 nominavi
1295 1636 1353 1687 et
1388 1631 1641 1699 ostendi,
1676 1636 1733 1685 et
1767 1630 1897 1700 quia
1931 1631 2001 1685 de

350 1724 470 1779 suis
504 1723 683 1793 laycis
718 1722 1051 1778 Bernardus
1085 1720 1465 1776 mariscalcus
1506 1725 1707 1775 noster
1749 1720 2003 1774 nomina-

348 1811 429 1867 vit
458 1814 769 1881 Aymonem
795 1818 851 1865 et
875 1812 1232 1879 Josbertum,
1254 1808 1533 1878 judicium
1552 1810 1760 1863 factum
1786 1813 1872 1862 est
1900 1822 2001 1878 per
2030 1834 2083 1896 Β

349 1900 601 1956 clericos
624 1904 683 1955 et
704 1899 919 1970 laycos.
950 1898 1318 1954 Firmantiam
1344 1904 1535 1953 autem
1562 1898 1801 1952 hancita
1821 1897 1999 1953 fuisse

349 1988 604 2045 oblatam
627 1990 910 2044 affirmare
926 1988 1237 2044 voluerunt
1255 1991 1569 2056 nostrates,
1598 1992 1659 2043 ut
1679 1986 2001 2056 judicatum

350 2074 555 2131 fuisset
592 2075 766 2130 etiam
803 2090 905 2145 per
938 2075 1087 2143 ignis
1122 2079 1218 2129 aut
1252 2089 1416 2143 aquae
1443 2073 1743 2142 judicium.
1792 2074 1866 2127 De
1914 2072 2003 2126 bis

348 2164 561 2220 factum
591 2168 681 2219 est
711 2163 1040 2232 hujusmodi
1067 2163 1350 2231 judicium
1383 2182 1394 2215 :

423 2253 713 2317 Quoniam
745 2251 931 2309 abbas
963 2254 1019 2308 et
1046 2254 1142 2308 sm:
1173 2250 1507 2308 Josbertmn
1538 2264 1652 2306 non
1672 2250 2009 2306 nominavit

345 2340 427 2396 ad
438 2340 733 2411 placitum
755 2341 1189 2411 accipiendum,
1216 2340 1321 2395 hoc
1338 2339 1641 2396 debetesse
1663 2338 2006 2409 ini-aspectu

345 2429 505 2499 quod
531 2428 717 2485 abbas
745 2430 1016 2500 requirit
1044 2430 1113 2484 de
1139 2431 1326 2486 missa
1356 2429 1721 2498 recipienda,
1758 2428 1815 2483 et
1828 2442 2004 2499 prop-

350 2519 437 2575 τεν
463 2518 571 2574 hoc
595 2520 722 2589 ipse
750 2533 863 2573 non
896 2517 1063 2574 debet
1090 2517 1300 2574 bal/ere
1319 2518 1649 2589 reSpectum
1672 2517 2005 2588 dejustz’tz’a

346 2605 650 2662 hominum
664 2606 982 2678 facienda.

419 2691 634 2751 Audito
667 2694 773 2748 hoc
801 2693 1025 2762 judicio
1056 2694 1356 2764 obstupui,
1393 2699 1451 2747 et
1472 2692 1778 2749 consilium
1801 2692 2004 2748 zeccle-

344 2784 442 2841 size
460 2784 612 2855 quod
628 2785 795 2839 antea
814 2783 1128 2838 habueram
1154 2782 1458 2851 requisivi,
1486 2796 1591 2837 nec
1616 2781 1823 2849 habui.
1840 2784 2004 2836 Cum-

345 2887 456 2942 que
491 2872 681 2928 adhuc
715 2886 976 2928 morarer
1019 2871 1070 2925 in
1124 2870 1373 2926 consilio
1420 2869 1619 2941 placiti
1670 2875 1729 2924 et
1772 2869 1997 2939 judicii,

347 2959 505 3030 rupit
543 2958 845 3030 placitum,
880 2963 937 3013 et
972 2958 1112 3013 abiit
1146 2973 1487 3028 pransurus.
1525 2956 1645 3012 Misi
1680 2957 1751 3012 ad
1783 2964 2001 3027 eum,et

346 3052 681 3118 respectum
716 3046 961 3117 quesivi,
1005 3051 1065 3101 et
1095 3045 1418 3114 nonhabui,
1447 3045 1553 3101 nisi
1574 3045 1855 3116 judicium
1880 3045 2000 3102 lau-

344 3136 561 3193 darem.

415 3244 702 3310 Quantum
734 3257 840 3313 pro
873 3242 1198 3311 hujusmodi
1224 3240 1442 3313 placito
1465 3241 1999 3310 gravaveriteccle-

342 3331 503 3403 siam,
541 3332 674 3386 hinc
704 3330 897 3400 colligi
934 3335 1144 3402 potest,
1182 3329 1333 3404 quod
1370 3330 1477 3385 hac
1500 3330 1998 3403 eademiscptima-

342 3435 432 3491 na,
466 3436 577 3492 qua
611 3420 718 3476 hoc
752 3422 966 3477 factum
1001 3424 1111 3490 est,
1146 3425 1379 3475 centum
1410 3434 1592 3489 equos
1621 3420 1840 3489 absque
1880 3434 1999 3475 ser-

338 3510 637 3565 vientibus
652 3516 732 3579 2°,
751 3514 830 3579 3η,
851 3513 928 3579 Ii",
946 3514 1027 3579 5η,
1044 3514 1125 3579 6η,
1146 3508 1304 3564 feriis
1319 3508 1493 3563 Eduze
1510 3523 1596 3563 me
1612 3512 1813 3562 tenere
1830 3508 1997 3576 fecit;

339 3603 396 3653 et
430 3597 816 3653 communiam
847 3597 1128 3654 Eduensis
1159 3603 1218 3653 ct
1254 3596 1653 3653 Cabiloncnsis
1688 3596 1997 3667 paroechire

343 3700 523 3758 super
548 3702 651 3743 nos
674 3691 877 3757 postea
906 3686 1296 3742 Flaviniacum
1318 3685 1570 3753 juratam
1591 3684 1880 3741 adducere
1904 3702 1998 3741 vo-

341 3774 470 3846 luit,
492 3775 647 3846 quod
666 3781 854 3831 tamen
883 3775 1158 3831 infectum
1180 3774 1479 3829 remansit.
1502 3773 1697 3830 Voluit
1718 3775 1889 3829 etiam
1917 3776 1999 3830 in-

344 3864 639 3923 terdicere
654 3878 855 3919 omnes
870 3862 1050 3918 cellas
1066 3866 1122 3917 et
1140 3862 1263 3918 loca
1280 3862 1351 3917 ad
1368 3878 1472 3918 nos
1487 3864 1869 3933 pertinentia;
1894 3864 1997 3920 sed

339 3953 576 4009 obstitit
608 3950 1999 4025 votisejusintegritascapituli,Eduensis;fecis-

338 4045 428 4097 set
465 4044 679 4110 tamen,
706 4039 814 4094 nisi
841 4039 1187 4095 obstitisset.
1215 4041 1462 4095 Tandem
1486 4056 1614 4097 eum
1648 4041 1996 4096 multociens

341 4143 449 4200 pro
485 4127 589 4184 hac
622 4142 799 4185 causa
833 4128 1049 4185 Eduam
1082 4128 1391 4198 venissem,
1421 4129 1707 4197 justitiam
1748 4145 1998 4200 praesen-

343 4223 497 4287 tans,
531 4222 588 4273 et
620 4217 933 4288 aliquando
967 4216 1420 4274 misericordiam
1460 4234 1746 4289 quierens,
1791 4223 1847 4274 et
1893 4234 1998 4275 nec

328 4303 620 4376 justitiam
651 4307 985 4363 habuissem
1020 4322 1123 4363 nec
1158 4307 1634 4377 miscricordiam,
1670 4307 1913 4364 consilio
1938 4312 1997 4363 et

338 4394 579 4452 hortatu
611 4395 740 4465 ejus
771 4395 1003 4466 quidam
1040 4396 1283 4452 fratrum
1309 4400 1644 4453 nostrorum
1668 4397 1998 4453 insurrexe-

333 4488 469 4541 runt
504 4484 558 4540 in
592 4500 702 4557 me,
738 4485 1004 4542 dicentes
1032 4498 1122 4540 me
1144 4486 1438 4542 conscium
1474 4486 1655 4542 fuisse
1689 4485 1997 4542 seditionis

2029 3191 2077 3254 C

2120 568 2367 637 probare
2398 582 2509 622 non
2545 572 2834 639 poterant,
2871 569 3116 625 maxime
3142 585 3272 625 cum
3296 574 3500 626 essent
3524 569 3781 625 infames

2122 671 2403 726 personae.
2442 657 2682 721 Quidam
2707 658 2881 713 etiam
2907 672 3107 713 eorum
3136 658 3495 714 Heliuannus
3520 673 3607 713 me
3634 657 3781 713 reli-

2117 748 2213 799 cto
2236 744 2289 798 in
2313 760 2597 801 consessu
2623 745 2796 800 etiam
2822 746 3241 803 canonieorum
3266 747 3527 817 sedebat,
3545 761 3678 803 cum
3702 761 3779 802 eo

2117 832 2495 901 manducans,
2520 833 2725 888 bibens
2748 838 2803 889 et
2832 834 3116 905 equitans.
3144 837 3261 903 Ego
3284 850 3413 891 cum
3447 849 3636 891 essem
3675 848 3781 907 pa-

2116 925 2281 976 ratus
2311 922 2589 998 canonice
2619 924 2973 993 respondere
3007 927 3066 978 et
3092 923 3366 994 judicari,
3424 923 3775 979 monachum

2118 1009 2304 1079 ipsum
2329 1016 2614 1081 nostrum,
2642 1026 2809 1081 quem
2836 1012 2972 1066 mihi
2996 1012 3312 1083 episcopus
3337 1012 3572 1082 tulerat,
3600 1026 3781 1067 cano-

2116 1098 2245 1153 nicc
2280 1099 2582 1168 requisivi,
2618 1115 2723 1155 nec
2756 1100 2951 1155 habui.
2988 1102 3236 1172 Insuper
3257 1101 3377 1157 vidi
3409 1115 3511 1157 eos
3544 1115 3630 1155 me
3675 1115 3775 1155 ac-

2112 1192 2409 1257 cusantes,
2444 1192 2500 1243 et
2533 1188 2875 1259 compulsus
2900 1204 3047 1259 sum,
3074 1204 3145 1245 ne
3166 1190 3331 1259 quasi
3351 1188 3667 1261 culpabilis
3686 1189 3775 1245 vi-

2116 1275 2307 1344 derer,
2346 1276 2465 1346 ipse
2494 1276 2578 1332 eis
2615 1277 2933 1349 praecipere
2969 1282 3029 1333 ut
3064 1293 3200 1347 erga
3237 1293 3324 1333 me
3357 1277 3767 1349 loquerentur.

2115 1364 2397 1419 Abbatem
2424 1364 2773 1435 ibijaliquem
2795 1381 2905 1422 non
2927 1366 3042 1422 vidi
3067 1384 3080 1433 ;
3103 1366 3386 1437 judicium
3411 1380 3640 1437 quoque
3676 1382 3774 1423 ce-

2116 1457 2275 1523 ptum
2304 1453 2515 1509 factum
2538 1468 2649 1509 non
2678 1454 2801 1524 fuit,
2832 1455 2963 1524 quia
2984 1454 3119 1511 talis
3138 1455 3381 1526 quedam
3396 1470 3502 1512 nos
3525 1469 3775 1511 concor-

2115 1540 2204 1596 dia
2222 1542 2484 1609 sociavit,
2505 1542 2795 1598 mediante
2812 1544 3093 1615 episcopo
3112 1544 3482 1600 Cabilonensi
3499 1548 3558 1599 et
3583 1546 3771 1600 Anse-

2116 1631 2237 1685 rico
2262 1631 2599 1702 praeposito,
2628 1636 2687 1687 ut
2707 1632 3013 1688 redderem
3032 1633 3339 1703 hominem,
3366 1633 3460 1703 qui
3485 1634 3773 1704 probaret

2117 1724 2484 1774 sacramento
2502 1734 2588 1774 me
2604 1720 2900 1776 conscium
2917 1736 3028 1776 non
3048 1721 3249 1791 fuisse,
3267 1725 3322 1776 et
3341 1722 3424 1778 sic
3451 1720 3770 1777 amicitiam

2115 1808 2373 1878 episcopi
2399 1809 2741 1879 reciperem,
2764 1813 2819 1865 et
2848 1810 2901 1868 in
2926 1811 3171 1879 gratiam
3199 1810 3450 1866 redirem
3477 1809 3638 1881 :feei,
3659 1824 3771 1865 nec

2113 1896 2381 1965 gratiam,
2418 1912 2521 1952 nec
2553 1898 2787 1953 missam
2820 1898 3014 1955 habui.
3050 1900 3296 1971 Insuper
3329 1899 3627 1971 prohibuit
3655 1900 3769 1955 sub

2115 1986 2501 2055 anathemate,
2528 2002 2595 2042 ne
2624 1987 2906 2044 fratribus
2928 1988 3075 2059 ipsis
3100 2004 3204 2059 pro
3227 1988 3332 2045 hac
3356 1988 3426 2044 de
3456 2001 3627 2044 causa
3662 1988 3770 2043 ini-

2116 2074 2382 2144 micarer,
2418 2081 2476 2130 et
2506 2076 2740 2129 omnino
2772 2091 2871 2131 eos
2894 2093 2921 2131 a
2948 2082 3143 2133 nostra
3169 2077 3554 2149 dispositione
3578 2091 3769 2133 remo-

2113 2163 2241 2230 vit;
2275 2178 2342 2217 ne
2375 2164 2464 2218 vel
2500 2163 2693 2218 saltim
2728 2180 2828 2220 eos
2852 2165 2923 2220 ab
2949 2166 3345 2235 obmdientiis,
3371 2166 3581 2237 quibus
3600 2180 3771 2237 prae~

2113 2257 2299 2319 erant,
2338 2267 2567 2316 remove
2580 2269 2718 2309 rem.

2189 2342 2336 2413 (Dee.
2366 2347 2419 2409 tl)
2446 2343 2673 2413 Septies
2699 2347 2941 2414 prepter
2965 2344 3073 2399 hoc
3100 2344 3376 2414 placitum
3399 2358 3428 2399 a
3457 2345 3606 2400 festo
3628 2358 3767 2416 apo-

2116 2431 2398 2485 stolorum
2435 2447 2616 2501 usque
2650 2431 2719 2486 ad
2756 2433 2965 2489 festum
3012 2434 3199 2489 sancti
3243 2431 3503 2489 Nicholai
3547 2432 3765 2489 Eduam

2117 2520 2214 2590 ivi,
2250 2536 2352 2575 nec
2380 2520 2689 2590 justitiam,
2726 2537 2829 2577 nec
2857 2522 3127 2592 gratiam,
3164 2537 3269 2578 nec
3306 2523 3534 2578 missam
3564 2521 3765 2590 habui,

2118 2610 2362 2664 maxime
2395 2623 2523 2665 cum
2557 2608 2627 2664 ad
2663 2611 3135 2667 satisfaciendum
3169 2612 3220 2667 ei
3256 2611 3537 2682 quosdam
3573 2610 3767 2682 layco-

2120 2714 2266 2768 rum,
2303 2700 2397 2769 qui
2436 2700 2884 2770 impetebantur,
2922 2700 3020 2755 illo
3056 2700 3319 2756 duxerim
3353 2705 3557 2757 contra
3595 2715 3765 2757 usum

2114 2787 2286 2843 mecle
2308 2788 2424 2842 sim.
2457 2788 2612 2853 Quos
2638 2788 3037 2859 qualiteripse
3058 2790 3427 2859 tractaverit,
3466 2789 3644 2861 pudet
3676 2804 3767 2845 re-

2114 2877 2362 2944 minisci,
2382 2878 2626 2932 maxime
2641 2894 2767 2933 cum
2787 2877 2943 2933 nulla
2959 2883 3113 2934 esset
3132 2879 3361 2935 occasio
3389 2893 3493 2951 pro
3517 2892 3625 2950 qua
3654 2879 3764 2935 hec

2112 2966 2201 3034 agi
2236 2966 2539 3021 deberent.

2182 3053 2303 3124 (fol.
2342 3054 2483 3126 138’)
2517 3056 2751 3111 Fratres
2800 3070 3030 3126 quoque
3071 3062 3311 3112 nostros
3362 3055 3757 3127 Divionenses,

2110 3143 2205 3213 qui
2237 3143 2374 3197 mihi
2408 3142 2475 3198 ad
2512 3144 2795 3225 solatium
2819 3144 3040 3201 laboris
3074 3151 3131 3200 et
3162 3144 3385 3201 ordinis
3430 3144 3757 3201 custodiam

2109 3232 2228 3287 dati
2265 3234 2512 3301 fuerant,
2550 3232 2681 3287 mihi
2720 3234 2987 3301 abstulit,
3025 3234 3371 3305 praecipiens
3399 3233 3752 3291 auctoritate

2110 3337 2218 3391 qua
2255 3326 2487 3391 poterat
2517 3326 2571 3376 et
2609 3323 3121 3391 debebat,utinfra
3141 3323 3266 3379 dies
3301 3327 3420 3379 tres
3455 3322 3749 3379 Divionem

2108 3410 2219 3465 nisi
2236 3424 2337 3464 eos
2354 3411 2728 3478 remisissem,
2746 3414 2803 3465 et
2822 3426 2922 3465 eos
2940 3411 3034 3481 qui
3052 3411 3305 3483 projecti
3345 3411 3572 3469 fuerant
3594 3425 3756 3467 revo-

2108 3514 2321 3567 carcm,
2341 3498 2562 3555 nullum
2580 3500 2635 3553 in
2659 3498 2902 3555 ecclesia
2930 3499 3187 3556 divinum
3202 3500 3448 3556 of’llcium
3465 3500 3628 3556 fieret
3656 3516 3669 3563 ;
3693 3503 3753 3555 et

2109 3587 2192 3643 sic
2209 3587 2261 3641 in
2277 3587 2596 3642 crastinum
2614 3602 2776 3643 mane
2793 3588 2945 3644 facto
2961 3588 3198 3644 Romam
3220 3589 3522 3660 profectus
3545 3592 3656 3658 est,
3688 3594 3756 3643 ut

2108 3676 2305 3733 nullus
2321 3677 2563 3731 essetde
2599 3677 2776 3732 missa
2824 3676 3155 3748 recipienda
3180 3677 3272 3734 vel
3304 3678 3580 3735 fratribus
3619 3676 3757 3734 reti-

2107 3766 2315 3821 nendis
2350 3765 2781 3836 deprecationis
2829 3766 3013 3837 locus,

2179 3857 2319 3925 Ego,
2353 3854 2449 3925 qui
2482 3858 2647 3909 tanto
2681 3856 3047 3913 constrictus
3065 3855 3316 3913 articulo
3348 3854 3552 3913 vellem
3580 3855 3754 3912 etiam

2108 3946 2325 4014 majora
2360 3944 2704 4015 promittere
2736 3976 2801 3985 —
2843 3946 3020 4001 nimio
3070 3946 3221 4001 enim
3271 3945 3429 4001 tedio
3481 3945 3750 4015 angebar,

2108 4034 2260 4105 quod
2295 4034 2474 4089 tantis
2510 4033 2828 4103 injuriabar
2857 4034 3379 4103 tribulationibus;
3417 4034 3695 4106 siquidem
3721 4048 3752 4089 a

2110 4124 2260 4179 festo
2290 4122 2689 4194 apostolorum
2724 4124 2881 4179 Petri
2924 4130 2982 4179 et
3034 4125 3197 4181 Pauli
3252 4138 3439 4196 usque
3484 4122 3553 4180 ad
3603 4122 3752 4179 diem

2108 4212 2297 4284 ipsum
2334 4212 2488 4267 beati
2520 4211 2779 4269 Nicholai
2815 4213 3008 4269 natale
3034 4214 3339 4285 insignem,
3366 4229 3477 4285 quo
3499 4212 3601 4269 hec
3626 4225 3755 4282 ges-

2110 4306 2164 4357 ta
2200 4304 2355 4367 sunt,
2391 4299 2544 4355 nulla
2579 4315 2702 4356 mea
2735 4299 2904 4373 culpa
2954 4303 3270 4373 existente,
3323 4302 3517 4359 divino
3565 4299 3749 4357 ofﬁcio

2109 4389 2471 4445 Flaviniacus
2498 4396 2807 4445 vacaverat
2826 4394 2882 4446 et
2908 4390 3213 4463 sepultura
3238 4423 3307 4432 —-
3341 4385 3573 4448 decrevi
3602 4387 3751 4444 omni

2108 4480 2181 4546 ei,
2214 4479 2388 4535 etiam
2422 4478 2478 4534 in
2511 4479 2826 4535 contrariis
2858 4484 2917 4535 et
2949 4481 3160 4549 noxiis,
3195 4480 3365 4537 subdi
3399 4477 3745 4547 obedientia,

334 4571 491 4630 illius
511 4590 615 4646 pro
630 4547 741 4645 qua
758 4574 864 4631 hec
886 4576 1231 4644 agebantur.
1251 4576 1317 4629 Et
1335 4576 1409 4631 ob
1434 4575 1489 4630 id
1514 4582 1754 4632 vocatus
1777 4575 1855 4630 Ed
1868 4590 1993 4631 nam
2025 4547 2079 4608 D
2109 4574 2172 4625 ut
2194 4568 2282 4625 vel
2313 4568 2398 4624 sie
2422 4567 2714 4623 leniretur
2735 4572 2794 4623 et
2817 4575 3130 4640 pacaretur
3149 4547 3325 4625 animi
3350 4568 3476 4638 ejus
3508 4566 3752 4639 pertina-

332 4662 624 4734 proﬁcisei
640 4678 931 4735 ceperam,
950 4663 1202 4719 vallatus
1213 4663 1456 4719 consilio
1471 4665 1880 4719 monachorum
1897 4680 1995 4719 no-

330 4749 534 4807 bilium
568 4754 627 4806 et
664 4751 1070 4821 servientium,
1105 4756 1168 4807 ut
1212 4752 1543 4822 credebam,
1601 4750 1754 4824 quod
1802 4756 1994 4807 tamen

328 4840 493 4895 amisi
528 4839 810 4897 instinctu
834 4841 978 4911 ejus.
1015 4842 1153 4895 Nam
1185 4840 1541 4896 Bernardum
1576 4841 1646 4896 de
1695 4841 1990 4912 Montfort,

329 4926 460 4996 quia
489 4941 631 4983 suus
647 4929 773 4983 erat
799 4926 870 4982 de
895 4927 1061 4983 feodo
1087 4926 1573 4998 sanctipetri,cui
1612 4927 1991 4998 promiseram

330 5012 549 5070 solidos
564 5016 632 5070 30
644 5019 700 5070 et
721 5016 932 5071 bonum
958 5019 1218 5071 nostrum
1244 5014 1504 5084 tenebat,
1532 5012 1657 5084 ipse
1678 5029 1747 5070 ne
1769 5029 1992 5070 meeum

330 5100 445 5157 iret
475 5101 797 5173 prohibuit.
835 5103 999 5170 Quod
1028 5103 1212 5159 ceteri
1244 5103 1531 5173 videntes,
1567 5118 1698 5159 cum
1731 5117 1991 5162 essemus

328 5194 417 5263 25,
454 5206 654 5250 omnes
686 5196 1060 5250 recesserunt
1088 5206 1117 5247 a
1152 5192 1338 5247 nobis.
1377 5192 1495 5260 Ego
1528 5192 1691 5248 solus
1712 5207 1842 5249 cum
1867 5193 1992 5249 solo

330 5282 612 5338 monacho
644 5286 699 5339 et
733 5286 764 5338 3
796 5281 1193 5339 servientibus
1215 5279 1474 5352 capitulo
1511 5296 1600 5338 me
1644 5284 1991 5354 przcsentavi

328 5367 475 5427 Ecce
508 5370 665 5427 circa
698 5372 899 5428 horam
930 5370 1174 5426 terciam
1210 5369 1592 5441 advenerunt,
1630 5372 1864 5428 conscio
1898 5388 1988 5443 eo,

330 5458 562 5529 quidam
583 5463 939 5529 nostrorum,
964 5462 1311 5516 accusantes
1333 5473 1421 5514 me
1445 5458 1502 5515 in
1516 5459 1815 5533 eapitolio,
1837 5464 1990 5533 quod

2107 4657 2227 4719 tia;
2262 4661 2323 4713 et
2352 4655 2487 4711 dum
2534 4655 2758 4712 ruinam
2807 4657 2969 4726 quasi
3021 4658 3210 4714 vitare
3263 4656 3443 4728 volui,
3493 4654 3750 4711 immanis

2108 4744 2419 4817 praecipitii
2450 4743 2517 4777 "7
2550 4745 2849 4801 baratrum
2886 4744 3125 4802 incurri.
3164 4748 3278 4803 Hoc
3311 4745 3464 4802 enim
3496 4744 3552 4800 in
3602 4742 3748 4798 facto

2106 4850 2211 4891 nec
2262 4834 2389 4904 ejus
2440 4833 2753 4889 amicitiam
2805 4836 3169 4906 recuperavi,
3223 4849 3393 4906 quam
3448 4844 3747 4904 numquam

2106 4925 2302 4995 habui,
2366 4939 2471 4980 nec
2529 4924 2947 4980 monachorum
3009 4930 3347 4981 nostrorum
3408 4922 3747 4987 caritatem;

2106 5014 2242 5086 quin
2270 5014 2488 5086 potius,
2518 5012 2675 5085 quod
2700 5013 2808 5084 ipsi
2834 5015 3180 5085 querebant,
3206 5014 3275 5070 ad
3311 5013 3463 5085 quod
3495 5009 3749 5069 intende-

2105 5105 2264 5175 bant,
2290 5104 2476 5176 patris
2499 5102 2689 5159 nostri
2706 5102 3072 5161 Divionensis
3091 5107 3150 5160 et
3166 5100 3409 5160 fratrum
3424 5105 3749 5158 nostrorum

2107 5193 2549 5251 unanimitatem
2579 5191 2815 5249 offendi.
2848 5193 2918 5248 Et
2951 5193 3183 5263 quidem
3213 5193 3361 5250 satis
3391 5192 3581 5263 digne.
3617 5189 3749 5245 Nam

2105 5299 2208 5357 pro
2236 5283 2464 5340 meritis
2497 5287 2624 5338 acta
2660 5297 2754 5339 res
2777 5286 2890 5353 est,
2928 5287 2989 5339 ut
3023 5283 3120 5354 qui
3153 5282 3363 5340 malum
3398 5283 3645 5341 feceram
3674 5313 3751 5326 —

2105 5371 2257 5445 quod
2298 5374 2523 5428 certum
2570 5376 2662 5427 est
2712 5370 2923 5427 malum
2974 5370 3111 5427 mihi
3154 5386 3303 5443 esse,
3356 5371 3537 5430 bonos
3586 5389 3616 5431 a
3665 5392 3749 5433 me

2105 5460 2392 5518 mittendo
2425 5465 2485 5516 ut
2520 5459 2746 5519 veniret
2785 5461 3021 5533 bonum,
3050 5460 3220 5534 cujus
3266 5463 3498 5520 venturi
3543 5463 3748 5524 nullam

1928 5587 2152 5647 NOTE.

396 5652 465 5692 ⁴²⁷
499 5653 680 5731 pcipii
706 5666 755 5714 ο.
