3894 6446
160 470 268 532 861

1392 468 1890 538 CHRONICON.
1929 513 2001 524 -—
2030 476 2186 543 LIB.
2234 470 2308 546 II.

3446 501 3562 566 362

157 603 437 701 habebam
459 604 892 701 confidentiam,
914 604 1014 701 sed
1038 604 1791 701 plenariam‘diffiden_tiam,
1823 611 1880 670 A
1909 610 2100 701 ciente
2127 620 2184 670 et
2217 616 2514 690 laudante,
2541 620 2930 681 hereditatem
2963 640 3125 684 suam
3160 629 3215 687 in
3239 633 3562 701 Agerniaco

155 693 773 764 utimprasentiarum
816 699 996 765 patet,
1048 695 1174 766 ipse
1201 711 1306 752 nec
1364 696 1577 752 bonum
1624 697 1796 753 habe-

156 796 273 837 rem
309 783 461 852 quod
494 797 607 838 non
641 783 972 853 credebam,
1021 790 1075 839 et
1119 784 1272 853 quod
1332 785 1614 842 habebam
1672 800 1799 856 per-

158 869 376 940 derem,
414 870 633 926 ut-sola
667 872 900 926 vexatio
944 871 1306 928 intellectum
1353 872 1517 927 daret
1549 873 1794 931 auditui.

152 958 362 1030 Recepi
397 959 765 1030 postmodum
798 959 1224 1016 absolutionem
1260 975 1289 1015 a
1321 961 1620 1031 Lugduno,
1686 977 1797 1018 non

156 1053 342 1103 tamen
378 1061 482 1118 per
512 1062 664 1117 eum,
699 1048 832 1116 quia
866 1063 971 1118 per
1012 1048 1538 1119 archiepiscopum,
1562 1054 1618 1104 et
1653 1050 1801 1106 inte-

154 1136 257 1190 rim
291 1136 427 1191 dum
461 1136 670 1191 absens
704 1136 810 1191 fuit
866 1136 1079 1206 quievi,
1142 1137 1252 1191 nisi
1305 1139 1459 1207 quod
1500 1138 1690 1193 omnia
1741 1138 1797 1193 in

150 1224 317 1299 pejus
366 1238 538 1280 ruere
584 1223 849 1280 videbam
882 1239 988 1294 pro
1030 1225 1411 1281 destitutione
1459 1225 1702 1296 ordinis,
1738 1231 1798 1281 et

152 1311 459 1368 emendare
518 1312 775 1382 nequivi,
835 1313 967 1382 quia
1026 1313 1188 1369 solus
1237 1327 1414 1369 eram.
1467 1315 1623 1370 Tunc
1671 1315 1797 1386 cepi

155 1400 371 1456 sentire
414 1399 554 1470 quid
609 1401 1035 1471 cogitaverant,
1090 1401 1228 1471 quid
1278 1405 1793 1472 attemptaverant,

155 1487 287 1558 quid
323 1488 639 1543 machinati
685 1488 933 1558 fuerant,
986 1504 1116 1544 cum
1159 1491 1276 1560 jam
1325 1489 1635 1545 emendare
1683 1504 1795 1545 non

155 1579 435 1647 poteram.

221 1664 457 1719 Interim
492 1664 597 1719 feci
626 1679 825 1735 pacem
857 1680 1007 1734 cum,
1043 1664 1324 1721 Rainaldo
1349 1664 1420 1720 de
1452 1665 1789 1738 Granciaco,

157 1752 248 1822 qui
280 1751 689 1823 frequentibus
721 1752 1143 1823 irruptionibus
1166 1760 1225 1808 et
1255 1753 1793 1825 depradationibus

155 1841 341 1897 omnia
374 1844 575 1896 nostra
611 1842 1015 1911 perturbabat,
1048 1845 1105 1897 et
1147 1842 1282 1912 quia
1309 1841 1528 1910 justam
1559 1856 1789 1898 causam

155 1924 432 2020 habebat,
474 1933 544 1985 60
598 1929 648 2020 ei
696 1928 918 1985 solidos
965 1930 1293 2020 composui.
1356 1932 1569 2020 Pacem
1612 1931 1788 2020 etiam
1817 1960 1871 2020 Β

150 2031 277 2073 cum
307 2016 554 2073 Widone
583 2016 654 2072 de
684 2017 992 2073 Luciniaco
1024 2018 1203 2073 fratre
1243 2018 1389 2088 ejus,
1424 2021 1481 2073 et
1540 2017 1610 2073 de
1656 2016 1789 2073 fedo

155 2108 302 2175 quod
358 2105 866 2176 calumpniabatur
913 2106 1058 2175 duos
1127 2106 1179 2161 ei
1241 2107 1467 2162 modios
1531 2111 1592 2161 et
1657 2112 1790 2161 octo

156 2195 447 2251 sextarios
480 2195 724 2264 reddidi,
752 2194 886 2249 dum
912 2199 1073 2251 tutor
1090 2200 1248 2250 esset
1278 2195 1530 2252 filiorum
1557 2193 1789 2250 Tebaldi

152 2282 307 2346 Ruﬁ;
341 2288 615 2353 quartum
647 2283 784 2338 mihi
817 2282 987 2338 laude
1021 2284 1221 2339 uxoris
1262 2299 1382 2339 sua
1430 2289 1490 2338 et
1534 2282 1792 2338 filiorum

150 2371 406 2442 donavit,
442 2371 761 2427 hominium
797 2372 925 2441 feci,
957 2377 1016 2426 et
1061 2371 1404 2427 ﬁdelitatem
1440 2372 1682 2441 juravit.

225 2460 340 2529 His,
363 2460 459 2530 qui
485 2459 788 2528 graviores
828 2464 1017 2529 erant,
1051 2460 1129 2514 ita
1166 2460 1409 2532 pacatis,
1444 2474 1549 2530 pro
1584 2459 1793 2516 Walte-

153 2547 235 2602 rio
268 2549 337 2603 de
371 2547 610 2617 [nsulis,
644 2562 813 2618 quem
860 2547 1366 2619 calumpniabatur
1425 2547 1791 2605 Gislebertus

148 2635 416 2692 Mischius
474 2640 540 2691 35
573 2635 792 2691 solidos
822 2635 971 2700 dedi,
1010 2642 1067 2692 et
1101 2652 1205 2707 pro
1247 2635 1366 2692 ﬁlio
1404 2634 1628 2692 sororis
1665 2651 1794 2704 e,us

147 2722 419 2780 7solidos
493 2728 547 2778 et
611 2728 793 2778 totam
852 2739 1051 2780 eorum
1132 2724 1467 2795 progeniem
1536 2725 1791 2794 quietam

152 2818 345 2868 sancto
371 2814 556 2869 Petro
586 2819 642 2867 et
678 2817 885 2869 sancto
917 2812 1183 2882 Prejecto
1215 2813 1344 2869 feci.
1376 2815 1581 2869 Actum
1612 2811 1794 2870 Flavi-

148 2899 325 2957 niaco.

220 2989 422 3045 Ducem
475 3004 584 3060 pro
650 2988 1009 3045 salvamento
1078 2990 1246 3061 (212),
1315 2990 1469 3060 quod
1529 2989 1793 3045 homines

150 3076 327 3131 nostri
359 3078 430 3133 de
459 3076 691 3133 Galiaco
721 3081 923 3133 contra
952 3076 1048 3147 jus
1080 3082 1140 3133 et
1169 3093 1336 3134 usum
1370 3078 1423 3132 ei
1453 3076 1591 3132 dare
1637 3077 1796 3133 vole-

151 3163 300 3235 bant,
353 3166 747 3223 Flaviniacum
799 3165 998 3222 venire
1054 3166 1195 3233 feci;
1243 3171 1301 3222 et
1353 3180 1457 3236 per
1509 3165 1791 3235 judicium

148 3252 314 3309 curia
346 3259 565 3310 nostra
599 3259 658 3310 et
691 3268 830 3324 sua,
876 3254 1007 3324 quia
1049 3255 1261 3311 foedum
1312 3260 1579 3310 nostrum
1619 3253 1793 3309 habe-

148 3336 260 3410 bat,
297 3341 718 3397 salvamentum
752 3342 938 3413 ipsum
971 3342 1251 3414 vurpivit.
1289 3342 1389 3398 Cui
1434 3355 1542 3411 ego
1579 3355 1791 3411 equum

149 3432 372 3484 centum
407 3429 730 3486 solidorum
775 3444 878 3502 pro
920 3430 1140 3487 honore
1170 3430 1325 3486 dedi.

215 3514 491 3573 Arnul.us
520 3516 694 3571 etiam
718 3517 790 3573 de
825 3517 1136 3584 Grosboes,
1169 3520 1409 3588 accepta
1439 3529 1470 3570 a
1501 3514 1669 3571 nobis
1702 3528 1792 3570 so-

147 3599 380 3672 cietate,
419 3608 477 3660 et
514 3608 579 3659 15
621 3604 823 3661 solidis
858 3620 962 3676 pro
1003 3604 1282 3673 earicate,
1335 3603 1481 3659 duas
1546 3601 1793 3658 familias

148 3685 213 3742 de
246 3689 391 3747 lado
423 3691 610 3748 sancti
634 3692 790 3747 Petri
822 3692 878 3746 in
913 3691 1171 3748 Cleriaco
1192 3694 1249 3746 et
1274 3690 1597 3760 Agerniaco
1619 3688 1791 3744 nobis

147 3775 391 3833 reddidit
432 3785 493 3836 et
533 3780 771 3836 tertiam
813 3780 979 3837 nobis
1021 3784 1224 3837 contra
1268 3782 1581 3849 Aymonem
1622 3776 1789 3833 Lovel

147 3864 378 3922 militem
410 3873 677 3925 nostrum
699 3869 1074 3941 conquisivit.
1111 3868 1386 3924 Reddidit
1425 3872 1482 3923 et
1524 3880 1788 3923 mansum

149 3966 313 4010 unum
342 3956 397 4012 in
431 3958 793 4014 Cavanniaro
827 3959 896 4014 de
932 3962 1087 4014 terra
1120 3957 1307 4014 sancti
1347 3957 1504 4012 Petri
1548 3956 1617 4011 de
1658 3955 1788 4011 fedo

148 4054 248 4097 suo
289 4044 624 4111 Flaviniaci,
655 4047 887 4103 vidente
920 4049 985 4102 R.
1013 4049 1248 4118 majore,
1286 4050 1346 4102 et
1378 4045 1499 4100 filio
1529 4044 1788 4114 ejusdem

147 4130 378 4189 Arnulfi.
425 4136 635 4192 Actum
668 4138 701 4190 4
742 4136 880 4192 feria
913 4135 1116 4206 jejunii
1160 4134 1379 4190 mensis
1407 4133 1783 4204 Septembris.

219 4227 391 4295 Aymo
424 4237 656 4294 quoque
689 4223 759 4279 de
789 4223 1052 4280 Griniaco
1075 4222 1392 4278 hominium
1426 4219 1784 4290 recognovit.

144 4317 199 4369 et
225 4318 421 4370 noster
457 4319 647 4369 lactus
678 4317 786 4368 est.
811 4312 1127 4368 Walterius
1158 4325 1384 4367 necnon
1416 4311 1484 4367 de
1516 4308 1788 4364 Grinione

146 4415 245 4476 pro
275 4402 390 4459 ﬁlio
422 4416 533 4460 suo
565 4401 849 4458 monacho
890 4406 1106 4456 terram
1147 4413 1410 4469 magnam
1448 4402 1505 4454 et
1556 4400 1786 4469 pratum

146 4490 201 4547 in
230 4491 643 4549 dominicatnm
661 4493 828 4561 juxta
854 4487 1200 4545 Corticellas
1224 4486 1391 4544 multi
1424 4486 1601 4558 precii
1624 4499 1789 4541 sanc-

146 4582 202 4635 to
229 4580 492 4651 Prejecto
523 4580 704 4637 dedit.
742 4583 946 4636 Actum
973 4578 1067 4634 die
1096 4579 1243 4634 festo
1276 4577 1328 4631 S.
1364 4575 1520 4633 Petri
1561 4574 1633 4631 ad
1663 4574 1788 4631 vin-

143 4666 283 4723 cula.

212 4755 492 4828 Raynerio
523 4756 596 4813 de
620 4756 872 4827 Diusmo,
896 4770 1001 4827 pro
1032 4752 1377 4825 quibusdam
1418 4750 1790 4824 compositio-

149 4842 333 4914 nibus,
367 4845 581 4918 quibus
623 4848 787 4902 terra
826 4845 897 4900 de
956 4842 1254 4914 Epilianco
1307 4842 1674 4900 vastabatur.
1724 4839 1792 4895 30

147 4931 355 4991 solidos
401 4934 580 4991 dedit.

215 5020 373 5092 Hugo
397 5022 468 5078 de
494 5023 703 5080 Asiaco
739 5026 977 5095 accepta
1006 5036 1037 5078 a
1060 5020 1227 5077 nobis
1250 5018 1533 5077 societate
1554 5022 1615 5074 et
1637 5023 1670 5073 7
1693 5032 1790 5073 so-

150 5102 277 5165 lidis
296 5125 403 5182 pro
427 5112 682 5169 caricate
705 5112 863 5168 dedit
895 5115 1098 5167 sancto
1119 5111 1295 5165 Petro
1318 5108 1587 5164 feminam
1606 5105 1815 5163 Walo—'

150 5195 236 5253 nis
273 5201 555 5272 sacrista,
589 5200 861 5257 laudante
902 5200 1023 5255 filio
1062 5214 1190 5269 suo,
1230 5203 1287 5255 et
1329 5198 1474 5255 alias
1512 5196 1792 5269 quasdam

154 5281 220 5341 de
251 5288 522 5358 progenie
560 5289 709 5360 ejus,
750 5288 1018 5344 feminam
1057 5286 1283 5343 scilicet
1317 5285 1611 5342 Cristiani.

221 5372 471 5441 Quedam
495 5376 953 5434 sanctimonialis
975 5375 1162 5433 sancti
1184 5375 1463 5431 Johannis
1487 5376 1792 5443 Eduensis,

152 5470 323 5519 soror
354 5465 625 5536 Aymonis
656 5464 850 5535 Lovel,
884 5464 1088 5518 eodem
1122 5464 1299 5518 fratre
1331 5478 1435 5517 suo
1468 5461 1701 5517 vidente
1718 5462 1795 5517 fa-

1911 700 2082 756 sitam
2106 702 2161 758 in
2184 705 2559 795 terriscultis
2581 710 3225 787 etincnltis,mancipiis
3251 700 3562 795 utriusque

1909 801 2102 858 sexus,
2129 796 2330 884 sancto
2352 794 2527 849 Petro
2550 799 2904 856 contradens
2930 815 3110 872 super
3133 803 3319 862 altare
3341 794 3558 884 posuit,

1909 889 1978 929 ea
2009 877 2347 936 conditione
2372 888 2435 936 ut
2467 884 2658 954 neptis
2689 886 2815 956 ejus
2847 903 3017 944 soror
3056 891 3311 960 Hugonis
3344 877 3425 952 Ide
3457 877 3562 957 Cu;

1912 964 2303 1058 renciaco,_ea
2346 968 2599 1058 obeunte
2637 972 2748 1058 illa
2817 977 3130 1048 potiretur,
3173 986 3229 1035 et
3272 989 3403 1053 post
3436 987 3563 1058 ejus

1909 1048 2133 1105 obitum
2203 1052 2458 1110 dominio
2506 1057 2788 1115 acclesia
2838 1048 3293 1122 Flaviniacencis
3360 1048 3560 1128 eadem

1908 1137 2264 1205 proveniret.
2309 1142 2609 1198 Defunctis
2639 1146 2923 1217 utrisque,
2963 1148 3033 1205 de
3071 1151 3415 1211 hareditate
3457 1173 3563 1215 nos

1909 1224 2270 1315 vestivimus.
2308 1229 2378 1284 Et
2408 1244 2538 1285 cum
2574 1231 3002 1305 calumpniatur
3040 1241 3358 1308 pradictus
3397 1245 3559 1315 Hugo

1902 1311 2124 1379 judicio
2157 1315 2311 1384 dato,
2357 1317 2503 1373 duos
2545 1317 2838 1389 legitimos
2876 1324 3135 1382 homines
3175 1311 3561 1399 produximus

1916 1399 2187 1488 pradicti
2233 1401 2391 1457 fundi
2445 1418 2676 1462 servum
2736 1409 2830 1477 qui
2882 1411 3105 1479 pariter
3144 1412 3317 1470 datus
3357 1420 3467 1488 est,
3500 1426 3561 1475 et

1907 1487 2290 1545 ministralem
2327 1490 2588 1559 ejusdem
2626 1494 2787 1551 fundi
2818 1499 3004 1553 nostri
3038 1501 3136 1571 qui
3170 1501 3453 1575 interfuit,
3498 1515 3559 1563 et

1907 1578 2156 1648 probare
2187 1578 2494 1636 voluerunt
2536 1581 2746 1638 donum
2780 1584 2858 1640 ita
2902 1586 3137 1644 factum.
3174 1591 3556 1663 Expectatum

1904 1666 2097 1718 tamen
2138 1666 2230 1720 est
2269 1669 2331 1721 ut
2380 1666 2684 1724 audiretur
2724 1669 2875 1726 idem
2918 1672 3200 1741 judicium
3251 1676 3306 1731 in
3350 1679 3554 1750 majori

1901 1750 2064 1807 curia
2098 1754 2303 1807 Actum
2335 1756 2684 1823 Agenniaco.
2738 1758 2830 1815 Sic
2859 1763 3078 1817 terram
3122 1762 3445 1823 habuimus.

1971 1839 2209 1895 Redemi
2238 1841 2413 1897 etiam
2446 1842 2593 1899 duos
2624 1858 2879 1918 mansos,
2916 1854 2938 1903 1
2985 1849 3136 1907 intra
3189 1854 3410 1910 curiam
3456 1857 3558 1912 La-

1902 1924 2056 1997 liaci,
2090 1927 2264 1984 alium
2306 1935 2474 1985 extra
2513 1933 2755 2003 curiam,
2803 1935 3103 1994 solventes
3133 1954 3363 2012 quoque
3405 1957 3555 2001 anno

1903 2016 1969 2066 12
2000 2012 2288 2084 denarios,
2323 2019 2357 2071 2
2386 2015 2610 2086 solidis,
2644 2034 2774 2075 cum
2806 2020 2921 2077 iret
2956 2023 3284 2095 Hispaniam
3333 2028 3557 2086 Folcui-

1902 2114 2030 2156 nus.
2065 2102 2270 2158 Actum
2318 2103 2669 2161 Flaviniaco.
3448 2170 3455 2178 ,

1972 2187 2334 2246 Adelelmum
2363 2204 2596 2262 quoque
2626 2197 2686 2248 et
2707 2197 3043 2265 progeniem
3072 2200 3199 2269 ejus
3224 2202 3451 2272 optinui
3480 2207 3552 2261 ab

1901 2274 2104 2331 eodem
2131 2276 2408 2333 Folcuino
2441 2285 2507 2335 12
2538 2279 2762 2340 solidis.
2804 2285 3009 2340 Actum
3051 2286 3302 2345 Galiaco.

1972 2364 2331 2434 Tapetiolum
2358 2367 2555 2439 etiam,
2587 2370 2742 2438 quod
2795 2372 2987 2429 Carlet
3046 2372 3283 2447 dicitur,
3332 2378 3549 2435 redemi

1901 2457 1932 2507 5
1976 2453 2198 2510 solidis.

1974 2541 2116 2611 (Fol.
2153 2542 2301 2613 139.)
2342 2545 2481 2601 Duci
2514 2560 2725 2616 equum
2759 2555 2780 2604 1
2829 2548 2962 2606 dedi
3016 2557 3082 2608 10
3118 2553 3398 2611 librarum
3442 2572 3551 2627 pro

1901 2628 2216 2685 insolentia
2246 2631 2419 2688 unius
2451 2634 2762 2692 servientis
2785 2638 2990 2709 nostri,
3024 2644 3084 2695 et
3129 2641 3254 2713 ipse
3294 2643 3553 2702 laudavit

1901 2717 2070 2773 nobis
2100 2718 2311 2774 donum
2347 2720 2500 2790 quod
2534 2721 2782 2792 quilibet
2809 2725 2973 2783 miles
3002 2727 3129 2796 ejus
3175 2730 3246 2785 de
3276 2731 3408 2788 fedo
3445 2748 3551 2790 suo

1903 2805 2123 2861 faceret
2171 2806 2628 2866 Flaviniacencis
2694 2815 2981 2872 ecclesia.

1973 2894 2254 2951 Walterio
2311 2896 2381 2951 de
2434 2898 2577 2953 Tilio
2630 2899 2686 2955 in
2739 2902 3094 2971 adjutorium
3158 2906 3424 2965 ecclesia
3481 2908 3551 2966 de

1901 2982 2194 3039 Prisciaco
2216 2997 2427 3054 equum
2461 3001 2635 3043 unum
2668 2993 2735 3043 50
2755 2989 3079 3048 solidorum
3113 2993 3264 3050 dedi.

1902 3070 2096 3127 Erleio
2144 3075 2205 3126 et
2250 3073 2473 3129 Widoni
2517 3075 2764 3133 dominis
2812 3078 3164 3137 Coltiearum
3218 3086 3286 3138 40
3334 3083 3554 3142 solidos

1904 3158 2060 3229 dedi,
2085 3162 2141 3215 et
2180 3160 2290 3230 ipsi
2333 3162 2716 3233 vurpiverunt
2759 3181 2960 3223 omnes
3001 3169 3183 3225 malas
3243 3180 3554 3230 consuetu-

1904 3247 2070 3304 dines
2101 3248 2156 3303 in
2199 3249 2468 3306 Colticas.

1973 3338 2031 3391 In
2055 3338 2332 3394 thesauro
2355 3339 2620 3398 ecclesia
2652 3342 2759 3399 hec
2781 3343 2977 3399 addita
3011 3352 3165 3415 sunt,
3199 3345 3549 3406 ﬂlacterium

1903 3425 2055 3494 quod
2111 3424 2272 3481 dedit
2313 3428 2632 3485 Walterius
2687 3432 3005 3489 monachus
3062 3433 3133 3489 de
3175 3434 3354 3505 Grin.,
3419 3452 3550 3494 cum

1902 3512 2173 3584 mappula
2200 3515 2463 3586 pretiosa
2502 3522 2561 3572 et
2596 3517 2726 3574 alba
2766 3526 2988 3591 parata.
3034 3522 3268 3579 Cortina
3304 3530 3326 3578 1
3378 3540 3547 3595 quam

1902 3601 2065 3657 dedit
2105 3603 2416 3660 Teubodus
2447 3619 2577 3661 cum
2609 3607 2853 3662 mantili.
2914 3607 3073 3666 Alba
3116 3616 3146 3665 5
3195 3625 3338 3681 quas
3385 3614 3549 3684 Hugo

1902 3691 2220 3747 monachus
2248 3691 2319 3747 de
2351 3691 2645 3750 Belloloco
2670 3696 2926 3752 moriens
2955 3697 3091 3752 mihi
3117 3698 3275 3754 misit
3297 3715 3427 3756 cum
3456 3717 3549 3758 ca-

1900 3777 2010 3834 lice
2041 3784 2341 3849 argenteo,
2378 3781 2475 3850 qui
2517 3786 2609 3837 est
2659 3784 2811 3854 apud
2854 3785 3290 3842 Bellumlocum.
3326 3788 3549 3847 Calices

1897 3871 1950 3937 2,
1986 3882 2134 3923 unus
2165 3868 2221 3923 in
2262 3872 2388 3923 toto
2430 3869 2770 3942 deauratus,
2813 3887 2961 3942 quos
2996 3873 3181 3929 Wallo
3236 3877 3550 3933 monachus

1898 3956 1969 4012 de
2000 3956 2152 4011 Roca
2186 3956 2342 4027 fecit,
2378 3972 2506 4014 cum
2550 3972 2733 4030 cappa
2774 3963 2797 4016 1
2846 3960 2917 4017 de
2955 3961 3133 4032 pallio
3162 3968 3218 4018 et
3248 3964 3447 4020 casula
3487 3970 3546 4020 et

1898 4043 2065 4100 stolis
2092 4047 2125 4098 2
2152 4049 2212 4098 et
2248 4043 2400 4101 albis
2430 4049 2462 4101 4
2493 4046 2655 4103 Alba
2686 4052 2719 4102 2
2760 4062 2906 4119 quas
2957 4050 3098 4107 fecit
3143 4052 3436 4121 Gyrardus
3477 4053 3547 4109 de

1898 4131 2156 4188 Colticis.
2193 4132 2338 4188 Alba
2372 4136 2396 4189 1
2433 4134 2489 4189 in
2517 4134 2741 4204 capella
2765 4142 2990 4208 nostra,
3018 4153 3187 4208 quam
3212 4139 3347 4193 mihi
3383 4139 3544 4195 dedit

1897 4221 2051 4277 Bovo
2085 4220 2157 4276 de
2191 4222 2319 4291 Bar,
2352 4221 2603 4277 Baldrici
2646 4223 2800 4279 ﬁlius
2840 4240 3017 4296 super
3059 4226 3283 4297 Albam,
3318 4228 3548 4298 quando

1896 4313 2093 4364 noster
2135 4308 2322 4365 factus
2367 4314 2478 4364 est.
2533 4310 2943 4380 Supersedium
2998 4319 3046 4369 1.
3083 4314 3320 4370 Redemi
3370 4316 3545 4372 etiam

1898 4396 2195 4468 palliolum
2220 4411 2395 4453 unum
2428 4400 2497 4454 30
2525 4397 2725 4454 solidis
2752 4404 2815 4455 et
2844 4400 2914 4456 de
2938 4416 3007 4456 eo
3029 4400 3264 4458 Iimbum
3287 4403 3342 4458 in
3367 4403 3544 4474 pallio

1898 4499 2013 4556 quo
2042 4499 2258 4556 corpus
2290 4486 2479 4541 sancti
2521 4485 2770 4555 Prejecti
2814 4488 3140 4545 involutum
3183 4490 3289 4546 fuit
3330 4494 3434 4547 300
3483 4496 3542 4547 et

1897 4588 1967 4629 eo
1997 4573 2246 4645 amplius
2274 4574 2462 4644 annis,
2489 4574 2616 4630 feci.

1813 4657 1870 4719 D
1972 4662 2189 4720 Bovoni
2222 4662 2505 4733 pradicto
2536 4663 2607 4719 de
2632 4664 2761 4733 Bar,
2795 4680 2923 4721 cum
2955 4665 3109 4737 apud
3148 4666 3542 4723 Flaviniacum

1903 4752 2231 4822 requireret
2264 4766 2294 4807 a
2328 4765 2417 4807 me
2448 4752 2659 4808 foedum
2693 4767 2882 4821 suum,
2914 4755 3048 4824 quia
3082 4754 3325 4811 haberet
3366 4755 3542 4811 filiam

1901 4839 2182 4910 Folcuini,
2200 4840 2271 4895 de
2285 4853 2490 4896 sorore
2511 4840 2741 4896 abbatis
2766 4840 3004 4912 Odonis,
3031 4843 3127 4912 qui
3153 4843 3301 4898 idem
3324 4843 3543 4899 fecerat

1903 4932 2323 4998 casamentum,
2356 4927 2415 4984 id
2446 4934 2539 4984 est
2579 4928 3000 4986 salvamentum
3038 4929 3332 4987 hominum
3356 4931 3542 4987 sancti

1902 5017 2083 5087 Petri,
2119 5016 2216 5088 qui
2248 5020 2386 5073 sunt
2410 5016 2467 5072 in
2496 5021 2692 5074 castro
2732 5018 2831 5075 illo
2846 5019 3010 5075 velin
3042 5019 3272 5075 villisin
3288 5019 3542 5076 circuitu

1903 5105 2109 5168 castri.
2143 5105 2302 5162 nolui
2334 5104 2386 5161 ei
2420 5106 2491 5161 ad
2531 5106 2764 5177 plenum
2806 5108 3070 5177 reddere,
3116 5108 3248 5178 quia
3285 5108 3541 5177 legeram

1904 5197 2125 5251 cartam
2142 5196 2414 5264 quantam
2439 5192 2649 5249 factam
2670 5194 3002 5251 hominibus
3015 5195 3195 5251 castri
3232 5194 3539 5265 ltlesensis,

1907 5283 2004 5355 qui
2024 5287 2162 5340 sunt
2190 5281 2377 5339 sancti
2394 5281 2576 5349 Petri,
2607 5286 2664 5337 et
2697 5284 2943 5340 verebar
2970 5282 3209 5339 neidem
3231 5288 3541 5340 essentaut

1906 5374 1978 5428 de
2010 5372 2247 5428 eisdem.
2281 5373 2488 5427 Tamen
2533 5385 2664 5428 cum
2695 5371 2861 5430 multi
2896 5375 3083 5428 testes
3131 5372 3540 5444 accessissent,

1909 5462 2064 5533 quod
2099 5460 2411 5518 Folcuinus
2451 5460 2600 5517 idem
2644 5461 3061 5518 salvamentum
3100 5460 3425 5536 habuisset,
3461 5461 3542 5521 ita

1687 5616 1695 5631 '
1730 5637 1957 5700 Now.

219 5751 361 5828 (212)
405 5752 786 5827 Selmtzgeld.

458 5851 721 5922 PATROL.
754 5850 968 5916 CLIV.

3280 5858 3350 5917 12
