3894 6448
384 428 502 503 363

1342 430 1710 497 HUGONIS
1752 426 2106 494 ABBATIS
2148 425 2832 495 FLAVINIACENSIS

3675 415 3802 498 964

386 571 670 644 concessi,
708 578 769 629 ut
802 570 847 629 si
871 586 978 642 ego
1011 582 1112 642 per
1142 575 1400 639 nostros,
1426 569 1606 625 misso
1638 565 1849 623 nuncio
1881 570 1939 621 et
1976 578 2037 619 re
2066 563 2122 622 A
2154 563 2207 619 in
2257 568 2287 619 3
2316 564 2500 634 annis,
2533 571 2568 622 2
2606 567 2904 625 mensibus
2948 567 3156 635 minus,
3209 567 3377 624 solidi
3431 570 3544 625 duo
3605 569 3797 638 milia.

386 663 711 733 explorata,
738 665 837 717 aut
873 661 984 731 ipsi
1018 658 1283 715 homines
1317 672 1421 729 per
1466 672 1530 713 se
1580 657 1739 728 ipsos
1788 655 2038 727 probare

387 751 720 823 potuissent
752 749 908 819 quod
936 761 1248 818 numquam
1282 746 1524 803 fuissent
1560 746 1614 800 in
1654 743 2034 813 salvamento,

387 838 564 895 nichil
595 838 648 894 ei
681 837 909 907 dabam,
946 836 1079 907 quia
1114 836 1297 905 magis
1329 834 1654 891 mcclesiam
1686 846 1857 902 quam
1906 844 2038 888 eum

386 926 714 997 diligerem.
752 925 849 981 Sin
882 925 1075 995 aliter,
1111 925 1356 979 haberet
1386 922 1537 993 quod
1571 922 1658 978 sui
1685 920 1837 990 juris
1858 922 2034 976 esset.

386 1017 454 1072 Et
479 1015 559 1071 ita
592 1017 797 1070 noster
832 1014 1021 1070 factus
1052 1016 1163 1083 est,
1207 1014 1636 1068 sacramentum
1682 1014 1874 1065 tamen
1924 1022 2038 1063 non

385 1103 583 1174 accepi
617 1117 683 1158 ea
719 1118 823 1174 pro
846 1113 1043 1159 causa.
1078 1104 1284 1157 Actum
1317 1099 1647 1155 Flaviniaco
1668 1098 1721 1153 in
1753 1096 2034 1153 claustro.

386 1193 586 1247 Testes
616 1210 628 1245 :
657 1189 952 1247 Gerardus
986 1189 1168 1261 prior,
1194 1188 1518 1257 Achadeus,
1544 1184 1901 1241 Helinandus
1922 1198 2041 1239 mo-

387 1279 594 1345 nachi;
640 1278 786 1349 layci
814 1297 827 1333 :
860 1280 1023 1347 Hugo
1064 1277 1431 1348 praepositus,
1458 1272 1812 1344 Raynaldus,
1837 1276 1893 1328 ct
1920 1286 2039 1328 ser-

384 1367 634 1437 vientes,
652 1366 983 1437 Raynaldus
999 1363 1480 1436 illiuspraepositi,
1498 1362 1802 1419 Gislerius.
1832 1363 1917 1417 Ab
1931 1361 2037 1417 hoc

386 1460 728 1511 casamento
754 1454 890 1511 illos
916 1456 986 1511 de
1014 1454 1222 1510 Arvico
1245 1452 1533 1520 subtraxi,
1565 1451 1635 1507 de
1665 1450 1877 1521 quibus
1908 1463 2039 1505 cen-

387 1557 513 1599 sum
565 1542 868 1613 habebam,
908 1557 1115 1599 caseos
1159 1540 1408 1610 scilicet,
1466 1538 1662 1595 etillos
1692 1538 1903 1608 quibus
1929 1536 2038 1592 fuit

367 1635 552 1687 icarta
588 1630 992 1686 facta.0mnes
1030 1644 1281 1701 quoque,
1316 1629 1364 1684 si
1397 1629 1649 1699 probare
1681 1626 2032 1697 potuissent,

392 1722 452 1774 ut
484 1719 626 1774 dixi.
661 1718 825 1783 Quod
859 1719 1047 1790 etipse
1077 1717 1353 1773 laudavit.

459 1806 559 1861 His
586 1806 821 1861 interim
855 1806 1087 1861 omissis
1112 1805 1413 1875 superiora
1440 1808 1793 1874 repetamus.
1821 1803 1939 1856 Non
1959 1805 2038 1855 ta-

2150 654 2413 725 exceptis
2443 654 2596 724 quod
2630 656 2828 712 datum
2868 662 2928 712 et
2960 657 3014 713 in
3048 672 3194 729 pane
3225 662 3285 712 et
3313 658 3445 714 vino
3476 664 3534 713 et
3567 658 3799 716 vestitu

2154 742 2484 812 fratrum,in
2511 745 2923 813 procuratione
2946 746 3325 817 hospitum,in
3348 746 3532 803 bobus
3550 747 3805 817 etequis

2148 835 2207 883 et
2237 830 2425 885 vineis
2453 836 2513 886 et
2540 831 2597 887 in
2626 833 2779 888 omni
2818 838 3023 888 nostro
3063 839 3347 905 apparatu
3388 838 3448 889 et
3488 835 3795 905 expensis.

2225 919 2310 973 Ab
2351 918 2756 976 incarnatione
2788 922 3033 989 Domini,
3069 926 3229 977 1099.
3259 921 3481 977 Abhinc
3523 922 3803 995 multipli-

2149 1009 2278 1062 cata
2310 1012 2446 1063 sunt
2475 1007 2623 1063 mala
2656 1009 2711 1063 in
2758 1014 2917 1064 terra
2970 1006 3206 1078 nostra,
3240 1010 3338 1065 sed
3374 1010 3479 1067 hec
3529 1011 3792 1067 interim.

2220 1096 2300 1149 Eo
2331 1109 2503 1165 anno,
2536 1096 2717 1167 prima
2756 1096 2896 1153 hora
2946 1097 3157 1163 noctis,
3211 1111 3240 1152 a
3288 1103 3452 1167 parte
3500 1099 3798 1169 aquilonis

2150 1181 2249 1237 lux
2272 1183 2476 1251 ingens
2501 1184 2665 1254 quasi
2690 1185 2844 1253 ignis
2865 1186 3128 1240 ardentis
3150 1185 3384 1256 emissa,
3402 1200 3585 1257 usque
3604 1201 3795 1258 prope

2150 1269 2494 1341 diluculum,
2528 1277 2759 1327 noctem
2794 1288 2975 1343 prope
3004 1272 3297 1328 convertit
3334 1273 3389 1329 in
3438 1273 3606 1329 diem.
3660 1275 3791 1341 Quo

2148 1358 2322 1413 etiam
2357 1373 2506 1416 anno
2548 1360 2772 1432 hiemps
2811 1361 2988 1417 solito
3022 1362 3283 1432 asperior
3322 1368 3456 1417 octo
3496 1363 3796 1420 continuis

2148 1446 2575 1521 ebdomadibus
2607 1449 2917 1518 inhorruit,
2953 1450 3031 1505 ita
3062 1454 3126 1505 ut
3154 1450 3391 1513 bestias,
3424 1464 3575 1519 aves,
3610 1450 3797 1506 homi-

2148 1550 2253 1590 nes
2312 1550 2541 1607 quoque
2588 1536 2901 1607 plerosque
2952 1537 3041 1591 vis
3092 1537 3311 1604 algoris
3359 1537 3641 1594 existeret
3696 1538 3789 1596 ⁸³⁸.

2150 1624 2403 1679 Fuerunt
2437 1625 2533 1694 qui
2567 1625 2853 1694 dicerent,
2892 1624 3083 1681 lucem
3115 1624 3273 1680 illam
3288 1625 3480 1681 datam
3511 1640 3541 1682 a
3572 1628 3691 1683 Deo
3734 1629 3792 1682 in

2149 1726 2348 1767 necem
2397 1716 2453 1766 et
2497 1712 2881 1781 dejectionem
2932 1713 3406 1783 Sarracenorum,
3452 1714 3674 1771 ferente
3721 1730 3796 1771 eo

2150 1799 2505 1868 adjutorium
2533 1805 2591 1855 et
2625 1801 2778 1856 vires
2824 1802 3123 1872 prmbente
3148 1800 3675 1858 Jherosolimitanis
3716 1804 3792 1858 ad

391 1908 519 1950 men
551 1895 1075 1965 praetermittamus
1110 1894 1375 1949 feminam
1410 1891 1587 1959 illam,
1622 1906 1790 1961 quam
1821 1890 2039 1945 Deoda-
2068 1918 2121 1976 Β
2152 1889 2524 1943 sternendam
2547 1893 2607 1943 et
2629 1889 2860 1945 omnino
2883 1889 3335 1945 consumendam
3362 1889 3794 1947 multitudinem

389 1988 486 2039 tus
518 1985 758 2038 tenebat
793 1983 866 2039 de
897 1984 1121 2053 Noeirs,
1167 1997 1295 2052 quae
1339 1985 1538 2037 nostra
1581 1984 1730 2047 erat,
1769 1983 1826 2032 et
1872 1982 2039 2048 pater

388 2070 681 2140 dimidius,
742 2085 989 2141 quorum
1050 2078 1216 2127 erant
1247 2074 1281 2126 6
1314 2069 1437 2137 filii,
1473 2083 1621 2138 quos
1661 2068 1739 2122 ita
1769 2081 1899 2122 cum
1944 2067 2041 2121 ab-

394 2159 527 2215 bate
573 2159 760 2214 sancti
815 2158 1028 2214 Valerii
1081 2159 1320 2227 Hugone
1371 2156 1735 2228 partivimus,
1783 2154 1838 2208 in
1874 2158 2040 2224 parte

393 2247 656 2303 matris3
690 2246 861 2317 filios,
918 2247 975 2301 in
1025 2248 1210 2317 patris
1263 2260 1400 2301 vero
1448 2259 1624 2301 unum
1674 2248 1732 2299 et
1791 2242 2040 2297 alterum

391 2334 714 2406 dimidium,
739 2340 799 2390 et
817 2349 1057 2391 censum
1080 2334 1292 2405 capitis
1316 2333 1452 2388 mihi
1478 2333 1725 2405 primum
1747 2330 1900 2385 misit
1928 2344 2041 2385 ma-

390 2427 500 2478 ter.
532 2425 760 2479 Partem
801 2423 1051 2479 etiamin
1100 2422 1449 2491 Berengerio
1481 2426 1537 2475 et
1590 2419 1874 2475 fratribus
1893 2418 2038 2487 ejus,

391 2526 560 2582 quam
620 2512 883 2582 acceptis
952 2515 1020 2567 10
1082 2509 1287 2566 solidis
1314 2507 1633 2565 Rainaldus
1681 2506 1753 2562 de
1804 2504 2041 2577 Colpeio

392 2600 559 2655 nobis
575 2599 794 2655 dimisit

464 2688 647 2757 Igitur
679 2701 918 2743 reverso
949 2701 981 2743 a
1011 2687 1189 2742 Roma
1221 2686 1522 2756 episcOpo,
1548 2683 1776 2740 occurri
1801 2682 1852 2738 ei
1886 2680 2039 2753 apud

393 2774 753 2844 Sedelocum,
787 2780 843 2831 et
876 2774 1125 2843 benigne
1170 2777 1502 2844 susceptus,
1554 2771 1759 2827 osculo
1790 2769 2041 2848 donatus

393 2877 521 2919 sum
552 2868 611 2917 et
641 2862 869 2932 gratiis.
908 2861 1103 2917 Altera
1136 2862 1264 2917 vice
1296 2862 1368 2915 ab
1398 2875 1469 2916 eo
1501 2859 1715 2941 ibidem
1738 2862 2037 2927 evocatus,

401 2955 535 3020 post
559 2949 774 3005 multas
794 2948 1040 3018 injurias
1065 2949 1233 3004 finem
1258 2949 1329 3004 de
1360 2947 1630 3003 omnibus
1654 2962 1762 3018 pro
1789 2949 1852 3002 10
1873 2945 2043 3001 libris

397 3037 526 3092 feci.
564 3035 828 3103 Quesivit
858 3037 1053 3092 iturus
1084 3037 1153 3092 ad
1188 3050 1405 3106 regem,
1432 3040 1497 3093 ut
1530 3035 1739 3090 mulam
1763 3035 1872 3091 sibi
1899 3048 2041 3106 prae-

397 3129 637 3179 starem.
665 3125 805 3193 Ego,
838 3124 938 3194 qui
968 3123 1094 3192 ejus
1127 3138 1381 3179 amorem
1423 3124 1715 3191 sitiebam,
1765 3137 1933 3193 quem
1979 3126 2038 3178 et

395 3212 649 3267 sciebam
694 3212 984 3268 difficilem
1019 3212 1073 3266 in
1118 3212 1500 3282 adquirendo,
1554 3211 1738 3283 optuli
1790 3211 1843 3267 ei
1890 3212 2041 3282 opti-

395 3314 542 3355 mam
576 3300 811 3369 mulam,
847 3314 1017 3370 quam
1049 3313 1215 3355 manu
1253 3300 1322 3355 ad
1374 3315 1604 3355 manum
1635 3314 1887 3355 emeram
1937 3299 2040 3356 150

393 3388 601 3459 solidis
632 3393 693 3443 et
725 3387 857 3443 dedi
888 3389 961 3443 ei.
1000 3389 1070 3443 Et
1106 3388 1190 3443 sic
1220 3389 1462 3445 veniens
1490 3389 1562 3444 ad
1604 3392 1814 3444 festum
1851 3387 2038 3443 sancti

393 3476 640 3547 Nazarii,
680 3477 923 3532 honeste
972 3477 1025 3531 ei
1074 3476 1307 3546 servivi,
1359 3480 1418 3531 et
1467 3481 1672 3545 gratus
1717 3475 1881 3531 redii.
1927 3477 2039 3531 Pro

394 3565 611 3635 placito
643 3569 703 3619 et
726 3564 836 3619 line
871 3563 971 3619 illo
1011 3565 1302 3635 Stephano
1334 3564 1493 3621 dedit
1527 3569 1599 3620 20
1643 3563 1885 3633 solidos,
1928 3566 2039 3621 Hu-

393 3652 567 3708 baldo
588 3656 677 3721 20,
698 3652 927 3720 Hugoni
948 3651 1191 3722 Spiriac.
1219 3656 1304 3720 40,
1331 3652 1611 3708 Rainaldo
1652 3654 1740 3723 40,
1765 3652 2038 3709 Teubodo

394 3743 478 3810 to,
516 3740 740 3809 Hugoni
774 3740 968 3795 Misem
1001 3745 1053 3809 5,
1091 3740 1339 3797 Gosleno
1380 3746 1464 3797 10.

465 3831 577 3885 Pro
596 3844 748 3898 equo
767 3828 1010 3897 Gyrardi
1037 3829 1302 3885 monachi
1329 3828 1461 3886 dedi
1485 3846 1592 3902 pro
1614 3831 2037 3902 compositione

394 3916 588 3973 Miloni
617 3916 968 3973 constabulo
1009 3920 1076 3971 10
1108 3916 1343 3974 solidos.

462 4007 587 4061 Jam
622 4019 803 4076 prope
841 4004 1063 4061 oblitus
1094 4019 1251 4061 eram
1283 4005 1437 4077 quod
1470 4006 1697 4063 furnum
1751 4006 1904 4063 villa;
1945 4022 2037 4064 ca-

397 4092 791 4148 lumniabatur
822 4090 1054 4162 quidam
1088 4093 1465 4150 Erembertus
1495 4092 1566 4149 de
1581 4094 1944 4164 Massiviaco,
1978 4100 2038 4151 et

397 4180 766 4251 praebendam
797 4185 857 4235 et
886 4194 1151 4251 campum
1182 4181 1369 4237 sancti
1401 4182 1732 4252 Clementis,
1766 4183 1901 4252 quia
1930 4198 2036 4253 pro

395 4270 485 4326 his
514 4269 616 4325 300
640 4267 864 4324 solidos
896 4269 1138 4324 dederat
1170 4274 1339 4340 pater
1385 4285 1527 4326 suus
1578 4271 1762 4326 Odoni
1812 4272 2033 4342 abbati,

388 4361 634 4427 excepto
650 4355 803 4426 quod
818 4354 1190 4426 praebendam
1216 4371 1319 4428 pro
1354 4357 1659 4427 sepultura
1686 4372 1791 4413 sua
1826 4357 2041 4414 donas-

394 4450 506 4502 set.
542 4445 702 4500 Unde
732 4458 863 4501 cum
893 4458 983 4499 me
1012 4444 1213 4500 multis
1240 4444 1474 4515 placitis
1503 4450 1832 4515 gravasset,
1864 4450 1921 4501 et
1961 4448 2037 4502 ob

391 4547 702 4603 gravamen
738 4533 907 4588 homo
952 4532 1118 4588 ducis
1149 4536 1205 4587 et
1260 4533 1563 4602 praepositi
1610 4534 2037 4590 Sinemurcnsis

2156 1976 2434 2047 principis
2473 1976 2808 2045 Babiloniaz,
2864 1978 2961 2047 qui
3002 1982 3242 2033 venerat
3287 1977 3355 2032 ad
3408 1980 3795 2049 proterendos

2151 2079 2252 2119 eos
2286 2064 2383 2134 qui
2416 2064 2851 2121 Hierosolimam
2892 2070 3190 2137 ceperant,
3227 2081 3471 2136 quorum
3518 2082 3796 2126 numerus

2151 2157 2276 2207 erat
2320 2157 2383 2207 ut
2407 2166 2576 2207 arena
2615 2153 2812 2222 maris,
2846 2160 2904 2208 et
2936 2156 3009 2210 ob
3060 2155 3114 2210 id
3154 2153 3341 2210 lucem
3382 2153 3793 2217 divinitusdi-

2152 2246 2393 2310 rectam,
2447 2256 2517 2296 ne
2566 2241 2919 2311 christianis,
2974 2244 3071 2313 qui
3118 2258 3189 2298 eo
3239 2243 3331 2299 die
3375 2243 3794 2313 praeliabantur

2155 2328 2352 2398 prmlia
2377 2329 2617 2397 Domini,
2652 2330 2827 2386 etiam
2862 2331 2915 2386 in
2949 2336 3123 2387 nocte
3154 2330 3255 2388 lux
3285 2332 3507 2387 deesset
3548 2330 3619 2387 ad
3656 2347 3794 2389 con-

2150 2415 2448 2472 tritionem
2471 2418 2664 2486 gentis
2698 2419 2979 2475 adversae.
3012 2421 3215 2476 Utrum
3247 2420 3325 2475 ita
3349 2420 3444 2491 sit,
3477 2434 3544 2476 an
3590 2422 3792 2491 igneus

2153 2503 2251 2559 ille
2310 2504 2588 2576 splendor
2639 2507 2735 2577 qui
2794 2508 3085 2578 apparuit,
3120 2512 3177 2563 et
3228 2508 3410 2578 igneze
3466 2508 3579 2564 illae
3638 2510 3794 2567 acies

2154 2592 2561 2663 portender‘nt
2599 2595 2940 2651 effusionem
3006 2596 3240 2652 humani
3306 2596 3621 2666 sanguinis,
3657 2611 3791 2667 quae

2151 2695 2220 2735 eo
2251 2680 2344 2735 die
2384 2686 2444 2736 et
2476 2683 2745 2752 sequenti
2781 2684 2924 2740 facta
2955 2690 3065 2752 est,
3100 2684 3252 2740 sicut
3291 2683 3533 2753 legimus
3581 2685 3792 2741 factum

2150 2782 2280 2823 cum
2314 2768 2639 2825 immineret
2665 2770 2879 2826 bellum
2911 2771 3053 2827 illud
3079 2770 3437 2829 lacrimabile
3460 2773 3611 2827 inter
3644 2772 3792 2829 ﬁlios

2154 2854 2423 2912 Ludovici
2474 2858 2558 2912 Pii
2623 2859 3037 2929 imperatoris;
3111 2875 3178 2915 an
3237 2860 3528 2916 immineat
3591 2859 3787 2931 aliqua

2152 2944 2365 3000 mundo
2399 2944 2724 3016 tribulatio,
2767 2954 2831 3001 ut
2864 2947 3079 3016 legitur
3118 2949 3330 3004 factum
3362 2962 3489 3004 cum
3521 2962 3589 3004 eo
3641 2962 3789 3005 anno

2152 3046 2267 3102 quo
2304 3032 2632 3089 Ludovicus
2678 3050 2778 3089 rex
2809 3050 2838 3090 a
2871 3036 3131 3105 Hugonis
3162 3036 3342 3106 Magni
3386 3037 3794 3107 procuratione

2151 3125 2463 3191 separatus
2492 3126 2604 3192 est,
2638 3123 2870 3193 quando
2900 3123 3050 3179 idem
3085 3124 3311 3194 signum
3341 3125 3627 3196 apparuit,
3661 3140 3798 3196 por-

2151 3207 2397 3264 tendens
2429 3210 2832 3279 Hungarorum
2864 3216 3105 3283 pestem,
3140 3226 3269 3282 qua;
3310 3227 3440 3268 mox
3467 3212 3681 3268 acriter
3705 3214 3786 3269 in-

2149 3294 2351 3365 valuit,
2389 3296 2645 3353 viderint
2675 3312 2920 3368 quorum
2954 3301 3083 3371 opis
3111 3300 3179 3333 ‘”
3208 3304 3296 3356 est
3331 3300 3386 3356 id
3430 3301 3679 3371 experiri
3731 3308 3792 3357 et

2147 3397 2523 3452 cognoscere.
2568 3386 2702 3442 Visa
2745 3393 2835 3442 est
2867 3392 3060 3443 autem
3108 3387 3207 3444 lux
3250 3388 3307 3443 in
3353 3392 3520 3459 parte
3574 3389 3793 3459 aquilo-

2148 3472 2273 3526 nari
2339 3487 2545 3529 versus
2594 3474 2739 3531 solis
2782 3490 3075 3546 occasum,
3125 3481 3183 3531 et
3244 3480 3415 3532 nocte
3463 3475 3795 3533 declinante

2148 3561 2518 3631 respiciendo
2560 3564 2971 3633 porrigebatur
3019 3564 3072 3619 in
3105 3569 3319 3635 ortum,
3363 3564 3463 3620 sed
3497 3563 3795 3622 anteluca-

2146 3662 2280 3704 num
2315 3650 2673 3721 aliquantum
2689 3652 2941 3708 delituit.

2219 3739 2334 3796 Hoc
2366 3754 2515 3796 anno
2537 3741 2686 3796 obiit
2717 3741 2985 3798 Urbanus
3029 3756 3196 3814 papa,
3228 3742 3525 3798 Paschalis
3564 3757 3796 3800 succes-

2145 3828 2242 3885 sit.
2296 3827 2451 3884 Obiit
2502 3828 2747 3885 domnus
2776 3828 3060 3886 Rodulfus
3101 3830 3282 3886 abbas
3331 3830 3712 3887 Virdunensis
3761 3837 3794 3886 5

2147 3915 2269 3974 Kal.
2318 3918 2535 3989 Aprilis
2566 3917 2699 3988 (Jul.
2732 3920 2843 3989 29),
2886 3924 2944 3973 et
2974 3921 3136 3988 Hugo
3166 3919 3347 3976 abbas
3392 3920 3673 3976 Eduensis
3700 3920 3788 3977 ⁴³⁰.

2183 4004 2325 4076 (Fol.
2346 4009 2439 4062 141
2455 4008 2496 4077 .)
2512 4006 2721 4063 Verum
2739 4007 3135 4063 consideranti
3153 4008 3285 4063 mihi
3305 4007 3789 4079 dispensationem

2148 4094 2505 4150 admiranda
2520 4097 2579 4150 et
2605 4093 2918 4151 ineﬂ‘abilis
2943 4095 3374 4167 patientimtuze
3397 4100 3454 4151 et
3472 4096 3791 4153 misericor-

2148 4181 2279 4253 dia,
2315 4182 2485 4252 cujus
2508 4198 2620 4239 non
2649 4188 2742 4239 est
2774 4198 3052 4241 numerus
3098 4185 3153 4239 in
3193 4199 3300 4253 me,
3337 4184 3479 4241 libet
3519 4184 3789 4241 inherere

2146 4271 2604 4329 considerationi
2645 4272 3042 4328 miserationis
3066 4278 3201 4340 tuae,
3232 4287 3575 4344 quamquam
3613 4288 3790 4345 super

2149 4376 2238 4417 me
2290 4360 2405 4417 sint
2453 4361 2596 4430 haec,
2644 4360 2909 4417 Christe:
2944 4362 3234 4431 quomodo
3264 4366 3492 4433 raptum
3530 4362 3599 4418 ab
3621 4362 3789 4419 uber-

2148 4450 2281 4506 ibus
2292 4448 2495 4505 ditasti
2515 4448 2682 4504 donis
2696 4448 3270 4520 superhahundantis
3287 4448 3786 4521 pietatistuaa,tra-

2149 4537 2294 4593 dens
2323 4551 2411 4592 me
2443 4536 2830 4594 contubernio
2868 4551 3169 4594 servorum
3202 4541 3533 4607 tuorum,et
3558 4537 3782 4608 replens

395 4623 582 4678 factus
624 4625 801 4687 esset,
836 4625 893 4675 et
946 4624 1137 4676 testes
1185 4621 1469 4689 quosdam
1511 4636 1542 4676 e
1583 4622 1887 4699 fratribus,
1939 4621 2034 4693 qui
2066 4615 2119 4675 D
2149 4616 2335 4699 gratia
2366 4618 2426 4672 te
2458 4615 2824 4699 diligentium
2850 4617 3189 4699 {quomodo
3231 4619 3303 4673 ab
3332 4618 3565 4674 ineunte
3591 4622 3776 4686 aetate,

390 4711 502 4767 hoc
536 4709 826 4779 viderant,
858 4708 1258 4779 produxisset,
1289 4709 1376 4765 eis
1402 4709 1636 4766 omnino
1667 4709 1751 4765 illi
1773 4709 2038 4766 deficien-

393 4800 568 4868 tibus,
597 4798 881 4868 judicium
923 4797 1253 4867 habuimus,
1304 4796 1461 4868 quod
1511 4812 1711 4869 pacem
1759 4798 1931 4855 nobis
1979 4798 2037 4854 in

392 4893 695 4959 posterum
727 4876 1002 4942 contulit.

461 4974 547 5031 Ibi
580 4974 931 5046 praepositus
960 4974 1386 5032 Sinemurcnsis
1405 4988 1667 5032 mansum
1692 4976 1716 5030 1
1755 4974 2035 5032 vestitum

391 5062 446 5118 in
476 5061 815 5119 Massiniaco
844 5066 1047 5118 nostro
1080 5066 1285 5118 sancto
1317 5062 1493 5117 Petro
1520 5066 1579 5117 et
1608 5063 1813 5117 sancto
1841 5062 2035 5132 Preje-

390 5154 489 5206 cto
519 5148 679 5206 dedit
706 5165 811 5221 pro
844 5164 1041 5207 amore
1072 5154 1296 5219 nostro,
1316 5150 1579 5219 quietum
1609 5150 1682 5205 ab
1718 5149 1869 5205 omni
1901 5164 2035 5206 exa-

390 5239 606 5307 ctione,
657 5238 756 5309 qui
811 5240 983 5296 nobis
1048 5240 1225 5295 debet
1285 5252 1488 5294 omnes
1547 5238 2026 5295 consuetudines.

392 5328 598 5383 Actum
638 5325 990 5385 Flaviniaco.

2148 4712 2278 4754 cum
2306 4696 2424 4767 jam
2455 4695 2598 4750 irem
2629 4709 2736 4766 per
2754 4695 2921 4752 devia
2935 4696 3329 4766 etlubrica,et
3359 4711 3616 4767 praeceps
3644 4711 3779 4768 prae-

2145 4776 2443 4848 cipitatem
2485 4779 2717 4830 aetatem
2756 4790 3054 4845 sequerer,
3106 4775 3495 4832 confessionis
3527 4775 3777 4831 antidoto

2145 4872 2249 4913 cor
2280 4854 2567 4911 lubricum
2599 4854 2886 4911 medendo
2916 4855 3209 4926 rcSpirare
3231 4856 3480 4923 sinebas,
3498 4856 3555 4910 et
3574 4854 3778 4924 fugien-

2144 4941 2262 4992 tem
2295 4939 2352 4990 te
2386 4933 2632 5005 quadam
2674 4932 2880 4989 blanda
2910 4933 3207 5004 inopinata
3242 4948 3345 4990 nec
3386 4934 3616 5004 cognita
3651 4934 3778 4989 mihi

2145 5014 2465 5070 revocabas
2497 5012 2806 5069 dulcedine
2834 5031 2848 5080 ;
2883 5028 3114 5083 quoque
3148 5014 3334 5082 modo,
3372 5013 3469 5069 ubi
3497 5011 3618 5083 jugi
3656 5026 3782 5069 con-

2145 5095 2418 5151 fessionis
2431 5092 2687 5149 remedio
2710 5092 3133 5163 aliquantulum
3151 5098 3376 5150 tractus
3393 5091 3566 5148 didici
3598 5090 3783 5148 illece-

2145 5175 2313 5231 brosa
2338 5187 2566 5243 cavere,
2600 5187 2946 5244 quamquam
2970 5173 3223 5230 nondum
3256 5173 3487 5229 tederet
3500 5186 3589 5229 me
3613 5170 3684 5228 ad
3710 5171 3782 5228 in.

2140 5259 2370 5324 tegrum
2385 5254 2798 5325 perversitatis
2821 5268 2984 5325 meas,
3001 5255 3081 5310 ita
3099 5257 3160 5310 ut
3173 5268 3384 5311 scirem
3400 5252 3701 5311 intellectu
3722 5259 3779 5310 et

2140 5348 2339 5407 Opere,
2378 5334 2531 5404 quod
2558 5333 2767 5405 perdis
2811 5348 3008 5392 omnes
3045 5336 3155 5408 qui
3177 5333 3572 5406 famicem
3598 5332 3702 5392 ab:
3730 5334 3781 5389 te

464 5414 607 5473 Sunt
641 5414 698 5473 in
736 5429 956 5474 summa
1005 5429 1134 5485 quae
1171 5412 1304 5471 dedi
1349 5413 1405 5469 in
1445 5413 1707 5485 proﬁcuo
1743 5414 2030 5473 zecclesiaa
2141 5414 2336 5487 (Paul.
2368 5428 2537 5484 um,
2571 5418 2992 5485 27),remotum
3022 5418 3082 5472 et
3108 5418 3526 5486 segregatuma
3551 5427 3779 5472 consor-

1748 5529 1985 5585 VARI/E
2025 5528 2424 5587 LECTIONES.

458 5636 527 5673 ⁸⁸⁸
554 5636 646 5695 ita
670 5635 853 5709 eodem
870 5635 1032 5708 ,σίδαι
1043 5633 1436 5709 extingueret.
1512 5633 1582 5673 ⁴²⁹
1610 5636 1704 5697 ita
1719 5648 1766 5695 ο.
1784 5635 2033 5709 Operis‘!

391 5708 695 5770 literarum
731 5709 798 5766 Α.
829 5706 899 5765 ιη
928 5706 1123 5780 marg.
1165 5720 1214 5768 c.

2213 5635 2461 5697 "Werte
2473 5639 2522 5696 II
2537 5636 2675 5697 folia
2691 5641 2751 5696 et
2766 5635 2893 5710 lege
2911 5636 3230 5697 secundum
3244 5633 3772 5697 determinationem
