3894 6400
115 394 243 459 865

1389 396 1887 465 CHRONICON.
1920 437 2001 451 —-
2024 398 2181 467 LIB.
2225 398 2302 467 II.

3420 409 3542 476 866

119 532 209 588 tio
241 547 449 590 eorum
473 547 717 603 quorum
758 530 813 587 in
838 530 1028 588 medio
1058 532 1409 604 coalueram,
1435 535 1506 591 ad
1551 540 1784 592 exteras
1810 535 1868 599 A
1898 542 2106 608 matus,
2135 538 2207 595 de
2238 552 2348 610 qua
2382 539 2684 598 suseitasti
2718 555 2826 612 me,
2852 540 3013 614 juste
3063 554 3258 600 rerum
3289 544 3532 617 arbiter,

124 626 326 678 terras
340 621 630 677 nolentem
645 624 703 677 et
722 624 1141 691 repugnantem
1166 627 1227 678 et
1239 623 1406 692 quasi
1424 624 1783 681 nescientem

123 710 241 766 edu
255 709 395 765 xisti
414 726 427 774 ;
445 709 543 765 ubi
568 709 820 780 positum
840 705 1245 766 benedictione
1263 711 1559 782 insperata
1573 718 1632 768 et
1650 710 1787 769 mul-

122 798 166 852 ti
176 797 324 869 plici
348 797 573 865 ditasti,
592 797 781 866 gratia
801 796 1027 853 scilicet
1043 804 1593 858 servorumtuorum
1607 800 1787 856 admi-

125 886 330 955 rabili,
359 885 455 955 qui
488 886 542 940 in
571 885 999 955 mediligebant
1052 886 1204 956 quod
1246 888 1593 945 nesciebam.
1627 888 1786 944 Licet

124 974 182 1029 in
217 973 313 1030 his
340 979 457 1043 tua,
481 974 655 1043 Deus,
691 972 994 1043 dona,etsi
1023 975 1264 1043 refugus
1281 978 1338 1031 et
1381 975 1651 1032 desertor
1676 976 1786 1032 mei

125 1061 342 1133 ipsius,
375 1060 795 1130 intelligebam.
818 1064 1010 1131 Juvat,
1052 1063 1306 1133 inquam,
1325 1064 1631 1120 memorari
1647 1064 1784 1119 mihi

124 1150 183 1205 in
222 1164 318 1206 me
350 1149 683 1205 dulcedinis
714 1154 853 1220 tum,
891 1151 1025 1221 quia
1060 1151 1359 1206 misereris
1374 1152 1649 1221 omnium,
1675 1151 1788 1208 sal-

124 1252 274 1294 vans
309 1238 572 1295 homines
591 1239 926 1309 etjumenta
952 1257 967 1306 ;
994 1239 1048 1294 id
1065 1239 1381 1295 estetillos
1414 1240 1784 1311 salvans,qui

124 1325 568 1382 rationabiliter
590 1326 855 1383 viventes
873 1342 986 1383 non
1013 1326 1440 1384 obliviscuntur
1478 1328 1784 1399 dignitatis

126 1415 184 1470 in
200 1429 315 1485 qua
340 1418 397 1471 et
417 1429 522 1485 pro
538 1429 647 1484 qua
661 1416 1020 1481 creatisunt,
1038 1420 1097 1470 et
1115 1430 1237 1486 eos,
1259 1416 1356 1486 qui
1387 1416 1784 1486 jumentorum

126 1516 290 1559 more
324 1502 595 1559 viventes
620 1503 758 1559 facti
778 1510 914 1559 sunt
938 1510 1001 1560 ut
1024 1518 1211 1573 equus
1243 1508 1302 1559 et
1324 1503 1535 1575 mulus,
1572 1506 1784 1575 quibus

127 1606 242 1647 non
275 1596 368 1647 est
402 1590 757 1662 intellectus,
804 1606 907 1662 per
932 1591 1311 1663 penitentiam
1360 1607 1535 1664 supra
1580 1594 1783 1664 primze

128 1680 384 1749 originis
402 1694 681 1751 reparans
694 1680 785 1749 dig
796 1681 1036 1736 nitatem
1053 1698 1068 1747 ;
1083 1681 1235 1736 inter
1254 1695 1400 1750 quos
1413 1686 1469 1736 et
1495 1696 1583 1737 me
1603 1682 1781 1751 gibbo

128 1772 517 1840 peccatorum
533 1768 871 1838 deformem,
886 1768 1166 1825 vanitatis
1186 1773 1245 1823 et
1259 1768 1518 1825 levitatis
1536 1771 1782 1827 horrore

126 1857 490 1927 sordentem,
512 1857 581 1912 ad
596 1855 995 1927 deponendam
1021 1856 1299 1912 malitiam
1319 1862 1377 1912 et
1392 1857 1776 1914 inclinandam
1804 1889 1861 1950 Β

126 1946 423 2002 cervicem
446 1945 641 2002 cordis
648 1946 787 2015 jugo
811 1946 1247 2002 servitutistuae
1282 1946 1660 2002 edomandam
1676 1961 1779 2018 per

128 2034 590 2103 tuosevocabas,
613 2039 669 2089 et
697 2048 784 2088 me
799 2033 934 2088 mihi
962 2033 1085 2104 ipse
1110 2034 1349 2089 sordere
1372 2034 1588 2090 intuitu
1611 2035 1779 2091 mise-

126 2122 381 2179 rationis
414 2126 529 2178 tuae
556 2122 827 2178 faciebas.
847 2122 890 2177 Ο
922 2122 1215 2178 miseriam
1240 2137 1443 2193 meam,
1461 2122 1775 2193 quaeadtot

128 2210 465 2268 vocationis
481 2211 967 2280 ingeminationes
984 2224 1092 2266 non
1107 2210 1423 2280 evigilabat
1446 2214 1458 2265 ε
1481 2211 1779 2282 utiqueni-

126 2299 238 2355 mia
272 2299 493 2367 rubigo
526 2312 649 2354 mea
683 2313 785 2370 per
804 2299 993 2368 ignem
1011 2298 1387 2369 excoquenda
1401 2305 1623 2368 erat,et
1646 2300 1778 2356 ideo

126 2387 238 2444 etsi
255 2400 506 2457 surgere
520 2387 794 2455 conabar,
813 2386 1001 2442 seoria
1016 2386 1338 2457 voluptatis
1352 2386 1570 2443 inolitaa
1583 2403 1777 2459 prava:

125 2474 583 2532 consuetudinis
612 2475 990 2544 aggravabar.
1009 2476 1372 2545 Projeceram
1396 2481 1530 2546 post
1547 2479 1776 2546 tergum

128 2569 372 2637 peccata
414 2578 538 2620 mea
576 2583 590 2633 ;
616 2564 921 2633 denigrata
936 2564 1087 2619 enim
1111 2569 1241 2619 erat
1259 2564 1437 2621 facies
1460 2580 1605 2636 mea,
1622 2569 1779 2620 etta-

130 2667 255 2710 men
293 2659 355 2711 tu
382 2653 446 2708 in
470 2653 656 2709 servis
679 2653 796 2708 tuis
821 2652 1094 2722 diligens,
1118 2667 1229 2709 non
1257 2653 1556 2709 feditatem
1570 2669 1773 2725 meam,

129 2742 231 2799 sed
252 2741 627 2799 curationem
652 2741 707 2797 in
727 2755 815 2797 me
839 2756 966 2811 qua:
986 2746 1098 2796 ate
1118 2741 1306 2810 gratia
1334 2748 1430 2798 tua
1444 2742 1639 2799 futura
1661 2747 1775 2813 est,

132 2830 362 2888 sinebas
377 2846 470 2888 me
514 2831 600 2887 ire
621 2835 681 2886 et
704 2830 1062 2901 prosperari,
1090 2834 1299 2886 utcum
1318 2831 1440 2888 haec
1485 2832 1779 2903 reciperes

135 2933 164 2975 a
192 2919 475 2989 diligente
509 2933 623 2975 non
646 2923 724 2989 te,
751 2918 852 2974 sed
886 2918 982 2974 illa
1012 2918 1145 2974 data
1167 2923 1267 2975 tua
1289 2918 1379 2975 vel
1394 2920 1679 2991 permissa
1720 2920 1777 2976 in

137 3008 344 3077 quibus
377 3009 793 3080 prosperabar,
824 3006 1251 3077 adurererigne
1274 3006 1692 3078 tribulationis,
1718 3012 1777 3064 et

135 3095 324 3153 saltim
349 3101 492 3153 tunc
519 3095 878 3166 intelligeret
906 3094 1177 3166 impietas
1196 3110 1321 3152 mea
1341 3095 1487 3152 mala
1507 3110 1631 3167 sua,
1647 3111 1776 3153 cum

138 3198 239 3255 pro
263 3185 487 3242 eisdem
522 3184 687 3241 malis
712 3184 995 3254 inciperet
1022 3200 1139 3253 iam
1172 3185 1384 3256 puniri.
1425 3184 1572 3251 Quid
1632 3186 1780 3242 refe-

139 3285 274 3343 ram,
310 3274 525 3344 quibus
553 3287 644 3328 me
666 3272 895 3329 nunciis
928 3273 996 3328 ad
1029 3273 1486 3329 meliorationem
1526 3274 1582 3328 in
1632 3275 1775 3330 mari

138 3363 507 3433 navigatione
527 3367 726 3420 nostra
750 3364 1082 3435 procelloso
1102 3364 1315 3435 spiritu
1339 3364 1516 3420 maris
1530 3368 1587 3418 et
1609 3378 1777 3434 quas-

139 3451 359 3507 satione
383 3451 573 3522 navis,
601 3466 729 3523 quae
755 3467 858 3524 per
880 3466 943 3508 se
966 3453 1190 3508 inﬁrma
1238 3453 1481 3523 piscium
1522 3452 1776 3523 impulsu

140 3541 531 3611 quatiebatur,
565 3541 883 3610 adgravata
908 3541 1329 3611 praemonuisti,
1350 3545 1775 3597 etstertentem

140 3640 337 3684 somno
369 3628 599 3700 teporis
632 3633 691 3684 et
720 3629 1089 3698 negligentiae
1117 3630 1377 3685 excitare
1416 3635 1662 3687 conatus
1689 3644 1775 3701 es,

139 3729 260 3771 cum
291 3717 695 3787 gubernaculo
726 3717 930 3788 fracto,
956 3718 1086 3774 velo
1118 3718 1172 3774 vi
1229 3723 1535 3775 ventorum
1559 3719 1629 3773 ad
1663 3734 1778 3775 me-

139 3802 291 3861 dium
311 3804 499 3877 usque
516 3806 726 3875 scisso,
752 3806 1170 3863 nautistimore
1185 3807 1508 3877 dissolutis,
1532 3822 1779 3879 praesen-

137 3895 247 3947 tem
268 3893 629 3950 intentarent
646 3894 835 3950 omnia
854 3898 1121 3964 mortem,
1137 3909 1283 3951 nave
1298 3895 1424 3951 solo
1445 3895 1551 3952 tibi
1570 3896 1776 3953 relicta

140 3984 195 4035 et
224 3983 511 4053 quandam
537 3983 589 4037 in
606 3983 951 4053 vertiginem
974 3983 1300 4039 rotante?0
1325 3984 1778 4055 qualisillatunc

135 4066 269 4125 hora
287 4084 446 4127 eram
474 4074 486 4126 !
516 4085 686 4142 quam
703 4072 848 4127 bene
867 4070 1166 4141 credulus,
1194 4086 1368 4142 quam
1391 4071 1480 4129 vel
1501 4072 1772 4145 devotus,

144 4168 304 4227 quam
337 4159 627 4230 penitens,
664 4174 831 4231 quam
867 4159 922 4215 in
965 4160 1359 4231 promittenda
1401 4162 1775 4232 correptione

141 4245 391 4318 sedulus,
425 4253 705 4305 constans
735 4252 795 4305 et
827 4248 1162 4304 benivolus!
1199 4263 1368 4319 quam
1399 4255 1774 4321 peccatorum

144 4345 393 4391 meorum
427 4341 742 4394 accusator
768 4342 828 4393 et
853 4336 1035 4408 judex
1092 4336 1439 4394 ﬁdissimus!
1493 4353 1662 4408 quam
1719 4339 1775 4394 in

144 4425 515 4481 conversione
548 4440 772 4482 morum
791 4430 851 4481 et
881 4425 1289 4483 emendatione
1306 4427 1444 4482 vitae
1475 4426 1776 4498 paratissi-

147 4521 268 4566 mus
299 4513 311 4567 Ξ
346 4512 556 4570 Vidisti
588 4514 732 4584 haec,
752 4513 1006 4585 Domine,
1032 4518 1092 4570 et
1115 4513 1381 4570 liberasti
1441 4529 1560 4581 me;
1601 4530 1775 4573 exau-

1895 624 2049 681 idem
2087 628 2530 685 sanctusJesus.
2548 628 2765 696 Quidin
2781 643 2871 685 me
2899 634 3145 703 operate
3172 631 3290 687 sint
3316 631 3420 689 hac
3438 638 3536 690 tua

1895 714 2204 784 magnalia,
2242 716 2412 786 Deus,
2441 722 2542 772 aut
2573 717 2629 772 in
2671 731 2785 789 quo
2826 718 3096 776 miseram
3153 719 3402 776 animam
3458 721 3538 779 le-

1896 800 2161 872 thargico
2184 817 2387 860 somno
2416 818 2776 875 Oppressum,
2810 806 2881 863 ad
2913 811 2972 863 te
3002 807 3345 879 timendum,
3379 814 3438 865 te
3453 808 3538 866 di-

1894 887 2210 962 ligendum,
2235 906 2527 964 exurgere
2554 898 2610 948 et
2635 894 2915 964 evigilare
2946 896 3317 968 docuerunt;
3361 898 3536 955 testis

1893 982 1986 1034 est
2019 980 2367 1051 repatriatio
2384 984 2606 1051 nostra,
2641 982 2817 1038 testis
2838 984 3203 1056 subsequens
3225 986 3343 1042 vita
3383 1001 3529 1058 mea,

1896 1080 2023 1136 quae
2055 1067 2215 1137 pium
2248 1067 2636 1131 Dominumde
2667 1069 2896 1141 placato
2930 1072 3178 1129 reddere
3219 1074 3534 1146 possitira-

1896 1159 2037 1226 tum,
2073 1171 2187 1213 non
2211 1172 2340 1229 quae
2359 1159 2642 1216 offensum
2672 1160 2811 1216 dare
2854 1160 3101 1218 sufficiat
3134 1164 3528 1221 conciliatum.

1967 1279 2105 1347 (Fol.
2135 1281 2375 1354 Ml’.)Et
2400 1297 2550 1339 nunc
2568 1284 2673 1340 hec
2688 1284 3134 1357 qualiacumque
3158 1293 3357 1343 nostra
3374 1286 3533 1358 legat

1895 1368 1989 1438 qui
2022 1368 2199 1440 volet,
2231 1369 2476 1427 irrideat
2504 1376 2568 1427 ut
2590 1372 2764 1443 volet,
2791 1372 3099 1430 dummodo
3129 1374 3532 1433 libeatetcon-

1891 1455 2137 1512 cedatur
2161 1457 2452 1513 immorari
2477 1460 2768 1517 memoria:
2784 1460 3111 1519 dulcedinis
3126 1466 3260 1532 tuae,
3288 1464 3385 1535 qui
3400 1479 3532 1536 pec-

1891 1549 2118 1600 cantem
2148 1546 2403 1602 sustines
2419 1546 2491 1603 ad
2507 1548 2905 1619 penitentiam.
2923 1555 2981 1605 et
3002 1552 3296 1623 parcendo
3320 1552 3531 1610 invitas

1891 1632 1960 1687 ad
1975 1633 2397 1689 conelliandam
2415 1634 2762 1692 sustinentis
2777 1638 3137 1710 patientiam.
3159 1639 3338 1698 Indee
3354 1642 3531 1698 vesti-

1888 1720 1983 1790 gio
2013 1720 2110 1776 illa
2143 1727 2342 1779 nostra
2368 1725 2753 1795 promotione,
2780 1741 2908 1797 quae
2939 1740 3090 1785 nunc
3108 1729 3279 1786 nobis
3293 1729 3525 1787 horrori

1889 1813 2001 1878 est,
2026 1815 2350 1882 promotus,
2386 1815 2580 1868 utrum
2602 1814 2792 1882 gratia
2825 1818 2925 1871 tua
2974 1830 3045 1872 an
3088 1818 3379 1888 permissu
3436 1820 3527 1875 vel

1883 1896 2107 1966 judicio
2128 1901 2345 1970 nescio,
2378 1914 2666 1972 perparvo
2684 1903 2968 1975 temporis
2998 1906 3199 1977 spacio
3229 1913 3527 1980 assumpta

1890 1987 2250 2058 praelationis
2275 1990 2554 2060 gravitas,
2589 2006 2719 2048 cum
2754 1992 2929 2053 inme
2973 1994 3269 2067 durasset,
3327 2012 3529 2069 super-

1888 2076 2062 2133 ducta
2077 2076 2204 2146 ejus
2217 2080 2445 2150 species
2461 2080 2660 2138 multis
2677 2082 2863 2138 modis
2877 2083 2955 2140 ita
2973 2085 3315 2143 oblitterata
3330 2092 3441 2159 est,
3459 2094 3523 2146 ut

1886 2180 1998 2221 non
2024 2165 2141 2235 jam
2174 2166 2364 2237 qualis
2394 2182 2605 2239 essem,
2628 2184 2826 2227 verum
2857 2172 3048 2243 qualis
3088 2175 3295 2231 fuerim
3345 2190 3527 2234 reme-

1886 2252 2098 2308 morari
2131 2253 2362 2310 diﬂlcile
2393 2260 2567 2326 esset,
2600 2255 2695 2311 vel
2726 2257 2857 2326 quia
2883 2258 3132 2317 honores
3162 2267 3385 2320 mutant
3409 2280 3529 2322 mo-

1887 2355 2003 2410 res,
2035 2340 2126 2398 vel
2160 2342 2291 2413 quia
2317 2343 2372 2398 id
2408 2345 2743 2401 merebatur
2774 2345 3086 2404 insolentia
3121 2365 3364 2423 morum,
3390 2368 3527 2409 non-

1886 2429 2042 2500 dum,
2079 2432 2137 2486 ut
2172 2429 2439 2501 decebat,
2466 2432 2887 2491 satisfactionis
2907 2437 3152 2493 verbere
3166 2441 3526 2510 castigataet

1885 2517 2310 2574 emendationis
2330 2514 2594 2577 antidoto
2626 2527 2848 2579 curata.
2868 2524 3008 2581 Hinc
3033 2525 3242 2582 iterum
3287 2528 3526 2587 infirmi-

1885 2606 2028 2662 tatis
2056 2608 2454 2679 commonitio,
2490 2609 2732 2680 privatze
2754 2612 3076 2682 etpublicaa
3100 2614 3523 2686 inquietudinis

1886 2694 2333 2767 animadversio,
2366 2696 2464 2753 illa
2487 2698 2558 2755 de
2578 2698 2903 2756 dormitorii
2934 2701 3149 2757 solario
3177 2704 3401 2775 plancis
3428 2707 3527 2764 dc-

1887 2783 2221 2841 tlcientibus
2234 2785 2323 2841 vel
2340 2785 2589 2842 sublatis
2608 2788 2796 2859 ruina,
2813 2789 2986 2846 immo
3001 2793 3389 2865 propulsatio,
3411 2810 3522 2866 qua

1888 2872 1964 2928 ita
1981 2871 2383 2944 aﬂ‘ectussum,
2404 2878 2463 2931 ut
2486 2876 2603 2932 vita
2619 2890 2708 2933 me
2737 2892 2941 2934 carere
2972 2880 3289 2937 crederem.
3310 2885 3448 2940 Nam
3463 2892 3524 2941 et

1887 2961 2126 3030 sanguis
2141 2961 2648 3020 adinvocationem
2663 2967 3178 3038 nominisPrejeeti
3194 2970 3451 3029 martiris
3465 2972 3527 3029 et

1890 3049 2020 3104 boni
2054 3049 2233 3106 studii
2266 3052 2608 3125 exequutio,
2642 3054 2698 3108 in
2722 3068 2833 3125 qua
2862 3055 3079 3113 invenit
3100 3072 3189 3114 me
3211 3061 3524 3133 casusipse

1884 3166 1956 3178 —
1976 3151 2105 3193 nam
2136 3138 2351 3197 circam
2377 3142 2524 3213 (213)
2550 3143 2852 3200 matutinis
2883 3146 3108 3202 exactis
3130 3147 3433 3220 faciebam,
3454 3181 3521 3192 —

1804 3239 1858 3304 α
1887 3240 1917 3282 a
1951 3228 2158 3284 mortis
2176 3229 2444 3286 faucibus
2475 3231 2776 3303 eripuerit.
2793 3232 2864 3288 Et
2887 3234 3117 3304 quidem
3146 3249 3216 3291 eo
3236 3236 3364 3307 ipso
3382 3243 3524 3294 tem-

1886 3331 2048 3387 pore,
2083 3331 2278 3374 mense
2307 3332 2534 3390 quoque
2553 3321 2777 3392 eodem,
2801 3321 2856 3377 in
2898 3321 3213 3381 Colticensi
3247 3326 3394 3382 cella
3427 3342 3525 3383 no-

1885 3409 2005 3464 stra
2034 3420 2065 3461 a
2098 3404 2440 3464 dormitorio
2473 3422 2579 3480 per
2600 3409 3025 3481 praecipitium;
3048 3412 3186 3468 item
3224 3412 3280 3469 in
3311 3413 3524 3473 Melun-

1885 3491 2047 3548 densi
2061 3493 2328 3551 coenobio
2358 3508 2522 3566 atque
2553 3496 2670 3552 duo
2700 3498 2965 3554 monachi
2983 3497 3151 3571 lapsi,
3185 3514 3297 3557 non
3333 3506 3522 3560 tamen

1887 3582 2031 3638 satis
2044 3582 2114 3639 de
2129 3586 2244 3639 tam
2260 3582 2581 3640 imminenti
2604 3584 2913 3643 altitudine
2930 3594 3132 3659 utego,
3162 3590 3524 3649 confessione

1872 3671 2735 3747 etcommunionecaruerant:
2772 3675 2910 3730 mihi
2965 3677 3158 3748 pietas
3194 3682 3295 3736 tua
3346 3680 3524 3738 vitam

1886 3758 2152 3831 indulsit,
2180 3763 2276 3832 qui
2299 3762 2412 3818 etsi
2442 3764 2720 3833 gravatis,
2750 3779 2862 3821 non
2886 3771 3079 3823 tamen
3102 3766 3296 3840 aliqua
3320 3784 3527 3842 corpo-

1886 3847 1967 3904 ris
1998 3854 2164 3921 parte
2193 3865 2319 3908 sum
2341 3851 2773 3924 pessumdatus,
2805 3868 3151 3926 quamquam
3192 3872 3322 3914 cum
3381 3858 3527 3915 ditii-

1864 3948 2108 4007 'cultate
2155 3949 2393 4007 sanitati
2443 3949 2728 4021 redditus,
2773 3952 2962 4009 adhuc
3029 3967 3229 4011 casum
3273 3955 3520 4014 doleam.

1886 4037 2066 4104 Quam
2094 4038 2275 4095 tantis
2308 4037 2938 4109 beneficiisgratiarum
2964 4042 3384 4114 actionem,die
3413 4060 3524 4117 qua

1879 4127 2083 4198 jacens
2100 4126 2155 4182 in
2180 4125 2333 4183 lecto
2357 4125 2522 4197 signo
2537 4127 2889 4184 sanctissimi
2903 4128 3053 4185 clavi
3070 4131 3156 4187 tui
3171 4141 3530 4191 sanctarum-

1885 4229 1996 4286 que
2028 4214 2406 4285 reliquiarum
2424 4215 2736 4271 munimine
2768 4216 3033 4288 signatus
3074 4234 3225 4292 sum,
3272 4226 3327 4277 et
3361 4224 3529 4282 ablu-

1884 4304 2045 4361 tione
2074 4303 2404 4360 virtutifera
2427 4306 2680 4374 potatus,
2708 4305 3156 4375 postdccursam
3180 4309 3529 4370 ebdomada-

1885 4393 2029 4451 riam
2047 4392 2157 4449 mei
2179 4391 2364 4463 ipsius
2385 4390 2814 4464 alienationem,
2833 4392 3220 4469 rependerim,
3244 4414 3527 4460 rememo-

1886 4495 2023 4539 rans
2054 4479 2361 4551 erubesco,
2381 4481 2735 4538 erubescens
2754 4483 3101 4556 confundor,
3127 4491 3183 4542 et
3210 4489 3365 4558 quod
3384 4494 3525 4547 tunc

147 4594 279 4654 ἀίειί
310 4567 1090 4672 meaconsentite;
1118 4567 1777 4677 att'n‘qtga'dagg-
1802 4586 1858 4650 ι)
1886 4567 2282 4677 nouisse?
2304 4569 3220 4677 ξξῗὲξξι,ξιξιξε)ἒί.ίῑεξοξιξεξιξίοεριε
3242 4576 3387 4677 ..ιίδί
3421 4579 3524 4677 ,είι

148 4687 348 4759 ratum,
379 4703 725 4762 quamquam
739 4692 1139 4761 novissimum,
1165 4706 1296 4748 cum
1311 4692 1483 4763 primi
1501 4693 1776 4750 movisse-

147 4784 268 4829 mus
296 4789 325 4831 a
349 4782 542 4848 portu,
562 4778 723 4835 illesa
756 4793 899 4835 nave
928 4794 1058 4836 cum
1099 4780 1370 4837 omnibus
1413 4796 1541 4853 quae
1590 4782 1645 4838 in
1706 4797 1773 4841 ea

148 4869 325 4935 erant,
347 4870 520 4923 terrae
534 4867 845 4924 reddidisti
869 4882 976 4924 me.
1013 4867 1124 4925 Sed
1156 4874 1221 4925 ut
1242 4869 1449 4941 pedem
1481 4876 1656 4927 terrae
1679 4886 1776 4945 ap-

148 4948 282 5017 puli.
315 4951 643 5013 illadudum
680 4956 889 5014 devota
938 4957 1091 5013 inter
1150 4957 1366 5015 ﬂuctus
1427 4959 1674 5018 fervoris
1715 4966 1776 5018 et

148 5040 561 5101 emendationis
583 5046 894 5117 promissio
917 5045 1343 5118 aliquantulum
1364 5047 1585 5121 friguit,
1604 5063 1774 5121 quam

152 5126 335 5185 tamen
362 5132 644 5191 reductus
674 5134 853 5191 menti
877 5139 1073 5193 terror
1102 5150 1174 5194 ex
1194 5141 1323 5194 toto
1369 5141 1775 5211 tepescere,ut

155 5216 378 5290 assolet,
412 5234 525 5279 non
549 5224 706 5281 sivit.

219 5301 579 5381 Subsequuta
604 5313 999 5385 estevestigio
1022 5313 1130 5371 alia
1169 5317 1488 5376 vocationis
1524 5318 1777 5391 compel-

153 5382 319 5450 lentis
343 5397 574 5457 iteratio
605 5417 738 5459 mox
770 5407 830 5458 ut
862 5382 1101 5475 Bajocas
1120 5407 1271 5477 veni,
1293 5406 1601 5465 infirmitas
1625 5382 1774 5467 scili-

154 5482 242 5535 cet
270 5496 378 5553 qua
410 5489 641 5547 omnino
671 5490 1020 5563 desperatus
1051 5507 1198 5564 sum,
1223 5498 1282 5550 et
1343 5497 1508 5568 quasi
1550 5497 1778 5556 concla-

1715 5598 1937 5660 NOTAE.

221 5663 364 5747 (213)
394 5672 557 5738 Circa
585 5676 897 5739 Teutonico
918 5675 1016 5741 die
1027 5682 1238 5744 rei/nde.

1885 4657 2270 4716 confessionis
2297 4663 2358 4714 et
2379 4656 2567 4715 laudis
2581 4658 2802 4716 oblatio
2829 4664 2889 4716 et
2918 4660 3072 4718 inter
3090 4661 3318 4733 ﬂagella
3358 4664 3527 4723 mise-

1886 4746 2154 4805 ricordiae
2175 4750 2294 4803 tuae
2326 4747 2694 4817 ipsaerratus
2716 4748 2828 4803 mei
2870 4754 3101 4821 tuaeque
3149 4751 3387 4823 pietatis
3438 4768 3528 4811 re-

1885 4835 2245 4893 memoratio.
2271 4836 2344 4891 Et
2363 4835 2495 4906 quia
2517 4836 2706 4892 omnia
2720 4836 2964 4894 adversa
2986 4838 3158 4896 habet
3175 4840 3271 4911 qui
3285 4840 3396 4897 sibi
3412 4841 3528 4898 dis-

1883 4924 2084 4997 plicet,
2112 4924 2170 4980 in
2198 4923 2307 4981 hoc
2331 4924 2440 4979 tibi
2455 4922 2689 4996 placere
2706 4931 2942 4998 appeto,
2968 4928 3123 5001 quod
3164 4928 3298 4985 mihi
3339 4934 3399 4987 te
3426 4930 3527 4988 do-

1884 5019 2079 5086 nante,
2105 5018 2165 5071 te
2198 5014 2465 5086 faciente,
2497 5014 2800 5088 displiceo.

1956 5142 2101 5199 Sunt
2127 5139 2315 5198 adhuc
2338 5139 2507 5213 plura
2535 5140 2866 5201 dulcedinis
2888 5149 3003 5203 tuas
3053 5147 3407 5206 monimenta
3441 5146 3528 5206 in-

1883 5234 2051 5302 grata
2083 5227 2363 5301 adhibita,
2389 5243 2574 5302 usque
2602 5230 2674 5287 ad
2696 5232 2821 5291 haec
2844 5232 2901 5290 in
2925 5234 3139 5306 quibus
3160 5249 3313 5295 nunc
3330 5251 3529 5296 versa-

1884 5325 1983 5377 tur
1995 5318 2182 5376 anima
2201 5332 2346 5390 mea,
2370 5317 2426 5375 in
2442 5318 2655 5391 quibus
2669 5320 2801 5393 quia
2819 5321 3195 5382 faciemtuam
3234 5326 3528 5386 reveritus

1885 5423 2001 5465 non
2047 5408 3227 5480 sum,justeversaestinmotumcitltara
3260 5429 3414 5489 mea,
3473 5416 3536 5477 et

1885 5511 2381 5571 oryamtmmeum
2398 5498 2465 5557 in
2484 5499 2910 5573 voce/tentiam
2932 5502 3083 5573 (Job.
3108 5519 3243 5577 xxx,
3304 5509 3420 5575 31.)
