3894 6430
342 386 457 455 867

1291 374 1659 451 HUGONIS
1703 378 2055 449 ABBA’I‘IS
2101 378 2792 450 FLAVINIACENSIS

3640 378 3775 452 868

342 525 539 597 itaque
563 519 886 595 proclamet
918 519 1025 578 tibi
1048 524 1171 577 tota
1204 517 1534 577 substantia
1564 517 1747 575 nostri
1773 518 1826 574 in
1843 532 1984 576 voce
2014 522 2068 583 Α
2101 517 2488 590 dissipantur!
2509 519 2575 577 Et
2600 520 2832 591 quidem
2849 521 3008 578 nervi
3030 520 3433 578 testiculorum
3469 524 3769 580 Beedmot

343 609 1445 670 exultationisctconfessioniszomnia
1491 624 1621 680 quae
1664 607 1855 664 fecisti
1887 622 1987 663 n0-

344 703 431 759 bis
456 703 510 757 in
544 699 911 771 verojudicio
940 699 1150 755 fecisti.
1188 697 1543 768 Proclamet,
1582 698 1837 767 inquam,
1878 696 1985 751 tibi

342 792 459 847 vita
490 803 614 845 mea
644 792 788 857 tota,
823 792 956 843 ante
986 787 1413 858 promotionem
1474 785 1797 857 peccatrix,
1854 790 1985 856 post

342 878 762 951 promotionem
796 876 1087 931 irritatrix
1123 895 1134 929 :
1171 875 1280 930 tibi
1304 874 1697 946 peccavimus,
1741 877 1801 928 et
1832 886 1989 927 man-

340 965 751 1024 datistuisnon
769 964 1157 1020 obedivimus.
1192 964 1590 1034 Condempnet
1630 960 1988 1030 setotamju-

340 1055 491 1112 dicio
509 1069 637 1123 suo,
675 1054 791 1123 jam
820 1052 984 1123 quasi
1026 1050 1677 1122 condempnatajudicio
1701 1051 1985 1115 humano;

338 1149 393 1199 et
413 1157 525 1199 non
540 1157 643 1212 spe
656 1155 793 1197 recu
804 1155 938 1211 pera
948 1140 1074 1196 ndm
1089 1138 1282 1195 secula
1292 1139 1401 1193 rita
1413 1139 1506 1209 tis,
1529 1139 1633 1195 sed
1653 1151 1849 1194 amore
1863 1151 1990 1208 pro-

338 1230 616 1287 vocandte
650 1229 706 1283 in
736 1243 796 1283 se
823 1229 981 1299 juste
1004 1231 1318 1291 exertae,et
1333 1227 1517 1297 magis
1541 1227 1841 1296 magisque
1856 1239 1988 1281 exe-

341 1318 536 1374 rendae
569 1316 781 1373 divinae
814 1314 1645 1385 animadversionis,quoniam
1667 1330 1774 1384 ego
1810 1313 1866 1368 in
1891 1313 1988 1367 lla-

336 1406 492 1476 gella
506 1409 768 1477 paratus,
801 1405 894 1475 qui
921 1403 1238 1490 fragilitate
1265 1403 1504 1473 deliqui,
1524 1403 1674 1459 unde
1690 1402 1899 1457 merito
1913 1400 1986 1456 ad

280 1559 290 1571 .
341 1509 541 1565 penam
573 1492 775 1548 videar
803 1493 1016 1548 debere
1041 1491 1249 1562 aptari,
1285 1494 1341 1545 et
1372 1490 1538 1546 dolor
1562 1505 1724 1546 meus
1749 1495 1985 1545 anteme

338 1587 428 1635 est
446 1594 695 1649 semper,
713 1579 846 1648 quia
863 1593 891 1633 a
908 1577 1196 1633 mandatis
1213 1577 1325 1633 tuis
1340 1576 1644 1631 declinavi.
1664 1576 1812 1642 Quid
1832 1575 1984 1631 enim

339 1669 587 1723 referam
615 1665 1119 1722 tamcvidenstuze
1140 1664 1694 1735 pictatisindicium,
1731 1663 1986 1733 quodra-

343 1770 442 1811 rus
474 1754 767 1810 invenitur
797 1758 893 1808 aut
932 1768 1076 1823 pene
1101 1752 1297 1807 nullus
1332 1753 1427 1821 qui
1455 1751 1986 1822 ignoretFlavinia-

341 1844 621 1912 censium,
657 1857 785 1897 eum
807 1841 1054 1896 redirem
1081 1855 1109 1895 a
1143 1841 1445 1896 Sinemuro
1488 1841 1982 1911 septuscomitatu
2015 1879 2065 1936 Β

340 1931 754 1986 monachorum
786 1934 842 1984 et
876 1928 1192 1997 laycornm,
1228 1928 1379 1983 inter
1397 1929 1761 1984 choruschos
1783 1932 1838 1983 et
1864 1932 1985 1983 tur-

345 2019 508 2074 bines
539 2017 912 2088 tempestatis
947 2016 1303 2081 inundantis,
1342 2016 1554 2072 fulmen
1589 2021 1720 2071 ante
1745 2030 1985 2086 conspe-

340 2112 473 2163 ctus
489 2110 724 2162 nostros
738 2105 1046 2173 cecidisse,
1070 2105 1147 2158 ita
1168 2109 1230 2159 ut
1250 2105 1435 2159 bestia
1455 2104 1546 2160 cui
1564 2104 1837 2159 sedebam
1853 2104 1985 2173 igne
2034 2150 2041 2157 .

341 2196 468 2267 ipso
506 2192 759 2250 ustulata
791 2196 966 2263 caput
990 2185 1194 2263 pectus
1226 2196 1281 2247 et
1317 2207 1510 2263 crura,
1531 2208 1631 2264 per
1674 2191 1987 2247 40diesvix

342 2281 579 2338 stabulo
603 2280 831 2336 extrahi
863 2285 1081 2351 posset,
1102 2284 1163 2335 et
1193 2296 1279 2335 me
1302 2279 1611 2335 clementia
1642 2286 1738 2336 tua
1789 2279 1989 2335 immu-

343 2384 513 2425 nema
548 2370 769 2425 lesione
793 2369 1074 2438 servavit,
1099 2383 1229 2424 cum
1262 2373 1506 2424 anteme
1531 2382 1643 2423 non
1688 2368 1858 2436 longe
1890 2383 1990 2424 cu-

342 2458 465 2513 bito
499 2472 614 2512 uno
648 2456 862 2511 fulmen
885 2455 1370 2526 ipsumceciderit
1393 2457 1416 2509 ?
1443 2454 1608 2520 Quod
1634 2454 1689 2510 in
1728 2455 1988 2510 crastino

340 2546 637 2617 quesitum
671 2545 1050 2600 ctinvcutum
1079 2549 1190 2613 est,
1239 2545 1509 2599 omnibus
1554 2544 1989 2599 admirantibus

342 2633 632 2704 quomodo
658 2633 825 2689 vivus
872 2632 1177 2701 cvaserim,
1215 2638 1312 2688 aut
1346 2632 1617 2687 immunis
1647 2645 1675 2686 a
1724 2630 1985 2699 laesione,

344 2721 792 2793 quamplurimis
825 2735 1057 2790 quoque
1084 2720 1324 2775 sinistro
1358 2720 1413 2776 id
1474 2720 1665 2775 omine
1706 2720 1992 2790 interpre-

344 2810 630 2877 tantibus,
659 2808 985 2864 maleficum
1018 2822 1107 2863 me
1153 2813 1212 2863 et
1264 2813 1450 2863 morte
1501 2807 1757 2878 dignum,
1820 2822 1988 2876 quem

342 2897 498 2951 Deus
531 2895 656 2964 ipsa
689 2909 790 2950 sua
820 2894 1324 2949 animadversione
1383 2899 1737 2949 monstraret
1782 2896 1991 2950 merito

345 2983 725 3055 puniendum.
754 2983 924 3036 Forte
954 2986 1147 3036 autem
1171 2981 1307 3036 mihi
1327 2982 1565 3052 junctus
1579 2981 1993 3051 equitabatan-

343 3077 403 3126 te
433 3085 521 3126 me
551 3084 733 3140 eques
766 3073 1048 3136 armatus,
1071 3072 1127 3123 et
1163 3072 1543 3146 totocorpore
1578 3068 1792 3140 pluviae
1817 3084 1994 3140 expo-

346 3158 519 3228 situs,
557 3157 746 3228 clipeo
776 3171 840 3213 se
855 3171 1105 3212 recurvo
1134 3160 1195 3211 et
1225 3171 1400 3227 supra
1448 3171 1511 3212 se
1570 3161 1846 3227 protento
1875 3172 1994 3212 mu-

345 3247 552 3317 nierat,
621 3245 717 3317 qui
766 3245 900 3301 dum
960 3259 1110 3314 equo
1155 3244 1484 3302 calcaribus
1537 3249 1670 3301 aeto
1726 3259 1991 3315 gressum
2025 3231 2073 3294 C

345 3335 655 3405 accelerat,
709 3334 764 3389 in
813 3334 936 3405 ipsa
1001 3332 1261 3389 fulminis
1316 3333 1675 3404 jaculatione
1731 3333 1992 3390 lanceam

344 3439 605 3481 aversam
671 3423 936 3489 ferebat;
985 3422 1154 3491 cujus
1203 3422 1341 3477 mihi
1393 3422 1572 3492 acies,
1634 3422 1769 3478 dum
1821 3426 1993 3493 pavet

344 3518 401 3569 et
434 3512 504 3569 ad
538 3516 757 3568 tantam
798 3510 1081 3567 visionem
1115 3510 1402 3580 hebescit,
1458 3511 1586 3582 ipso
1621 3525 1725 3566 suo
1781 3510 1996 3566 timore

344 3615 550 3671 gressu
580 3598 898 3667 retardato,
931 3598 1287 3655 acceleranti
1329 3598 1465 3653 mihi
1511 3598 1739 3667 gutturi
1801 3597 1991 3668 inlisa,

345 3688 455 3744 nisi
490 3692 572 3757 tu,
606 3688 779 3756 Deus,
808 3686 1053 3742 bestiam
1081 3687 1175 3742 cui
1202 3687 1539 3742 insedebam
1572 3700 1602 3740 a
1636 3701 1740 3742 suo
1772 3685 1992 3757 impetu

346 3776 749 3842 refrmnasses,
787 3780 846 3829 et
876 3774 1019 3830 socii
1047 3773 1477 3831 conclamatum
1523 3772 1683 3829 illum
1736 3773 1804 3828 ad
1835 3778 1991 3830 ante-

346 3862 503 3917 riora
557 3860 999 3932 compulissent,
1031 3862 1166 3916 vitae
1222 3874 1310 3915 me
1363 3865 1660 3916 extorrem
1705 3861 1989 3918 dedisset.

349 3951 488 4017 Quae
518 3949 736 4019 duplex
754 3948 940 4004 nostri
966 3948 1214 4005 salvatio
1246 3948 1338 4005 his
1363 3949 1460 4019 qui
1503 3949 1792 4018 viderunt,
1818 3955 1879 4006 et
1895 3951 1993 4022 qui

348 4039 682 4107 audierunt,
712 4038 862 4092 facta
885 4041 974 4093 est
1010 4036 1308 4094 miraculo.
1326 4039 1447 4093 Jam
1497 4038 1863 4109 praeterierat
1896 4038 1995 4094 illa

345 4130 543 4183 nostra
573 4125 847 4197 superius
881 4125 1069 4181 relata
1114 4125 1403 4193 impetitio
1430 4144 1444 4193 ;
1472 4126 1588 4197 jam
1643 4126 1822 4183 multa
1881 4126 1992 4182 alia

350 4229 477 4285 quae
498 4227 836 4270 enumerare
871 4213 1213 4285 perlongum
1236 4219 1349 4284 est,
1393 4218 1494 4271 tua
1528 4215 1809 4271 beneﬁcia
1856 4214 1994 4270 mihi

353 4303 604 4372 ingrato,
630 4301 733 4358 sed
764 4316 876 4357 non
903 4317 1325 4373 usquequaque
1356 4302 1995 4375 inpensa,o’ecebantte

351 4391 679 4458 amandum,
715 4391 820 4446 tibi
847 4390 1264 4461 adherendum,
1301 4392 1350 4447 si
1387 4391 1865 4449 invenissentcor
1896 4392 1997 4448 do-

350 4479 482 4550 cile,
518 4479 842 4536 benivolum
875 4485 932 4534 et
952 4478 1188 4536 humile.
1217 4479 1366 4546 Quid
1397 4484 1513 4549 est,
1535 4481 1688 4535 Deus
1713 4480 1993 4551 piissime,

2102 609 2362 679 perplexi
2399 625 2529 664 ossa
2550 610 2679 679 cjus
2708 610 2871 667 velut
2903 610 3111 666 listulm
3170 612 3304 665 teris
3327 612 3616 682 cartilago
3630 615 3773 683 ejus

2102 696 2328 752 lamina:
2362 698 2563 753 ferreae
2595 697 2810 769 (.10be
2838 702 2925 771 12)
2953 718 2965 752 :
2993 698 3129 768 quia
3151 707 3488 769 argumenta
3522 700 3763 757 diaboli

2102 784 2558 856 inexplicabilia,
2585 787 2826 843 consilia
2861 802 3072 843 sonora
3099 787 3328 857 quidem
3370 788 3767 859 perdulcedi-

2099 888 2226 928 nem
2252 876 2356 930 sed
2412 876 2646 932 enervia
2702 891 2804 946 per
2855 876 3329 946 delectationem,
3366 877 3505 932 vitia
3553 878 3767 949 specie

2097 961 2381 1018 virtutum
2415 962 2673 1035 palliata.
2709 964 2854 1034 (Fol.
2900 969 3049 1036 142.)
3085 965 3372 1019 Absorbct
3433 966 3763 1022 Leviathan

2100 1049 2192 1105 hic
2227 1050 2484 1122 fluvium,
2519 1059 2577 1107 et
2603 1068 2714 1108 non
2742 1053 3275 1122 miratur,ethabet
3306 1052 3571 1108 fiduciam
3594 1055 3763 1124 quod

2109 1138 2315 1194 influat
2341 1140 2613 1196 Jordanis
2645 1141 2699 1196 in
2744 1156 2809 1197 os
2850 1141 3202 1211 cjus(lbid.,
3256 1145 3320 1196 18
3353 1158 3369 1207 ;
3404 1141 3504 1196 sed
3560 1143 3766 1212 perfo-

2103 1233 2227 1282 rata
2263 1228 2499 1283 maxilla
2529 1229 2656 1299 ejus
2679 1230 2845 1285 hamo
2871 1229 3163 1300 passionis
3205 1229 3526 1298 dominicae,
3558 1229 3760 1285 electa

2101 1316 2538 1386 tenercnequit,
2585 1317 2698 1373 etsi
2735 1317 2890 1373 ultro
2925 1317 3237 1387 aliquando
3286 1317 3549 1389 inﬂuant,
3604 1318 3758 1373 trai-

2099 1418 2236 1459 cere
2270 1420 2380 1461 non
2420 1406 2695 1476 praevalet
2722 1407 2861 1477 quin
2893 1407 3148 1461 efﬂuant.

2170 1494 2303 1549 Dies
2326 1498 2451 1549 erat
2477 1495 2789 1551 Dominica)
2847 1495 3322 1551 Resurrectionis
3362 1494 3579 1551 honore
3605 1495 3753 1551 insi-

2098 1581 2229 1649 gnis
2272 1583 2432 1653 (Apr.
2469 1586 2577 1654 10).
2629 1584 2933 1640 missarum
2986 1582 3329 1654 sollempnia
3405 1584 3755 1655 agebantur,

2099 1669 2406 1727 aderamus
2427 1686 2648 1728 omnes.
2688 1673 2855 1728 Forte
2880 1688 3094 1743 porcus
3117 1672 3454 1727 discurrens
3482 1672 3753 1728 invisibi-

2098 1756 2193 1826 lis,
2218 1758 2320 1813 scd
2344 1760 2664 1827 sensibilis,
2698 1761 2939 1815 chorum
2992 1760 3357 1832 peragrando
3389 1760 3593 1815 sentiri
3648 1761 3751 1815 da-

2099 1849 2192 1901 tus
2245 1852 2357 1915 est,
2401 1854 2461 1903 et
2492 1862 2702 1905 sensus
2729 1852 2818 1904 est
2853 1864 2882 1903 a
2933 1849 3182 1917 cunctis,
3210 1863 3238 1903 a
3270 1862 3358 1929 me
3416 1848 3541 1919 ipso
3594 1864 3745 1918 quo-

2097 1949 2229 2004 que,
2251 1937 2515 2006 cumjam
2547 1937 2676 1992 aliis
2698 1937 2952 1993 vicissim
2992 1937 3102 1992 sibi
3136 1937 3193 1991 id
3224 1940 3367 1992 nutu
3400 1935 3737 2005 signiﬁcau-

2095 2022 2255 2079 tibus
2311 2012 2773 2095 perdidicissem,
2817 2039 3065 2095 moxque
3121 2025 3459 2092 sensissem,
3500 2029 3558 2079 et
3591 2024 3734 2094 quid

2099 2113 2477 2183 portenderet
2504 2113 2893 2183 intelligerem
2929 2132 2943 2180 ;
2970 2114 3227 2169 iteratoa
3246 2128 3335 2168 me
3366 2112 3750 2183 sentiturjam

2097 2201 2519 2270 stomachante,
2555 2206 2612 2257 et
2633 2218 2770 2257 vere
2804 2201 3059 2271 dolente,
3086 2206 3142 2257 et
3178 2203 3233 2256 in
3288 2216 3376 2257 me
3409 2200 3592 2272 primo
3642 2216 3750 2271 pro

2099 2288 2210 2344 hoc
2232 2289 2360 2360 ipso
2389 2290 2726 2358 indignante
2752 2290 2919 2360 adeo,
2954 2295 3017 2346 ut
3053 2290 3108 2345 in
3142 2304 3271 2345 eum
3305 2288 3748 2347 conculealione

2103 2392 2213 2447 qua
2242 2381 2506 2447 poteram
2538 2378 2884 2449 desevirem,
2913 2393 3022 2449 qua
3056 2383 3227 2433 actus
3265 2377 3317 2432 in
3370 2378 3557 2446 fugam
3614 2392 3746 2432 eum

2099 2465 2381 2534 grunnitn
2414 2465 2688 2535 quodam,
2716 2465 3088 2535 quietaudiri
3114 2464 3498 2536 potuil,ultra
3540 2464 3748 2520 sentiri

2102 2568 2212 2608 non
2229 2553 2439 2623 potuit.
2473 2554 2928 2622 Ingemiscebam
2962 2553 3165 2609 dolore
3207 2553 3506 2622 continuo,
3557 2553 3747 2607 ettibi

2103 2641 2208 2696 soli
2236 2641 2463 2711 flebam,
2499 2642 2755 2712 cybusin
2782 2642 3059 2711 lacrimis,
3093 2648 3267 2713 potus
3298 2641 3501 2698 eratin
3558 2642 3751 2711 suspi-

2103 2729 2237 2785 riis:
2263 2736 2322 2784 et
2338 2733 2399 2785 ut
2418 2744 2505 2785 me
2523 2745 2701 2801 purga
2713 2746 2827 2800 res,
2848 2731 2944 2801 qui
2960 2731 3089 2786 aliis
3105 2730 3422 2803 purgandis
3437 2729 3746 2786 institutus

2103 2832 2286 2888 eram,
2316 2819 2497 2873 tacito
2526 2819 2902 2876 conscientiae
2925 2819 3142 2889 gemitu
3179 2818 3594 2891 supplicabam,
3612 2818 3747 2889 quia

2103 2911 2269 2961 tanto
2302 2907 2571 2963 videbam
2597 2922 2686 2963 me
2720 2908 3309 2979 invalidumpeccatis
3332 2909 3474 2964 meis
3516 2908 3749 2983 exigen-

2108 2994 2267 3050 tibus
2293 2995 2362 3049 ad
2377 2994 2726 3063 corrigenda
2748 2996 3009 3066 quaedam
3023 2998 3244 3067 gravia,
3262 3011 3390 3067 quae
3409 2996 3532 3051 solo
3551 3000 3743 3050 tamen

2105 3082 2309 3137 auditu
2343 3082 2683 3153 didiceram,
2722 3091 2940 3153 quanto
2965 3083 3274 3140 videbatur
3297 3083 3434 3139 mihi
3475 3083 3529 3138 id
3562 3098 3633 3138 ex
3664 3083 3749 3136 in-

2105 3169 2284 3226 curize
2310 3185 2415 3226 mae
2448 3175 2505 3225 et
2548 3171 2920 3242 negligentiae
2953 3172 3176 3228 desidia
3236 3172 3571 3243 procedere.
3633 3170 3744 3225 Sed

2106 3259 2244 3329 quid
2277 3258 2408 3313 dico
2438 3260 2661 3327 gravia,
2683 3274 2814 3315 cum
2848 3275 2917 3316 ne
2950 3260 3169 3315 minuta
3195 3260 3424 3331 quidem
3448 3259 3745 3328 corrigere

2106 3344 2495 3417 praevalebam
2524 3348 2548 3400 ?
2577 3349 2662 3402 Ita
2693 3362 2721 3402 a
2739 3362 2826 3402 me
2846 3348 3035 3403 omnis
3056 3348 3266 3417 virtus,
3288 3345 3740 3416 omnisjustitia,

2105 3432 2293 3490 omnis
2324 3432 2501 3503 rigor,
2539 3439 2839 3505 postremo
2864 3434 3147 3505 quidquid
3169 3432 3310 3490 illud
3325 3432 3579 3503 estquod
3602 3446 3749 3504 prae-

2107 3521 2288 3578 latum
2324 3522 2571 3592 decet,a
2603 3538 2691 3578 me
2754 3528 3105 3593 recesserat,
3161 3523 3325 3593 quasi
3376 3523 3546 3579 factis
3603 3521 3747 3592 ipsis

2108 3610 2247 3665 mihi
2272 3610 2622 3682 loquereris,
2658 3618 2717 3668 et
2752 3611 3000 3681 diceres,
3025 3626 3114 3667 me
3166 3611 3350 3683 primo
3406 3609 3746 3667 curandum.

2108 3698 2247 3765 Quis
2277 3699 2429 3754 enim
2461 3714 2568 3769 ego
2611 3704 2768 3770 tunc,
2790 3700 2879 3757 vel
2913 3699 3102 3770 qualis
3128 3714 3286 3756 eram
3317 3698 3560 3769 ?Utique
3577 3698 3747 3753 homo

2107 3787 2200 3844 cui
2224 3787 2413 3843 omnia
2437 3788 2507 3842 ad
2540 3792 2740 3844 votum
2766 3790 3180 3860 suppetebant,
3206 3786 3433 3856 singula
3473 3801 3578 3857 pro
3608 3791 3747 3842 voto

2107 3880 2295 3946 erant,
2333 3880 2395 3931 ut
2431 3876 2567 3931 mihi
2602 3876 2714 3947 ipsi
2745 3876 2937 3948 palam
2968 3877 3211 3933 daretur
3256 3875 3526 3945 intelligi,
3561 3875 3608 3931 si
3637 3873 3745 3930 tibi

2108 3963 2491 4034 adhesissem,
2525 3979 2631 4020 nec
2664 3966 2799 4021 vitae
2848 3965 3171 4021 remissiori
3232 3965 3393 4019 frena
3441 3963 3742 4032 laxassem,

2109 4053 2565 4110 succedentibus
2598 4054 2892 4124 utrimque
2940 4054 3242 4125 prosperis
3280 4068 3382 4109 rex
3426 4066 3632 4121 essem,
3683 4056 3745 4106 et

2106 4156 2245 4198 vere
2279 4157 2400 4198 rex.
2435 4142 2543 4208 Qui
2570 4143 2721 4198 enim
2756 4142 3088 4198 dominatur
3144 4141 3334 4199 animo
3366 4156 3494 4211 suo,
3544 4138 3743 4195 melior

2109 4235 2200 4285 est
2228 4236 2631 4301 expugnatore
2656 4231 2884 4287 urbium
2912 4248 2926 4297 ;
2957 4231 3089 4301 quia
3116 4245 3253 4286 vero
3277 4230 3436 4299 regia
3478 4228 3609 4283 mihi
3633 4226 3742 4298 ipsi

2106 4318 2358 4375 viluerat
2391 4318 2665 4389 dignitas,
2682 4323 2740 4374 et
2773 4332 2979 4374 nomen
3000 4318 3155 4388 quod
3188 4319 3395 4374 merito
3426 4318 3740 4373 honoratur

2110 4407 2440 4475 sorduerat,
2489 4407 2698 4462 sordes
2748 4421 2855 4462 mea
2910 4407 3115 4462 foetere
3186 4407 3448 4463 fecerunt
3507 4403 3737 4460 odorem

2109 4508 2320 4565 meum,
2356 4498 2419 4550 ut
2452 4495 2680 4550 fructus
2712 4493 3053 4569 penitentiae
3076 4494 3737 4559 darentodoremsuum,

354 4567 645 4639 quomodo
677 4567 934 4639 procella
985 4567 1143 4623 venti
1203 4566 1301 4622 inu
1317 4567 1551 4623 ndantis
1600 4569 1999 4627 secularitatis
2026 4585 2079 4645 D
2113 4587 2169 4637 ιθ
2203 4581 2565 4639 illuminante
2594 4566 2792 4638 tenebi

2203 4581 2565 4639 illuminante
2594 4566 2870 4638 tenebras
2912 4596 3089 4652 meas,
3114 4588 3175 4637 et
3222 4581 3571 4638 emundante
3613 4594 3744 4636 con-

351 4654 679 4725 grassantis
696 4654 893 4724 rapuit
916 4668 1004 4709 me
1028 4653 1099 4709 ad
1114 4655 1207 4709 te?
1223 4654 1620 4710 Abstrahebar
1633 4660 1690 4710 et
1705 4656 1991 4727 videbam,

354 4742 624 4815 rapiebar
654 4748 714 4799 et
746 4742 1068 4798 sentiebam
1106 4741 1372 4798 :furabar
1394 4742 1700 4814 mibiipsia
1735 4744 1993 4816 meipso,

353 4837 413 4889 et
442 4831 732 4899 dolebam,
766 4833 824 4885 et
849 4830 904 4885 in
935 4834 1256 4900 conspectu
1273 4834 1374 4887 tuo
1391 4832 1710 4903 gemebam,
1744 4838 1805 4889 et
1831 4846 1999 4889 cura-

354 4920 571 4977 tionem
595 4917 885 4984 sitiebam,
914 4922 1021 4972 eta
1057 4922 1112 4973 te
1134 4917 1415 4974 vindicari
1448 4924 1503 4974 et
1537 4919 1798 4977 consumi
1867 4934 1999 4991 pec-

353 5014 484 5067 cata
516 5021 640 5063 mea
674 5005 999 5077 cupiebam,
1028 5020 1155 5076 quae
1182 5006 1298 5077 jam
1324 5007 1447 5078 ipse
1487 5008 1595 5064 tibi
1643 5007 1996 5065 confitensiu

353 5112 445 5155 me
474 5094 806 5167 puniebam,
835 5106 1183 5163 quamquam
1233 5109 1346 5150 non
1396 5110 1580 5165 usque
1637 5095 1709 5151 ad
1766 5096 1997 5166 dignam

355 5182 777 5257 pcenitentiam.
814 5180 969 5236 Licet
1000 5182 1150 5236 enim
1181 5196 1270 5238 me
1329 5197 1574 5253 peccare
1616 5182 1896 5252 dolerem,
1940 5189 2000 5239 et

355 5269 1135 5341 aliquandocompungerer,
1168 5285 1276 5326 non
1329 5276 1519 5326 tamen
1577 5271 1634 5325 in
1690 5271 1801 5327 fine
1847 5286 2001 5329 com-

358 5358 682 5431 pungebar,
717 5360 777 5412 ut
816 5370 1058 5428 peccare
1073 5356 1442 5427 desisterem,
1479 5357 1632 5428 quod
1664 5362 1753 5414 est
1780 5373 1998 5417 summa

356 5443 809 5519 penitentiaqui
841 5443 1005 5512 mihi!
1033 5443 1321 5515 quomodo
1360 5446 1745 5515 perturbatur
1777 5447 2001 5504 animus

356 5532 798 5607 praesidentium
848 5533 1044 5590 favore
1099 5532 1504 5589 adulantium?
1553 5532 1854 5599 Quomodo
1902 5536 1998 5607 qui

357 5622 514 5681 beati
538 5621 835 5693 dicuntur,
869 5620 1264 5695 decipiuntur,
1298 5624 1357 5679 et
1390 5621 1774 5694 vitegressum
1796 5637 1997 5683 eorum

2112 4670 2419 4726 scientiam
2451 4675 2731 4726 nostram.
2769 4671 2930 4727 Unde
2956 4685 3067 4726 non
3100 4670 3153 4724 in
3185 4671 3416 4739 longum
3454 4667 3743 4741 prosperi-

2113 4762 2233 4815 tate
2259 4758 2541 4816 malorum
2572 4773 2829 4817 meorum
2846 4760 3062 4816 fruitus
3086 4774 3231 4815 sum.
3261 4758 3549 4814 Nonenim
3580 4755 3739 4813 multi

2111 4847 2402 4903 tinxerant
2432 4845 2577 4922 dies,
2611 4852 2671 4904 et
2700 4848 2955 4904 visitasti
2989 4863 3078 4905 me
3104 4846 3294 4918 gratia
3329 4846 3566 4918 pietatis
3608 4850 3736 4915 tuae,

2109 4939 2174 4992 ut
2206 4935 2494 4993 discerem
2536 4950 2778 5008 sperare
2814 4936 2871 4993 in
2904 4942 2981 5005 te,
3014 4952 3125 4993 non
3149 4936 3372 4992 incerto
3386 4935 3557 5005 hujus
3579 4934 3736 5001 vita;

2111 5024 2452 5081 decreverat
2472 5026 2625 5081 enim
2661 5026 2851 5082 facere
2902 5024 3012 5081 hoc
3056 5039 3260 5081 manus
3308 5022 3732 5094 omnipotentiae

2110 5100 2245 5152 tuae.
2298 5097 2449 5151 Hora
2505 5095 2920 5153 celebrabatur
2990 5096 3192 5166 tercia,
3258 5096 3570 5150 intereram
3621 5094 3737 5165 ipse

2110 5183 2305 5241 choris
2338 5183 2731 5256 psallentium.
2769 5184 3155 5256 Subrepserat
3185 5183 3321 5239 mihi
3382 5183 3479 5239 illa
3532 5181 3739 5251 cogita-

2113 5272 2212 5341 tio,
2248 5286 2419 5343 quam
2450 5277 2509 5329 te
2540 5273 2924 5343 permittente
2947 5276 3005 5328 et
3031 5273 3284 5328 donante
3314 5272 3488 5328 habet
3514 5271 3609 5341 qui
3633 5269 3735 5326 sibi

2112 5360 2389 5433 displicet
2421 5380 2433 5415 :
2466 5377 2556 5418 me
2577 5363 2845 5419 arborem
2869 5360 3314 5431 infructuosam,
3348 5358 3741 5416 terraminuti-

2112 5449 2249 5505 liter
2278 5456 2685 5521 occupantem,
2722 5451 2950 5507 fructus
2993 5448 3126 5506 boni
3148 5448 3348 5522 operis
3370 5447 3575 5503 afferre
3590 5446 3740 5505 fasti-

2112 5537 2387 5608 dientem,
2414 5538 2646 5609 dignam
2676 5537 2896 5595 succidi
2927 5543 2986 5594 et
3009 5536 3270 5595 sucendi.
3302 5537 3427 5594 Non
3447 5549 3581 5592 esse
3596 5535 3740 5592 filios

2113 5630 2450 5684 sanctorum
2480 5626 2578 5698 qui
2601 5628 2806 5684 tenent
2826 5625 2951 5684 loca
2972 5640 3196 5700 eorum,
3229 5625 3333 5685 sed
3355 5624 3453 5697 qui
3471 5627 3737 5684 exercent
