3894 6402
117 397 234 458 369

1363 391 1860 459 CHRONICON.
1906 431 1969 440 -—
2000 393 2152 459 LIB.
2188 393 2259 458 Ιῐ.

3427 391 3545 458 8‘70

123 544 304 605 opera
337 545 559 594 eorum.
599 547 684 590 me
715 533 866 590 omni
901 530 1269 591 lacrimarum
1313 531 1468 591 fonte
1501 532 1774 606 plangen-
1803 525 1858 591 A
1893 527 2081 590 minus
2108 543 2396 604 curarem,
2430 531 2489 589 et
2539 527 2790 588 cessisse
2837 542 2939 588 eos
2982 533 3157 601 atque
3206 525 3279 588 ab
3327 528 3535 602 injuria

124 620 282 692 dum,
320 637 432 693 quo
479 638 643 677 nemo
696 623 876 691 magis
928 628 1163 679 noceret
1215 623 1268 678 in
1315 623 1600 693 :ecclesia,
1638 639 1775 694 quo-

124 710 274 766 niam
308 718 363 767 et
392 727 663 782 perverse
686 713 968 774 vivebam,
1002 713 1369 782 speciemque
1392 712 1692 782 religionis
1715 716 1770 768 et

125 797 320 854 locum
354 800 716 870 praelatiimis
759 802 974 855 habere
1008 800 1263 856 videbar.
1303 802 1627 856 Clamabam
1661 816 1772 857 non

124 902 303 958 parvo
327 888 559 957 affectu,
587 889 814 942 interno
841 892 1061 943 tantum
1089 889 1284 945 cordis
1309 890 1548 959 gemitu,
1574 905 1675 945 ore
1700 889 1776 945 si-

124 975 289 1045 lenti,
317 977 470 1046 quod
495 981 556 1032 tu
583 977 779 1046 dabas,
810 977 960 1046 quod
986 977 1145 1031 cordi
1174 978 1561 1048 aspiraveras,
1593 993 1774 1048 usque

125 1065 192 1118 ad
253 1065 377 1119 oris
439 1065 840 1135 suffusionem,
885 1071 943 1119 et
993 1066 1169 1121 credo
1226 1067 1376 1135 quod
1439 1067 1773 1121 exaudieris

123 1168 323 1209 vocem
359 1168 560 1208 meam.
592 1155 914 1209 Ostendisti
949 1155 1097 1208 enim
1133 1169 1300 1210 servo
1330 1158 1432 1210 tuo
1456 1171 1581 1224 qiue
1606 1170 1776 1224 opor-

125 1243 287 1296 tebat
313 1242 435 1296 ﬁeri
453 1242 588 1308 cito,
608 1241 855 1311 loquens
881 1257 1020 1298 voce
1046 1246 1142 1298 tua
1173 1245 1396 1298 interna
1421 1250 1478 1298 et
1506 1244 1770 1313 mystica,

127 1330 305 1385 multa
323 1345 457 1386 esse
473 1334 709 1401 peccata
736 1346 879 1399 mea,
905 1347 1008 1402 pro
1035 1332 1246 1401 quibus
1271 1333 1575 1402 expiandis
1599 1333 1770 1388 trium

128 1418 262 1473 mihi
297 1418 536 1474 daretur
567 1419 746 1490 optio,
781 1423 877 1473 aut
921 1421 1123 1474 famem
1175 1425 1500 1489 venturam,
1537 1436 1644 1490 qua
1677 1435 1773 1491 po-

127 1507 261 1577 pulo
296 1507 594 1562 dilabente
625 1513 682 1561 et
718 1508 771 1560 in
826 1512 1068 1562 mortem
1121 1513 1326 1563 ruente
1361 1513 1479 1564 tota
1518 1524 1774 1579 pessum-

125 1596 366 1650 daretur
400 1596 659 1665 abbatia,
696 1600 792 1650 aut
829 1596 1319 1666 impugnationem
1372 1598 1769 1667 diripientium

124 1684 449 1739 vicinorum
485 1684 602 1754 pati
636 1683 934 1754 populum,
973 1701 1081 1754 qua
1117 1685 1193 1739 ita
1230 1685 1673 1756 itiilapidarctur,
1711 1692 1771 1740 ut

128 1785 289 1826 mons
316 1771 440 1841 ipse
466 1772 800 1827 rarissimos
827 1773 1180 1827 incoleretur
1204 1774 1552 1841 habitatore,
1570 1779 1666 1829 aut
1687 1789 1771 1827 me

1888 626 2086 678 nostra
2122 637 2410 682 cessasse.
2447 636 2551 692 pro
2581 637 2649 676 eo
2682 619 2836 692 quod
2885 625 3130 676 conatus
3176 635 3374 678 eorum
3417 621 3532 692 jam

1887 712 2143 766 secundo
2174 711 2377 766 irritus
2409 711 2600 766 factus
2646 715 2792 778 erat,
2828 709 3149 777 crederem,
3181 715 3240 764 et
3289 710 3534 766 maxime

1888 815 1988 870 pro
2016 800 2138 869 jugi
2162 814 2360 856 eorum
2387 798 2690 868 obsequio,
2719 797 2813 868 qui
2839 801 3031 852 tamen
3059 813 3169 853 non
3195 798 3340 854 satis
3359 803 3533 869 aptus

1883 893 1940 942 et
1975 888 2104 943 ideo
2131 902 2331 959 parum
2357 892 2486 942 erat
2509 892 2808 956 acceptus,
2838 887 2916 940 ita
2945 891 3006 942 ut
3032 887 3206 941 etiam
3231 887 3535 942 referenti-

1889 978 1993 1032 bus
2027 991 2134 1031 non
2167 976 2492 1044 crederem,
2527 975 2680 1030 sensi
2715 974 2946 1042 tandem
2989 979 3044 1029 et
3097 979 3378 1046 expertus
3407 989 3531 1031 sum

1886 1079 2054 1133 quem
2089 1065 2182 1118 vix
2213 1064 2376 1133 potui
2411 1078 2649 1134 Sperare
2685 1062 2963 1118 dolorem.
2993 1065 3231 1118 Avertat
3266 1065 3418 1120 Deus
3451 1064 3535 1119 fu-

1888 1155 2027 1207 riam
2062 1155 2206 1208 hanc
2241 1154 2312 1207 ab
2345 1152 2613 1208 mcelesia
2676 1155 2814 1207 sua!
2849 1153 2900 1206 in
2951 1166 3039 1206 me
3089 1152 3323 1208 ﬁniatur
3372 1155 3536 1208 tanta

1886 1242 2110 1296 malicia
2140 1260 2152 1307 ;
2188 1241 2294 1295 huc
2343 1257 2466 1295 eam
2519 1241 2750 1295 venisse
2803 1240 3070 1296 sufﬁciat.
3107 1242 3225 1297 Hec
3260 1240 3532 1310 Vigilium

1885 1331 2182 1386 diaeonem
2219 1330 2270 1386 in
2307 1329 2531 1385 Silverii
2567 1345 2730 1400 papas
2756 1329 3077 1385 beatissimi
3105 1330 3348 1385 armavit
3381 1330 3532 1400 dejev

1884 1419 2154 1487 etionem,
2182 1425 2240 1472 et
2265 1419 2396 1473 dum
2422 1417 2548 1486 ejus
2574 1419 2910 1489 concupivit
2937 1418 3156 1486 sedem,
3175 1418 3424 1490 adeptus
3443 1422 3532 1474 est

1885 1507 2271 1562 anathematis
2298 1506 2763 1577 dampnationem
2786 1523 2799 1570 ;
2819 1520 2986 1575 quam
3010 1507 3381 1577 postmodum
3411 1507 3532 1578 pari

1883 1601 2042 1651 sorte
2077 1595 2355 1650 multatus
2387 1594 2662 1665 expiavit.
2695 1597 2823 1649 llzec
2852 1595 3055 1664 pestis,
3086 1599 3148 1650 ut
3171 1595 3240 1649 de
3266 1595 3532 1665 speciali,

1886 1683 2017 1753 quia
2052 1685 2350 1738 innumera
2382 1687 2720 1751 occurrunt,
2751 1683 2981 1736 interim
3017 1687 3339 1752 taceamus,
3361 1697 3534 1752 gene-

1886 1771 1990 1825 rali
2025 1773 2156 1825 tabe
2190 1771 2375 1824 omnia
2414 1772 2531 1824 fere
2575 1770 2756 1824 nostri
2807 1771 3089 1840 temporis
3120 1771 3383 1841 corrupit
3420 1785 3536 1826 mo-

127 1861 324 1928 fugere
361 1859 626 1914 inimicos
645 1876 803 1914 meos
829 1866 1087 1930 tempore
1116 1861 1373 1931 praeﬁxo,
1405 1861 1535 1916 illos
1561 1861 1773 1917 invale-
1805 1885 1854 1942 Β
1888 1859 2141 1915 nasteria
2169 1876 2182 1924 ;
2217 1863 2272 1912 et
2308 1859 2528 1927 ignitus
2566 1858 2661 1912 ille
2695 1873 2938 1928 serpens
2979 1859 3536 1914 obmurmurationis

123 1963 304 2014 scere,
341 1963 432 2003 me
471 1949 702 2003 omnino
749 1948 1018 2017 deﬁcere,
1059 1954 1116 2003 ut
1167 1950 1399 2003 omnino
1455 1965 1563 2004 non
1612 1956 1771 2004 esset

126 2037 218 2107 qui
243 2051 329 2091 me
353 2037 600 2092 amicum
637 2043 983 2104 agnosceret
1007 2041 1067 2092 et
1087 2041 1148 2092 ut
1173 2039 1355 2093 amico
1383 2039 1768 2108 benefaceret,

123 2131 179 2179 et
203 2130 396 2180 tamen
426 2125 655 2180 infamia
685 2140 806 2180 mea
833 2126 884 2179 in
913 2127 1064 2180 omni
1094 2127 1390 2196 tripertito
1426 2127 1532 2181 hoc
1567 2143 1774 2196 purga-

125 2213 301 2268 tionis
331 2229 549 2282 genere
584 2228 692 2267 non
728 2213 972 2268 lateret:
1006 2229 1139 2268 esse
1172 2220 1363 2268 autem
1392 2215 1444 2268 in
1471 2214 1772 2270 voluntate

126 2316 268 2368 mea,
308 2308 372 2356 ut
409 2302 856 2357 adbreviaretur
888 2302 1018 2356 mali
1054 2306 1282 2373 tempus
1323 2304 1772 2371 exaggeratione

126 2390 397 2446 vindictae
430 2391 623 2446 acrius
649 2391 1002 2454 inundantis,
1023 2406 1090 2444 an
1119 2391 1564 2461 prolongaretnr
1589 2408 1775 2447 moro-

126 2478 294 2534 sitate
327 2478 586 2548 alicujus
621 2479 1036 2533 deliniationis.
1063 2480 1349 2549 Obstupui
1377 2479 1446 2534 ad
1471 2495 1668 2534 vocem
1697 2479 1775 2534 lo-

129 2567 378 2636 quentis,
421 2572 480 2621 et
511 2582 640 2621 cum
674 2572 901 2622 artarer
933 2567 1251 2637 responsis,
1277 2568 1608 2636 recogitans
1642 2569 1773 2637 quia

127 2668 228 2722 ego
259 2670 386 2710 sum
427 2655 520 2724 qui
556 2655 808 2724 peccavi,
844 2671 950 2721 ego
996 2656 1090 2724 qui
1144 2655 1339 2724 inique
1391 2656 1502 2723 egi,
1541 2656 1773 2710 subdidi

131 2757 212 2797 me
241 2742 492 2812 justitize
525 2744 644 2810 Dei,
672 2743 938 2812 quoniam
973 2745 1176 2811 bonus,
1211 2749 1265 2797 et
1304 2744 1356 2796 in
1391 2743 1647 2799 seculum
1684 2745 1775 2798 mi~

131 2831 448 2888 sericordia
475 2831 619 2900 ejus.
647 2831 874 2886 'l‘imeus
909 2847 1044 2886 vero
1080 2847 1146 2885 ne
1179 2832 1483 2886 (,leiicerem
1511 2832 1562 2886 in
1599 2833 1772 2888 tribu-

135 2919 464 2989 lationibus,
491 2935 618 2973 eum
645 2935 868 2974 orarem
897 2921 1182 2974 reservari
1209 2920 1344 2973 mihi
1379 2920 1607 2989 aliquos
1641 2922 1776 2975 ami-

133 3023 346 3077 corum,
381 3023 626 3080 quorum
659 3009 921 3063 consiliis
979 3012 1341 3078 protegerer,
1393 3024 1501 3063 non
1550 3010 1773 3079 optinui

134 3096 238 3151 nisi
273 3097 520 3165 gratiam
557 3097 742 3167 patris
775 3097 980 3166 nostri,
1016 3113 1183 3167 quem
1238 3097 1408 3152 etiam
1464 3098 1774 3153 novissime

135 3183 433 3241 habiturus
465 3200 573 3240 non
607 3201 817 3254 esseni,
852 3191 908 3239 et
957 3185 1147 3239 audivi
1185 3187 1335 3254 quod
1371 3185 1575 3240 domus
1608 3186 1774 3242 ducis

136 3273 370 3327 maxime
403 3274 696 3329 infamiam
732 3274 1010 3328 dilataret
1041 3279 1100 3327 et
1134 3274 1536 3343 amplificaret.
1571 3277 1774 3331 Preca-

133 3364 222 3415 tus
252 3376 396 3429 sum,
424 3367 484 3416 ut
522 3362 815 3431 patientia;
849 3361 1065 3416 virtute
1105 3364 1379 3430 mimirer,
1410 3379 1478 3417 ne
1512 3364 1776 3418 subcum-

136 3449 343 3518 berem,
373 3455 435 3504 et
466 3449 818 3505 ammonitus
852 3466 974 3504 sum
1010 3450 1064 3504 in
1113 3450 1494 3507 tribulatione
1544 3466 1775 3522 semper

132 3537 343 3603 gratias
377 3552 571 3607 agerc,
598 3553 734 3592 vera
761 3537 1118 3606 ejusjudicia
1145 3538 1402 3606 laudare,
1431 3545 1488 3594 et
1514 3555 1633 3594 mea
1662 3555 1774 3594 ma-

135 3623 330 3680 lefacta
365 3641 646 3681 accusare
679 3645 692 3680 :
730 3628 835 3680 hoc
887 3625 1086 3681 addito
1140 3627 1312 3696 quod,
1351 3628 1620 3697 quotiens
1667 3629 1771 3684 hoc

135 3713 411 3780 fecissem,
435 3714 567 3769 mali
597 3715 803 3770 molem
831 3714 1191 3783 levigandam
1217 3716 1618 3771 consolatione
1644 3733 1773 3786 pro-

132 3800 461 3872 pinquante.
521 3805 800 3858 Futurum
856 3807 1048 3859 autem
1102 3810 1163 3859 ut
1207 3804 1434 3858 infamia
1486 3811 1766 3873 cessaret,

131 3891 307 3956 gratia
326 3892 884 3962 rediret,tribulatio
899 3893 1632 3961 evanesceret,consolatio
1648 3910 1773 3949 suc-

132 3985 416 4035 cresceret
451 3999 463 4036 :
499 3985 633 4036 tunc
669 3997 779 4036 non
811 3981 1198 4036 obliviscerer
1232 3981 1474 4048 Domini,
1504 3983 1602 4052 qui
1642 3997 1771 4053 per—

131 4067 272 4121 cutit
302 4074 361 4124 et
390 4075 578 4138 sanat,
612 4069 792 4124 deicit
821 4075 876 4124 ct
911 4069 1164 4134 allevat;
1198 4069 1367 4137 cujus
1402 4069 1626 4138 flagella
1671 4070 1770 4123 mi-

133 4156 442 4213 serationes
475 4161 630 4224 sunt,
659 4159 902 4213 verbera
932 4158 1386 4228 prepiciationes
1412 4163 1565 4212 sunt.
1595 4158 1765 4213 Plura

135 4247 406 4309 praetereo
441 4261 570 4316 quae
606 4247 657 4300 in
672 4247 985 4317 plebuntur
1017 4250 1280 4316 tempore
1314 4262 1438 4300 suo.

197 4331 330 4396 (F01.
368 4334 511 4404 139’)
542 4335 778 4390 Tercius
810 4335 988 4404 igitur
1039 4336 1324 4404 agebatur
1356 4349 1559 4401 annus,
1597 4339 1652 4388 et
1687 4335 1768 4404 ip-

134 4418 248 4475 sius
277 4423 404 4476 anni
449 4423 662 4478 mensis
711 4439 900 4479 nonus
930 4437 1000 4477 ex
1033 4439 1146 4493 quo
1183 4423 1568 4478 Flaviniacum
1602 4437 1768 4477 vene-

137 4521 266 4576 ram,
293 4526 417 4566 cum
447 4511 718 4582 repetitis
748 4527 813 4567 ea
848 4527 974 4581 quae
1006 4512 1234 4566 solebat
1268 4511 1583 4567 domestica
1611 4511 1768 4566 nudi-

137 4594 214 4651 cia
247 4612 332 4653 me
363 4605 455 4654 est
484 4615 760 4669 aggressa
795 4599 1164 4671 calumpniis,
1197 4604 1256 4654 et
1286 4599 1624 4668 majoribus,
1656 4603 1766 4654 Deo
1799 4584 1853 4645 D

139 4683 330 4754 utique
365 4689 759 4758 permittente,
797 4704 963 4758 quem
999 4689 1184 4744 solum
1219 4689 1479 4758 repperit
1509 4689 1770 4744 turbavit

139 4768 368 4838 injuriis.
397 4778 474 4832 Ac
508 4777 753 4847 primum
775 4776 1044 4832 clanculo
1078 4776 1187 4831 fide
1211 4777 1320 4831 sibi
1344 4777 1585 4832 invicem
1610 4779 1765 4846 data,

139 4858 337 4918 fratres
367 4868 422 4918 et
457 4864 557 4919 lilii
584 4866 763 4920 nostri
791 4865 987 4935 operis
1014 4865 1185 4934 hujus
1209 4866 1479 4921 conscios
1505 4865 1612 4920 sibi
1639 4881 1771 4921 con-

138 4945 408 5021 sciscunt,
434 4954 746 5023 complices
770 4953 1075 5021 advocant,
1103 4954 1362 5009 fautores
1387 4954 1689 5024 promissis
1713 4960 1771 5010 et

140 5039 463 5095 muneribus
511 5042 620 5096 sibi
671 5041 1009 5110 conciliant,
1048 5041 1178 5097 inde
1217 5041 1323 5113 ipsi
1355 5043 1503 5097 idem
1536 5058 1772 5099 accusa-

139 5123 286 5178 tores
317 5130 372 5180 et
405 5133 585 5184 testes
619 5129 960 5200 procedunt,
983 5133 1038 5183 et
1073 5130 1142 5184 ad
1173 5131 1537 5186 lacerandam
1566 5134 1769 5187 famam

141 5215 384 5270 nostram
413 5220 469 5270 et
523 5218 940 5288 inprobandum
990 5219 1163 5273 vitam
1217 5225 1477 5274 uestram
1527 5235 1769 5290 quasque

139 5308 368 5364 possunt
403 5305 646 5374 maligna
675 5306 1050 5376 concinnant,
1087 5314 1434 5363 accusantes
1485 5324 1570 5362 me
1616 5311 1769 5380 apud

139 5398 294 5472 omne
315 5389 601 5449 hominum
624 5409 808 5463 genus
827 5394 1170 5450 criminibus
1195 5396 1532 5465 mortiferis,
1558 5402 1613 5452 et
1642 5414 1769 5468 qua-3

139 5481 270 5541 Ipsae
303 5479 500 5537 audire
528 5497 698 5538 aures
749 5489 1227 5553 expavescerent.
1267 5486 1428 5551 Quod
1479 5503 1608 5542 cum
1662 5502 1770 5557 ego

207 5666 349 5742 (214)
381 5673 422 5728 Ι.
453 5688 504 5731 e.
538 5691 648 5732 non
689 5649 1128 5732 erubescentes.

1887 1948 2096 2002 malum
2130 1963 2159 2002 a
2195 1947 2409 2018 popqu
2437 1947 2678 2002 Iudaico
2712 1946 2980 2014 migravit
3017 1947 3069 2001 in
3102 1947 3308 2001 turbas
3344 1961 3537 2002 mona-

1885 2037 2148 2103 chorum,
2175 2041 2234 2089 ut
2257 2034 2371 2102 jam
2396 2049 2542 2104 pene
2577 2036 2646 2088 ab
2680 2034 2766 2089 eis
2800 2034 2931 2104 quis
2962 2033 3116 2089 filius
3149 2034 3333 2104 patris
3368 2035 3536 2090 bene-

1885 2124 2195 2179 dictionem
2224 2128 2520 2178 mereatur
2545 2123 3177 2194 prorsusignoretur;a
3197 2122 3406 2192 quibus
3421 2136 3532 2178 non

1883 2216 2110 2266 tantum
2156 2217 2384 2282 patrum
2441 2211 2704 2280 pudenda
2758 2209 3112 2279 revelantur,
3150 2225 3259 2266 non
3307 2215 3533 2267 tantum

1888 2300 2189 2367 fratribus,
2226 2314 2423 2354 verum
2459 2299 2758 2353 extraneis
2809 2298 3170 2367 irrisoribus,
3207 2297 3307 2354 sed
3358 2299 3533 2353 etiam

1888 2389 2008 2459 ipsa
2045 2393 2282 2459 paterna
2315 2388 2542 2443 viscera
2589 2388 2956 2458 scinduntur,
2988 2388 3121 2445 dum
3177 2403 3286 2459 pax
3335 2388 3536 2443 {eccle-

1887 2478 2146 2546 siastica,
2179 2477 2403 2546 glutine
2452 2477 2720 2532 caritatis
2773 2477 3045 2546 rescisso,
3080 2476 3391 2532 dirimitur.
3431 2462 3534 2532 Ubi

1886 2582 2025 2635 ergo
2077 2567 2319 2637 privatis
2364 2566 2630 2621 consiliis
2680 2567 3072 2631 factiosorum,
3119 2581 3229 2620 non
3283 2565 3533 2622 filiorum

1888 2656 1998 2711 sibi
2031 2655 2142 2725 ipsi
2176 2655 2299 2710 visa
2323 2660 2412 2709 est
2441 2655 2802 2726 processisse
2822 2654 3170 2725 calumpnia,
3195 2669 3266 2709 ex
3288 2654 3536 2710 occultis

1891 2743 2114 2800 insidiis
2147 2744 2216 2799 ad
2247 2748 2482 2814 apertas
2507 2744 3147 2814 prorupitinimicitias,
3175 2743 3406 2813 etquod
3435 2759 3535 2814 per

1889 2833 2082 2888 socios
2108 2832 2529 2903 disperserant,
2557 2833 2689 2887 mihi
2718 2833 2822 2903 ipsi
2852 2833 3154 2888 incruhide
3179 2833 3326 2902 (214)
3348 2832 3535 2902 palam

1891 2922 2202 2992 protestati
2222 2927 2375 2976 sunt.
2398 2896 2860 2990 Fateor,eruhu\t,
2880 2926 2937 2976 et
2953 2921 3023 2976 ad
3042 2935 3127 2976 me
3143 2921 3332 2991 ipsum
3355 2935 3538 2975 rever.

1888 3026 2008 3078 sus,
2037 3011 2302 3079 cogitans
2329 3012 2458 3080 qua
2475 3010 2721 3080 judicia.
2747 3012 2871 3074 tua,
2891 3011 3056 3076 Deus,
3075 3008 3326 3080 abyssus
3345 3009 3538 3063 multa

1892 3100 2079 3162 (Psal.
2119 3114 2284 3166 xxxv,
2320 3105 2397 3166 7/,
2432 3115 2558 3153 eum
2595 3099 2777 3153 solum
2814 3113 2901 3153 me
2945 3097 3261 3152 invenirem
3296 3097 3366 3152 de
3399 3096 3536 3152 ami-

1886 3189 1992 3257 cis,
2028 3187 2353 3255 objurgatis
2383 3188 2469 3242 eis
2503 3187 2822 3255 assurrexi,
2849 3192 2908 3241 et
2941 3186 3119 3241 multa
3142 3186 3384 3241 volvens
3409 3201 3536 3255 quas

1887 3277 2183 3332 audieram
2221 3291 2321 3330 nec
2367 3276 2752 3343 crediderai‘n,
2791 3276 3012 3331 foveam
3063 3275 3195 3328 mihi
3250 3277 3534 3344 paratam,

1886 3366 2052 3421 dolos
2087 3370 2320 3434 aptatos
2345 3364 2627 3433 intellexi,
2655 3363 3005 3433 decrevique
3028 3363 3257 3417 tandem
3283 3361 3534 3432 experiri

1887 3455 2196 3520 fortunam,
2233 3454 2278 3507 si
2315 3453 2506 3507 saltim
2537 3453 2589 3507 in
2616 3454 2705 3507 his
2729 3467 2877 3522 quos
2900 3451 3114 3507 ceteris
3138 3453 3533 3522 praefecerant,

1886 3542 2054 3597 fidem
2110 3541 2445 3597 invenirem.
2495 3543 2563 3596 Et
2614 3541 2749 3596 licet
2803 3540 3068 3611 pluribus
3117 3539 3536 3610 experimentis

1886 3646 2052 3685 unam
2086 3645 2284 3686 eorum
2317 3630 2671 3685 voluntatem
2709 3629 2941 3696 scirem,
2971 3628 3226 3696 cogitavi
3251 3634 3440 3683 tamen
3462 3643 3531 3683 eo

1885 3719 2019 3773 mihi
2045 3719 2177 3774 illos
2195 3719 2400 3774 vinciri
2431 3732 2600 3788 posse
2628 3717 2816 3786 modo,
2837 3717 2880 3772 si
2900 3717 3310 3772 auctoritatem
3335 3731 3533 3771 eorum

1884 3807 2000 3862 illis
2030 3823 2400 3878 Opponerem,
2425 3813 2479 3861 et
2505 3813 2749 3862 conatus
2782 3806 3013 3861 illorum
3049 3805 3290 3861 illicitos
3327 3807 3532 3860 herum

1881 3896 2172 3964 gravitate
2205 3910 2575 3954 coercerem:
2611 3912 2721 3965 qua
2774 3899 2967 3950 tamen
3022 3895 3318 3950 molitione
3362 3893 3536 3950 nichil

1884 3985 2123 4054 profeci.
2151 3985 2440 4039 Dederunt
2465 3985 2614 4039 enim
2642 3984 2776 4039 mihi
2811 3986 3010 4050 verba,
3039 4000 3146 4039 non
3181 3982 3444 4051 consilia,
3476 3988 3538 4037 ut

1883 4073 2135 4128 Colticas
2189 4073 2349 4136 irem,
2388 4088 2502 4142 quo
2531 4073 2645 4141 jam
2681 4076 2886 4128 exacto
2920 4087 3069 4126 anno
3100 4077 3154 4127 et
3190 4088 3257 4127 eo
3290 4071 3538 4142 amplius

1883 4177 1989 4217 non
2027 4163 2266 4228 fueram,
2299 4161 2468 4230 quasi
2504 4161 2574 4215 ad
2607 4162 2684 4216 ibi
2720 4161 3078 4232 pausandum
3115 4166 3248 4231 post
3281 4159 3534 4215 laborem

1881 4249 2091 4304 messis
2121 4253 2180 4303 et
2212 4249 2653 4318 vindemiarum,
2693 4249 2839 4318 ipsis
2893 4249 3124 4303 interim
3181 4249 3536 4303 laboraturis

1881 4353 1987 4409 pro
2022 4351 2160 4408 pace
2193 4342 2248 4391 et
2285 4337 2482 4406 quiete
2518 4341 2739 4405 nostra,
2778 4352 2839 4391 re
2873 4342 3064 4391 autem
3112 4352 3246 4392 vera
3279 4337 3347 4392 ad
3383 4337 3535 4407 quod

1884 4425 2736 4496 intendebantOportunitatem
2754 4424 3017 4480 etocium
3043 4426 3308 4481 absentia
3336 4431 3534 4480 nostra

1883 4514 2186 4585 adepturis
2222 4521 2282 4570 ut
2306 4514 2675 4584 perﬁcerent.
2705 4513 2855 4583 Feci,
2881 4514 3073 4568 ethoc
3099 4513 3288 4567 minus
3314 4517 3533 4580 astute,

1883 4607 1940 4658 et
1977 4603 2196 4673 paratis
2229 4617 2355 4672 qua}
2389 4601 2716 4657 necessaria
2769 4605 2954 4669 erant,
2991 4600 3394 4655 benedictione
3446 4616 3537 4657 ac~

1884 4697 2073 4762 cepta,
2111 4692 2202 4747 die
2232 4696 2262 4743 5
2298 4691 2415 4746 Kal.
2455 4691 2687 4746 Octobr.
2726 4691 2906 4760 (Sept.
2964 4692 3054 4756 '27)
3109 4704 3380 4760 pransum
3438 4689 3538 4743 ivi-

1886 4796 2030 4852 mus,
2085 4780 2430 4850 quibusdam
2478 4795 2549 4834 ex
2603 4779 2910 4846 fratribus,
2965 4777 3406 4848 quamplurimis
3465 4794 3536 4832 ex

1885 4868 2066 4938 laycis
2100 4868 2401 4923 uobiscum
2437 4867 2939 4927 accumbentibus.
2967 4871 3024 4921 et
3067 4873 3200 4937 post
3231 4864 3406 4920 solito
3447 4881 3538 4921 ac-
3586 4898 3590 4904 -

1883 4958 2148 5013 curatius
2178 4957 2477 5012 nobiscum
2525 4955 3058 5027 progredientibus,
3093 4967 3313 5024 uosque
3359 4954 3539 5009 dedu-

1881 5046 2306 5116 centibus,tota
2333 5044 2502 5115 plebe
2530 5045 2682 5114 quod
2709 5060 2818 5099 non
2847 5046 3153 5114 sperabam
3183 5043 3538 5110 ingeminan-

1885 5141 1959 5202 tc,
1999 5150 2085 5189 me
2115 5134 2341 5189 scilicet
2376 5149 2484 5189 non
2521 5132 2589 5187 ad
2627 5146 2910 5203 prmsens°
2940 5147 3314 5188 reversurum
3349 5131 3538 5188 disce-

1883 5223 2041 5279 dere.
2104 5224 2382 5279 Notabam
2441 5221 2689 5291 singula,
2740 5226 2798 5275 et
2861 5220 3152 5274 admirans
3208 5220 3539 5290 inopinatos

1885 5310 1999 5366 voti
2034 5324 2232 5364 eorum
2269 5312 2604 5379 proventus,
2639 5306 2900 5361 sentiens
2933 5307 3104 5359 etiam
3147 5305 3201 5359 in
3237 5321 3324 5359 me
3357 5307 3536 5363 multa

1883 5407 1941 5455 et
1967 5415 2110 5470 pene
2135 5397 2576 5453 innumerabilia
2594 5396 2836 5450 verbere
2853 5398 2907 5448 et
2926 5393 3299 5465 correptione
3324 5394 3542 5463 dignis-

1884 5491 2048 5558 sima,
2069 5487 2363 5544 subdebar
2385 5486 2574 5541 animo
2595 5483 2834 5554 judiciis
2855 5482 3065 5539 divina:
3092 5482 3536 5555 misericordiae,

1724 5612 1949 5670 ΝΟΤᾹΞ.
