3894 6472
372 387 483 454 871

1333 393 1703 458 HUGONIS
1746 393 2099 457 ABBATIS
2140 393 2816 459 FLAVINIACENSIS

3673 397 3772 458 37?.

378 544 772 590 rememorans
800 527 1016 605 judicia
1050 529 1147 589 Dei
1192 530 1419 591 occulta
1450 534 1508 589 et
1542 545 1851 604 numquam
1881 527 2030 605 inju-
2056 527 2114 593 A
2141 530 2476 591 vecordiam
2505 547 2780 593 coercere
2804 532 3347 607 praesumptionem,
3370 536 3432 593 et
3459 536 3776 608 perterrere

380 627 491 680 sta.
520 623 587 678 Et
621 636 773 680 nunc
793 620 981 678 adhuc
1003 622 1109 678 hec
1134 621 1399 679 scribens
1417 621 1688 694 supplico
1706 622 1834 694 tibi,
1863 626 2031 694 pater

380 710 917 768 misericordiarum
932 713 989 768 et
1006 713 1156 768 Deus
1171 711 1358 768 totius
1372 711 1889 778 consolationis,da
1910 726 2053 783 pec-~

379 799 563 856 catori
579 799 830 873 supplici
846 805 950 857 tuo
965 800 1213 857 animum
1232 800 1632 872 patientem,in
1650 800 2030 858 tribulatione

377 889 599 960 gratias
612 893 905 960 agentem,
922 894 1118 945 errata
1134 904 1235 945 sua
1254 904 1571 959 agnoscere
1586 895 1645 945 et
1660 891 1769 947 sub
1788 889 2034 958 ﬂagellis

376 979 620 1052 pietatis
654 983 771 1035 tua)
812 977 1115 1035 humiliter
1148 978 1218 1033 ad
1252 983 1309 1034 te
1342 980 1657 1050 suspirare.
1695 980 1777 1035 Ab
1810 979 1907 1034 illo
1939 979 2031 1034 die

378 1066 661 1124 neminem
698 1066 1224 1123 Flaviniacensium
1268 1067 1406 1133 vidi,
1442 1069 1749 1124 manifesta
1802 1067 2031 1136 cognita

358 1156 475 1211 .Dei
516 1156 760 1225 virtute,
796 1155 891 1226 qui
946 1156 1201 1227 disponit
1252 1157 1438 1212 omnia
1482 1157 1537 1212 in
1582 1156 2027 1227 tranquillitate,

385 1245 515 1315 quia
555 1247 927 1301 recesserunt
963 1259 1163 1299 omnes
1192 1259 1221 1300 a
1254 1259 1364 1313 me,
1399 1246 1497 1315 qui
1530 1250 1589 1301 et
1631 1260 1760 1301 cum
1809 1260 2032 1300 mecum

391 1336 615 1404 essent,
645 1333 815 1403 longe
846 1338 1011 1389 erant
1045 1348 1074 1389 a
1107 1348 1217 1403 me,
1241 1334 1373 1389 etsi
1397 1334 1492 1404 qui
1519 1334 1871 1389 adheserunt
1897 1333 2033 1388 mihi

378 1422 433 1479 in
455 1422 858 1493 tribulatione,
876 1422 1146 1478 videntes
1172 1421 1324 1493 quod
1350 1424 1648 1479 defecerat
1668 1422 2033 1478 Flaviniacus

376 1526 405 1567 a
437 1526 546 1579 me,
584 1511 693 1585 ipsi
726 1526 956 1583 quoque
988 1512 1206 1567 abiere.
1246 1513 1315 1568 Et
1348 1512 1481 1582 quia
1529 1514 1746 1569 abusus
1780 1526 1902 1568 sum
1939 1526 2037 1582 po-

374 1602 556 1659 tentia
617 1603 673 1655 et
727 1599 945 1657 honore
978 1600 1252 1670 seculari,
1289 1600 1423 1656 dum
1470 1601 1657 1672 licuit,
1692 1601 1862 1656 donis
1893 1601 2031 1671 tuis,

378 1690 631 1759 Christe,
664 1690 795 1760 quia
848 1693 1037 1745 totum
1085 1695 1213 1743 erat
1264 1690 1367 1744 abs
1418 1693 1499 1758 te,
1536 1705 1643 1745 nec
1676 1696 1740 1746 ut
1770 1689 1941 1746 debui
1977 1694 2032 1745 et

377 1779 539 1851 potui
574 1779 870 1835 reveritus
895 1793 1018 1835 sum
1047 1778 1307 1834 datorem
1337 1779 1569 1836 illorum
1596 1784 1684 1835 te:
1710 1794 1846 1835 ecce
1872 1778 2033 1834 solus

2142 622 2410 695 exemplo
2434 623 2742 696 Cham,qui
2770 625 2901 695 quia
2928 625 3109 696 patris
3133 625 3385 682 verenda
3411 625 3655 695 detexit,
3680 640 3779 681 ma-

2144 712 2514 769 ledictionem
2553 715 2880 771 hereditate
2933 716 3210 786 possedit,
3243 715 3531 772 inmemor
3565 715 3696 772 fidei
3728 722 3778 771 et

2142 802 2304 872 pacis
2321 808 2525 873 pactae,
2545 803 2785 873 gavisus
2798 808 2887 859 est
2904 805 3051 874 quod
3070 804 3391 861 invenisset
3415 804 3606 861 locum
3626 808 3775 876 opta-

2143 894 2262 947 tum
2288 892 2453 961 quasi
2482 908 2619 949 suas
2643 892 2885 963 injurias
2910 892 3258 959 ulciscendi;
3281 899 3340 948 et
3364 893 3658 949 infamiam
3692 909 3774 949 no-

2142 984 2345 1049 stram,
2373 985 2683 1051 antequam
2706 996 2795 1037 me
2816 982 3158 1038 conveniret
3181 980 3391 1051 legatis
3413 987 3515 1037 aut
3541 982 3767 1047 litteris,

2141 1068 2412 1125 omnibus
2438 1069 2492 1124 in
2524 1069 2682 1125 curia
2716 1073 2774 1126 et
2805 1074 2972 1126 extra
3006 1070 3225 1126 curiam
3258 1070 3663 1141 publicandam
3684 1086 3771 1127 cu-

2142 1156 2311 1212 ravit.
2348 1159 2463 1214 Nec
2495 1174 2687 1224 mora;
2723 1158 3046 1214 llubaldum
3086 1159 3155 1214 de
3185 1160 3323 1228 suis,
3358 1158 3475 1215 illis
3505 1160 3771 1215 fratribus

2142 1244 2589 1303 infamatoribus
2616 1248 2839 1303 nostris
2863 1248 3146 1304 sociatum
3188 1247 3571 1303 Flaviniacum
3598 1248 3764 1315 misit,

2142 1339 2245 1389 cte
2274 1335 2509 1391 diverso
2524 1336 3767 1406 venienteslegatisui,etuostri,cmnobium

2145 1422 2575 1491 ingrediuntur.
2594 1425 2790 1481 Nostri
2814 1429 3101 1481 conventu
3127 1425 3398 1495 adunato,
3418 1425 3607 1481 salute
3622 1426 3766 1489 data.

2144 1525 2326 1581 pauca
2352 1527 2457 1582 pro
2478 1517 2742 1584 tempore
2763 1518 2822 1568 et
2846 1529 2907 1569 re
2932 1514 3178 1583 loquuti,
3197 1530 3323 1570 cum
3350 1514 3767 1583 redarguissent

2143 1614 2242 1655 eos
2273 1601 2469 1657 verbis
2500 1602 2776 1671 juveuum
2806 1617 2935 1658 esse
2966 1603 3201 1658 nimium
3235 1602 3522 1669 credulos,
3560 1604 3774 1673 optule-

2146 1692 2279 1743 runt
2309 1689 2396 1744 eis
2431 1704 2502 1744 ex
2535 1695 2731 1746 nostra
2759 1695 2923 1761 parte
2948 1691 3347 1761 purgationem
3374 1691 3681 1759 illatorum,
3710 1707 3771 1745 ue

2146 1776 2523 1834 dissentirent
2548 1794 2577 1835 a
2612 1780 2971 1849 subjectionc
2997 1783 3195 1837 nostra
3214 1784 3274 1835 et
3295 1779 3652 1845 obedientia;
3676 1795 3772 1835 nec

380 1885 529 1939 sum,
556 1874 617 1924 et
638 1883 751 1925 non
785 1884 909 1924 sum
946 1868 1123 1931 solus,
1150 1869 1282 1940 quia
1318 1884 1423 1925 uec
1456 1869 1615 1925 solus
1646 1870 1874 1941 patior;
1899 1886 2033 1927 eon-
2057 1886 2115 1949 Β
2147 1869 2406 1938 suscepti
2440 1874 2595 1925 sunt.
2622 1870 2903 1937 Ingressis
2935 1875 2992 1923 et
3026 1869 3164 1938 illis,
3199 1870 3295 1939 qui
3323 1870 3771 1939 expectabantur

382 1958 691 2030 patiuntur
724 1957 873 2012 enim
908 1962 1197 2027 quotquot
1229 1962 1363 2014 sunt
1400 1965 1617 2029 patres,
1651 1964 1933 2029 quotquot
1967 1977 2030 2016 se

375 2048 605 2104 viscera
640 2052 881 2118 paterna
914 2047 1131 2103 habere
1162 2052 1579 2104 memorantur.
1609 2048 1717 2103 Sed
1744 2050 1835 2104 cui
1869 2064 2031 2105 aver-

378 2142 537 2193 teras
569 2135 771 2192 faciem
805 2139 985 2204 tuam,
1015 2134 1173 2204 juste
1207 2137 1397 2192 factus
1420 2138 1938 2193 estconturhatus.
1968 2140 2029 2193 lu

376 2226 644 2282 omnibus
675 2239 776 2280 ore
807 2228 866 2281 et
894 2224 1072 2281 corde
1105 2224 1386 2281 benedico
1412 2231 1489 2293 te,
1517 2225 1704 2280 solum
1731 2241 1917 2282 meum
1943 2242 2031 2282 re-

382 2314 624 2384 fugium,
641 2314 1236 2384 quietconturbatum
1259 2329 1367 2369 non
1394 2314 1728 2383 deseruisti,
1747 2316 1846 2371 sed
1866 2316 2028 2370 miris

376 2407 432 2458 ct
468 2402 648 2458 variis
682 2402 868 2458 modis
900 2417 1002 2458 cor
1036 2417 1220 2459 meum
1254 2403 1530 2471 visitasti,
1568 2409 1628 2458 ut
1662 2404 1866 2459 scirem
1901 2419 2028 2474 quae

378 2492 588 2564 patior,
618 2506 647 2547 a
679 2496 738 2547 te
771 2506 934 2557 esse;
959 2492 1093 2561 quia
1126 2492 1236 2547 etsi
1272 2492 1528 2563 peccavi,
1554 2497 1615 2547 et
1647 2498 1883 2564 peccata
1906 2508 2026 2549 mea

379 2580 557 2637 multa
594 2584 726 2636 sunt
765 2584 825 2635 et
856 2580 1179 2649 innumera,
1215 2596 1405 2636 arente
1453 2581 1626 2636 maris
1676 2597 1915 2637 numero
1969 2586 2027 2636 et

378 2668 636 2740 pondere
654 2669 1154 2740 ineomparabilia,
1171 2684 1282 2725 non
1300 2674 1492 2724 tamen
1516 2669 1707 2739 qualia
1731 2676 1790 2725 et
1811 2676 2027 2740 quanta

376 2757 804 2829 imposuerunt,
842 2757 978 2812 mihi
1011 2765 1164 2814 sunt.
1200 2760 1265 2814 Et
1298 2773 1435 2814 ecce
1488 2764 1656 2829 porto
1707 2759 1933 2830 pondus
1962 2758 2026 2792 ⁴³¹

378 2845 706 2915 ignominize
722 2846 1029 2916 impositae,
1049 2848 1473 2902 obtenebratur
1497 2847 1631 2901 mihi
1657 2848 1744 2902 sol
1764 2862 2025 2919 veSpere,

377 2948 542 2989 mane
573 2938 633 2989 et
663 2933 927 3003 meridie,
963 2933 1267 2990 benedicta
1303 2934 1662 3005 dispensatio
1693 2939 1792 2990 tua
1828 2934 1881 2990 in
1916 2951 2023 2991 mc.

448 3021 588 3077 Veni
622 3036 763 3091 ergo
798 3021 1093 3078 Divionem
1126 3022 1277 3078 ultra
1306 3038 1464 3094 spem
1483 3028 1539 3079 et
1562 3028 1757 3079 votum
1787 3024 2026 3080 fratrum

375 3115 434 3165 et
467 3109 716 3166 filiorum
740 3115 1077 3167 nostrorum
1106 3128 1118 3174 ;
1144 3111 1246 3166 sed
1270 3116 1326 3165 ct
1354 3111 1431 3167 ibi
1460 3112 1693 3168 turbata
1719 3117 1887 3168 erant
1910 3129 2029 3168 om-

377 3200 468 3256 nia
493 3199 793 3255 nimietate
816 3198 1176 3256 inflrmitatis
1202 3216 1329 3271 quae
1356 3202 1653 3258 invaserat
1679 3205 1904 3273 patrem
1932 3218 2029 3258 no-

377 3294 584 3357 strum,
604 3303 771 3359 quem
790 3293 848 3345 tu
876 3289 1098 3345 sanasti
1122 3290 1491 3347 orationibus
1517 3290 1765 3346 filiorum
1789 3306 2024 3347 suorum

378 3376 901 3437 fideliumtuorum.
924 3379 1190 3435 Attamen
1209 3378 1536 3447 inﬁrmitas,
1558 3379 1816 3449 ejusdem
1846 3381 2029 3451 patris

373 3481 497 3521 mea
532 3466 640 3523 fuit
672 3466 1003 3537 infirmitas,
1038 3468 1171 3538 quia
1206 3483 1311 3523 nec
1344 3469 1395 3524 ei
1448 3468 1730 3539 loquutus
1774 3484 1919 3538 sum,
1954 3470 2022 3523 ad

374 3569 543 3625 quem
567 3568 841 3611 veneram
865 3557 1302 3626 accepturusde
1320 3561 1479 3612 tanta
1505 3556 1881 3619 tribulatione
1895 3572 2027 3612 con-

375 3642 590 3698 silium.
622 3641 763 3697 Aliis
806 3657 925 3698 rem
970 3657 1079 3697 non
1118 3643 1374 3712 judicavi
1411 3643 1845 3715 propalandam,
1873 3647 2023 3715 quod

376 3730 565 3787 adhuc
598 3731 883 3800 agebatur
914 3735 971 3787 ut
1012 3731 1322 3787 credebam
1358 3733 1411 3787 in
1446 3733 1746 3799 clanculo;
1774 3735 1873 3789 sed
1901 3733 2027 3790 Col-

375 3819 526 3875 ticas
550 3818 687 3889 abii,
714 3818 846 3889 quia
875 3819 1089 3890 prioris
1107 3820 1371 3890 ejusdem
1396 3820 1505 3876 loci
1530 3822 1675 3875 satis
1707 3836 1793 3877 me
1826 3823 2025 3877 crede-

377 3906 505 3963 bam
522 3907 885 3977 strenuitati,
904 3908 1276 3977 cujustamcn
1301 3908 1559 3965 bonitate
1579 3925 1690 3965 non
1710 3910 1763 3965 in
1791 3910 2020 3980 longum

376 3996 594 4052 fruitus
622 4010 750 4052 sum
778 4014 790 4049 :
816 4000 873 4051 et
906 3995 960 4052 in
993 3997 1254 4053 crastino
1277 3998 1541 4054 eumdem
1565 4013 1694 4056 cum
1721 4000 1900 4055 fratre
1926 4002 2021 4071 qui

375 4084 676 4141 nobiscum
702 4084 1039 4156 advenerat,
1059 4086 1445 4143 Flaviniacum
1472 4088 1619 4158 misi,
1646 4095 1707 4144 ut
1734 4089 1856 4161 ipse
1881 4089 2023 4145 stul-

373 4172 570 4228 torum
593 4172 1003 4244 comprimeret
1029 4173 1397 4230 insolentiam
1422 4179 1477 4230 et
1498 4175 1795 4233 edomaret
1822 4194 2023 4250 super-

377 4259 549 4317 biam.
583 4260 723 4331 (Fol.
762 4262 909 4334 140.)
943 4261 1067 4329 Quo
1099 4264 1423 4335 venientes,
1461 4266 1705 4322 nuncios
1760 4267 2019 4339 episcopi

374 4348 766 4416 invenerunt;
800 4354 858 4407 et
890 4351 1061 4407 simul
1090 4352 1285 4408 villam
1321 4353 1569 4423 ingressi
1613 4359 1772 4425 sunt,
1806 4356 1905 4411 sed
1940 4357 2022 4411 in-

377 4438 638 4495 tentione
672 4438 920 4497 diversa.
948 4441 1072 4497 Mox
1095 4442 1245 4497 enim
1272 4448 1336 4498 ut
1357 4457 1466 4513 ego
1493 4443 1819 4500 Flaviniaco
1842 4445 2017 4515 exivi,

377 4527 686 4584 contraria:
713 4528 896 4599 partis
922 4528 1021 4585 lilii
1046 4545 1157 4585 non
1180 4545 1390 4599 segnes
1420 4530 1474 4585 in
1508 4532 1905 4600 exeqnutioue
1930 4533 2016 4588 sui

2059 3247 2106 3310 C

2143 1957 2393 2013 omnium
2413 1959 2529 2013 fere
2546 1963 2640 2013 vot
2653 1959 2696 2014 is
2710 1964 2765 2014 et
2783 1972 3044 2029 assensu,
3058 1958 3431 2014 revolvuntur
3445 1958 3497 2012 in
3514 1972 3615 2013 nos
3628 1957 3773 2013 mille

2143 2046 2425 2116 convicia,
2444 2047 2824 2103 effunduntur
2838 2046 3527 2119 obprobria,improperia
3542 2046 3773 2103 dilatan-

2143 2139 2257 2205 tur,
2284 2150 2413 2205 quze
2438 2136 2570 2191 dum
2603 2136 2799 2191 recolo
2821 2136 3053 2205 horreo,
3076 2136 3209 2192 dum
3237 2137 3448 2191 horreo
3466 2140 3691 2207 stupeo,
3717 2144 3771 2192 et

2143 2222 2239 2280 lux
2258 2225 2376 2295 ipsa
2396 2225 2530 2280 mihi
2545 2230 2633 2280 est
2652 2224 3028 2281 fastidio.Nec
3042 2230 3135 2280 est
3150 2225 3500 2281 inventusex
3514 2225 3770 2281 omnibus

2142 2310 2353 2380 quibus
2387 2312 2807 2380 benefeceram,
2839 2311 2937 2381 qui
2969 2311 3153 2367 vicem
3183 2314 3437 2367 nostram
3470 2309 3765 2367 doluisset.

2140 2403 2197 2455 et
2232 2398 2423 2454 saltim
2457 2400 2699 2454 verbum
2735 2414 2839 2469 pro
2868 2403 3036 2470 patre
3078 2413 3421 2468 quamquam
3469 2404 3769 2469 peccatore

2141 2487 2417 2543 dedisset.
2455 2489 2513 2543 in
2560 2488 2951 2544 conciliabulo
2998 2488 3098 2543 illo
3130 2489 3342 2543 fratres
3372 2495 3431 2542 et
3460 2487 3560 2542 filii
3593 2487 3769 2543 nostri

2141 2583 2359 2632 sanetae
2376 2576 2727 2632 obcdientiaa
2749 2576 3006 2632 libellum
3028 2576 3257 2647 repudii
3281 2576 3770 2646 conscripserunt,

2158 2665 2369 2722 domno
2402 2667 2683 2737 episcopo
2715 2666 3049 2722 ﬁliationem
3102 2681 3205 2737 per
3250 2665 3474 2735 legatos
3505 2666 3625 2734 ejus
3650 2664 3779 2720 offe-

2141 2754 2414 2821 rentes,ei
2440 2754 2632 2810 villam
2656 2755 2875 2811 servari
2902 2754 3331 2826 promittentes,
3358 2754 3491 2809 etin
3515 2752 3777 2809 omnibus

2141 2843 2275 2897 mihi
2301 2844 2811 2900 abreuuuciantes.
2842 2846 3193 2899 Decreverat
3218 2844 3325 2899 hoc
3358 2843 3547 2898 facere
3581 2855 3774 2897 manus

2138 2936 2258 2997 tua,
2286 2934 2533 3002 Deus,et
2568 2937 2807 3003 peccata
2842 2947 2963 2988 mea
2997 2932 3171 2988 etiam
3206 2932 3418 3001 majora
3453 2944 3777 3002 promerue-

2140 3027 2292 3091 rant,
2328 3022 2422 3091 qui
2456 3024 2835 3099 possederant
2870 3038 2996 3091 nos,
3024 3021 3282 3090 Domine,
3316 3022 3530 3091 absque
3563 3024 3637 3089 te,
3672 3034 3775 3076 nec

2140 3109 2540 3179 indignabitur
2570 3110 2867 3166 humilitas
2890 3116 3086 3166 nostra
3123 3110 3240 3181 pati
3275 3123 3644 3179 quaecumque
3678 3108 3779 3164 de-

2139 3199 2417 3267 creveris,
2455 3200 2667 3255 intuitu
2714 3199 3129 3255 misericordize
3178 3202 3313 3255 tuas.
3348 3199 3500 3254 Tunc
3532 3197 3775 3268 primum

2142 3286 2351 3354 legatis
2383 3289 2599 3343 nostris
2628 3289 2697 3343 ad
2732 3303 2836 3343 nos
2877 3288 3003 3344 sine
3056 3289 3248 3344 fructu
3298 3287 3569 3354 reversis,
3603 3285 3777 3341 didici

2140 3377 2323 3432 satius
2352 3392 2481 3433 esse
2533 3379 2648 3433 Deo
2700 3379 2923 3447 absque
2976 3377 3303 3432 Flaviniaco
3334 3375 3576 3444 servire,
3608 3390 3778 3445 quam

2138 3471 2382 3535 prOpter
2405 3466 2731 3522 Flaviniacu
2745 3482 2793 3521 m
2822 3468 2993 3521 Deum
3008 3465 3320 3527 offendere,
3342 3464 3493 3535 quod
3508 3478 3614 3534 ego
3631 3465 3782 3520 fece-

2139 3568 2280 3623 ram,
2308 3569 2435 3610 cum
2464 3556 2616 3611 fastu
2643 3555 2934 3625 superbiae
2960 3554 3231 3622 turgidus
3252 3559 3308 3608 et
3333 3554 3780 3623 obsequentium

2136 3644 2338 3698 cuneis
2388 3644 2687 3699 delinitus.
2726 3645 2900 3699 Deum
2936 3658 3043 3698 non
3081 3647 3141 3698 ut
3176 3642 3349 3699 debui
3387 3642 3631 3712 respexi,
3669 3656 3783 3697 nec

2141 3732 2401 3786 timorem
2428 3732 2552 3801 ejus
2574 3733 2763 3788 animo
2782 3731 3162 3787 circumdedi.
3183 3733 3404 3797 Fateor,
3422 3730 3571 3786 sensi
3598 3731 3779 3799 quod,

2136 3835 2246 3874 non
2273 3821 2458 3875 dicam
2485 3820 2746 3885 credere,
2766 3820 2867 3875 sed
2899 3834 3002 3875 nec
3022 3833 3260 3890 sperare
3282 3818 3441 3890 potui
3468 3837 3480 3872 :
3508 3817 3637 3888 quia
3659 3817 3780 3873 vidi

2139 3924 2225 3965 me
2254 3908 2487 3964 omnino
2520 3909 2646 3965 sine
2677 3908 2902 3975 amicis,
2936 3908 3061 3978 qui,
3093 3923 3164 3962 ex
3208 3922 3321 3977 quo
3357 3906 3536 3978 potui,
3566 3906 3638 3962 ad
3669 3906 3781 3963 hoc

2136 4011 2364 4067 semper
2398 3997 2659 4054 laboravi
2695 4002 2755 4053 ut
2788 4010 3204 4065 eongregarem
3238 3995 3372 4050 mihi
3405 3994 3639 4051 amicos.
3667 3994 3780 4051 Sed

2139 4084 2272 4141 licet
2310 4087 2497 4157 ipsum
2542 4084 2779 4141 fluvium
2835 4085 3105 4139 Romanae
3154 4083 3503 4153 eloquentiae
3550 4082 3782 4139 beatum

2136 4175 2501 4231 Ambrosium
2543 4174 2816 4243 legissem
2841 4174 2894 4227 in
2928 4172 3094 4229 libris
3115 4172 3186 4229 de
3207 4172 3410 4229 ciliciis
3428 4172 3566 4227 tuba
3590 4172 3782 4227 sancti

2134 4263 2387 4335 Spiritus
2410 4263 2767 4318 intonantem
2796 4267 2855 4316 et
2876 4268 3282 4317 eructuautem
3312 4261 3466 4317 vires
3489 4259 3780 4331 amicitia,

2132 4353 2387 4408 nondum
2422 4356 2613 4407 tamen
2635 4352 2704 4408 ad
2728 4351 2960 4422 plenum
2988 4350 3299 4406 didiceram
3324 4350 3455 4420 quis
3480 4353 3636 4406 esset
3664 4348 3785 4405 fru-

2131 4447 2263 4497 ctus
2291 4441 2548 4511 ejusdem
2582 4440 2874 4509 amicitim,
2899 4439 3052 4509 quod
3089 4438 3438 4495 omnimodis
3469 4438 3655 4495 nescit
3678 4437 3781 4508 qui

2134 4530 2446 4599 unicuique
2466 4544 2730 4599 pet-some
2754 4533 2945 4584 actum
2972 4543 3291 4599 congruum
3311 4528 3450 4583 dare
3469 4541 3578 4583 non
3593 4527 3784 4583 novit.

376 4616 690 4688 propositi,
726 4617 1066 4674 Sedelocum
1106 4620 1299 4674 ierunt
1330 4618 1587 4688 pontifici
1613 4624 1813 4676 nostro
1840 4621 2016 4691 prima
2053 4605 2100 4665 (ἶ
2134 4617 2293 4674 Unde
2318 4618 2380 4673 fit
2404 4621 2463 4673 ut
2490 4616 2833 4688 plerumque
2856 4616 3029 4672 noxio
3050 4615 3297 4672 velimus
3319 4614 3784 4684 assentariegra-

372 4704 583 4775 gaudia
608 4704 915 4777 perlaturi,
934 4706 1084 4777 quod
1111 4707 1292 4762 abbas
1315 4707 1783 4775 Flaviniaeensis,
1802 4724 1941 4765 suus
1961 4715 2021 4765 et

374 4793 1313 4866 mcclesimbostisapertus,aquo
1338 4799 1498 4851 tanta
1526 4811 1734 4866 passus
1761 4799 2021 4868 pontifex

377 4882 548 4953 foret,
579 4881 905 4938 :ecclesiam
933 4882 1256 4953 dimiserat,
1284 4884 1433 4953 fugae
1456 4883 1794 4954 praesidium
1825 4884 2022 4942 latitu-

376 4986 478 5028 rus
510 4985 624 5027 non
660 4985 1010 5027 reversurus
1039 4970 1316 5041 elegerit;
1342 4973 1610 5029 {ecclesia
1639 4973 1753 5043 jam
1780 4975 1904 5031 sine
1930 4984 2038 5045 pa-'

376 5066 557 5132 store,
576 5060 741 5117 locus
762 5058 886 5115 sine
912 5064 1163 5129 rectore,
1192 5068 1387 5118 castru
1417 5078 1444 5115 n
1470 5062 1592 5118 sine
1615 5068 1833 5119 tutore.
1864 5064 2025 5119 Vide-

377 5153 466 5204 ret
498 5149 669 5219 cujus
700 5148 808 5204 hoc
839 5149 966 5202 erat
999 5149 1357 5219 prospicere,
1394 5165 1461 5205 ne
1510 5152 1661 5222 quod
1712 5153 2023 5223 dampuum

376 5236 696 5293 inferretur
728 5236 898 5293 matri
933 5237 1237 5308 aaeclesiae,
1264 5254 1406 5296 neve
1440 5239 1535 5295 ille
1569 5239 1791 5294 rediret
1816 5241 1911 5310 qui
1940 5256 2025 5298 re-

376 5329 656 5395 cesserat,
692 5326 827 5396 quia
859 5326 1047 5382 omnia
1094 5332 1393 5384 constaret
1444 5329 1651 5385 amodo
1701 5328 2024 5399 periclitari

378 5412 431 5469 in
458 5413 585 5483 ejus
611 5415 943 5485 praesentia.
966 5415 1163 5472 Audiit
1186 5417 1594 5489 episeOpus,et
1610 5416 1828 5473 lctatus
1841 5421 1950 5487 est,
1968 5422 2027 5474 et

380 5501 641 5559 auditum
669 5502 941 5560 omnibus
972 5508 1340 5574 protestatus
1372 5509 1483 5561 est.
1510 5505 1575 5560 Et
1611 5504 1708 5575 qui
1742 5504 2026 5562 debuerat

2134 4706 2363 4775 tiﬁeari,
2388 4711 2446 4761 et
2471 4706 2763 4761 innocenti
2793 4721 2978 4761 amico
3008 4720 3120 4761 non
3150 4718 3458 4761 vereamur
3491 4702 3781 4773 insidiari,

2133 4796 2286 4865 quod
2310 4800 2474 4851 extra
2496 4796 2742 4851 otllcium
2776 4799 2887 4851 est.
2914 4795 3078 4862 Quod
3102 4794 3236 4850 dum
3260 4793 3478 4850 stultus
3499 4792 3637 4862 agit,
3662 4792 3788 4849 vio-

2133 4884 2328 4940 lantur
2352 4884 2568 4939 foedera
2592 4884 2767 4955 pacis,
2788 4888 2982 4940 utnec
3007 4882 3253 4939 dicenda
3276 4882 3357 4937 sit
3378 4881 3627 4938 amicitia
3653 4895 3788 4951 quae

2133 4973 2289 5028 nulla
2305 4979 2415 5043 est,
2433 4972 2566 5042 quia
2585 4973 2640 5027 in
2664 4973 2823 5029 nullo
2841 4972 3177 5042 congruitei
3195 4971 3291 5042 qui
3308 4970 3636 5040 huiusmodi
3661 4976 3780 5025 est.

2135 5061 2217 5115 Sit
2242 5062 2420 5131 igitur
2445 5061 2813 5117 benedictum
2834 5060 3296 5132 nomen_Domini,
3318 5057 3790 5129 cujusjudicium

2133 5165 2409 5206 concessa
2426 5149 2515 5205 vel
2532 5149 2809 5220 permissa
2826 5148 3075 5219 dedit,et
3090 5147 3492 5204 misericordia
3509 5145 3786 5202 abstulit.

2206 5239 2315 5295 Sed
2348 5238 2478 5309 quis
2508 5242 2703 5309 potest
2739 5238 3095 5308 investigare
3120 5237 3244 5293 vias
3269 5234 3555 5292 hominis?
3576 5234 3790 5300 Quam-

2138 5342 2307 5399 quam
2331 5327 2713 5399 persuaderet
2750 5327 2883 5382 mihi
2908 5342 3070 5383 mens
3091 5330 3153 5383 et
3170 5325 3345 5393 ratio,
3360 5322 3583 5394 judicio
3604 5323 3707 5380 Dei
3730 5323 3789 5379 id

2138 5415 2392 5486 actitari,
2428 5414 2747 5471 deliberavi
2779 5420 2965 5471 tamen
2998 5415 3189 5470 animo
3220 5413 3382 5468 adire
3414 5410 3789 5481 Lugdunum,

2138 5505 2228 5562 vel
2259 5505 2393 5576 quia
2425 5504 2755 5576 intercepto
2785 5502 3005 5561 nullum
3033 5508 3125 5560 est
3157 5500 3487 5570 consilium,
3524 5498 3615 5555 vel
3651 5500 3791 5571 quia

1742 5629 1977 5686 VARUE
2024 5629 2421 5687 LECTIONES.

456 5695 523 5731 ⁴⁸¹
553 5712 666 5755 τοιτ
694 5711 870 5755 erasa
901 5712 947 5756 c.
