3894 6436
109 357 258 421 373
1433 358 1647 425 CHRO

2074 358 2229 423 LIB.
2264 360 2339 423 ΙΙ.
2460 412 2467 417 .
3449 384 3453 388 ·
3476 352 3592 415 874

108 498 224 554 tot
253 495 399 555 sibi
422 494 690 555 adversis
712 495 1187 567 succedentibus,
1216 496 1427 556 bonum
1444 500 1536 555 est
1559 509 1590 554 a
1612 493 1820 556 multo-
1848 493 1905 557 Α
1935 494 2036 554 bat
2077 509 2108 554 a
2151 508 2241 554 me
2270 508 2385 556 vox
2412 498 2472 555 et
2502 508 2730 554 sensus.
2765 490 2895 552 Dixi
2930 507 3020 551 me
3052 492 3285 553 venisse"
3327 489 3397 551 ad
3431 488 3598 550 festi'

63 636 67 639 .
111 599 273 642 rum
303 587 572 643 maxime
595 587 921 658 sapientum
949 587 1456 657 quererecaritate
1488 587 1817 643 consilium.
1932 586 2174 643 vitatem
2207 586 2616 657 dedicationis,
2654 602 2782 658 quas
2814 589 3050 657 postera
3083 586 3176 642 die
3209 586 3402 643 futura
3427 589 3589 652 erat;

112 675 619 732 Videbamenim
640 689 729 731 me
748 677 1102 746 prmgravari
1128 692 1157 732 a
1181 677 1418 747 proprio
1441 676 1820 747 episcopo,et
1933 690 2048 731 non
2082 682 2452 748 receperunt,
2489 676 2623 746 quia
2652 675 2849 730 villam
2875 674 3154 747 episcopo
3184 673 3589 746 reddiderant,

118 762 284 819 ideo
345 766 773 820 recurrendum
809 764 944 819 mihi
977 764 1290 820 videbatur
1321 765 1392 821 ad
1423 763 1824 835 metropolita-
1934 768 1992 820 et
2023 779 2113 819 me
2133 779 2245 821 non
2270 771 2654 835 suscepturus
2683 764 3095 835 promiserant.
3132 765 3430 834 Loquutus
3461 779 3588 820 sum

122 867 321 922 num,
365 854 691 909 secundum
722 854 869 909 scita
903 868 1208 923 canonum,
1244 857 1365 909 tum
1402 856 1644 924 propter
1678 853 1824 908 anti-
1934 853 2007 908 de
2055 852 2285 909 infamia
2346 853 2484 908 mihi
2544 853 2831 923 imposita,
2891 867 2995 923 pro
3054 866 3163 922 qua
3225 852 3588 909 defendenda

126 954 337 1008 quam
372 941 851 1009 familiaritatem,
887 944 937 996 et
968 946 1025 995 ut
1053 942 1243 1007 rebar,
1272 939 1673 996 indissolubile
1705 938 1827 994 vin-
1935 940 2151 996 Eduam
2175 940 2497 1011 protiscisci
2523 947 2760 1013 paratus
2782 955 2961 996 eram.
2988 942 3125 997 Cum
3156 941 3502 998 monuissem
3526 948 3590 999 ut

126 1027 372 1084 culum
436 1029 731 1099 amicitiae,
780 1029 1041 1098 quejugi
1092 1029 1376 1099 obsequio
1424 1043 1511 1084 me
1546 1027 1824 1100 peculiari

128 1117 359 1188 ipsius
400 1117 686 1174 famulitio
743 1117 1086 1173 devinxerat
1118 1117 1320 1173 sedula
1353 1116 1537 1173 nostri
1570 1117 1822 1185 devotio,

129 1206 322 1277 quod
362 1206 574 1277 utique
604 1207 899 1263 vinculum
931 1206 1127 1262 nullus
1152 1206 1287 1261 mihi
1318 1205 1632 1262 videbatur
1654 1220 1827 1276 posse

134 1294 544 1364 rescindere,
589 1310 694 1352 nec
754 1296 878 1366 ipsa
913 1310 1115 1350 manus
1148 1296 1362 1349 referta
1396 1308 1671 1349 munere:
1706 1297 1827 1349 tum

133 1387 425 1455 propter
442 1384 794 1441 obstinatam
808 1384 949 1440 dicti
964 1383 1225 1453 episcopi
1243 1382 1683 1453 proterviam,et
1702 1397 1832 1453 pro-

134 1477 407 1528 tervam
431 1473 909 1543 obstinationem,
938 1486 1048 1542 qua
1078 1472 1286 1527 nemini
1315 1470 1831 1540 umquaminimieo

136 1560 423 1630 ignovit,
452 1576 558 1616 nec
590 1561 762 1617 noxio
794 1565 894 1618 aut
923 1559 1217 1615 innocenti
1253 1560 1535 1629 pepercit,
1561 1556 1718 1628 quod
1749 1558 1833 1612 fu-

143 1663 263 1705 ror
296 1649 491 1704 animi
525 1649 653 1719 ejus
717 1649 1005 1704 animatus
1034 1649 1090 1702 in
1122 1663 1228 1703 nos
1284 1647 1445 1703 nullo
1499 1646 1608 1701 nisi
1642 1644 1828 1713 magni

110 1774 119 1779 -
140 1751 432 1793 censura
456 1737 667 1807 judicii
697 1738 846 1793 foret
870 1736 1189 1793 medendus
1211 1735 1582 1791 antidoto.lvi
1610 1735 1825 1804 itaque,

1936 1044 2158 1084 mecum
2192 1030 2364 1099 irent,
2416 1045 2523 1088 nec
2547 1030 2654 1086 hoc
2684 1031 3015 1100 audierunt,
3048 1030 3387 1101 episcopum
3412 1035 3477 1087 ut
3510 1031 3592 1086 di-

1936 1118 2147 1173 cebant
2171 1123 2459 1175 verentes.
2492 1119 2708 1175 Videas
2736 1119 2868 1190 quia
2902 1119 3057 1175 omni
3098 1134 3298 1175 eorum
3324 1120 3420 1190 qui
3452 1121 3590 1176 mihi

1932 1205 2274 1274 iuraverant
2299 1207 2619 1264 destitutus
2638 1222 2795 1263 eram
2817 1207 3026 1264 solatio
3049 1212 3108 1263 et
3131 1207 3591 1275 amminiculo,et

1940 1293 2100 1349 solus
2130 1294 2393 1357 relictus,
2444 1310 2577 1351 cum
2607 1297 2793 1351 omnia
2828 1312 2955 1366 qum
2997 1296 3332 1365 oﬁ‘ereham,
3367 1296 3588 1353 derisui

1940 1381 2318 1451 haberentur,
2344 1383 2633 1439 destinavi
2658 1399 2764 1454 per
2793 1398 2882 1439 me
2913 1385 3102 1455 ipsum
3127 1384 3198 1440 ad
3222 1390 3481 1440 nostrum
3502 1400 3594 1441 re-

1940 1470 2088 1524 verti
2116 1472 2559 1540 monasterium,
2579 1456 2724 1529 satis
2747 1476 2807 1529 et
2825 1487 3002 1543 super
3024 1473 3171 1529 satis
3191 1476 3431 1543 experta
3456 1472 3590 1528 ﬁde-

1943 1557 2127 1627 litate,
2174 1559 2271 1614 ubi
2308 1559 2416 1629 ipsi
2451 1559 2602 1615 idem
2626 1562 2722 1630 qui
2760 1575 2981 1617 mecum
3005 1567 3173 1617 erant
3203 1577 3233 1617 a
3264 1576 3353 1617 me
3378 1562 3431 1616 in
3463 1576 3591 1617 cra-

1942 1645 2111 1716 stina,
2134 1661 2240 1702 nec
2259 1652 2569 1718 expectata
2595 1649 2912 1705 festivitate
2928 1651 3115 1705 sancti
3140 1650 3375 1719 Benigni
3401 1664 3591 1727 reces-

1942 1740 2165 1789 serunt.
2204 1735 2555 1793 Benedictus
2599 1738 2769 1807 Deus,
2802 1737 2897 1808 qui
2933 1738 3210 1794 misertus
3241 1742 3329 1794 est
3380 1738 3585 1806 nostri,

141 1831 211 1882 et
246 1824 628 1883 invenissem
656 1827 859 1896 utique
889 1825 1040 1895 quod
1072 1839 1462 1896 speraveram,
1500 1823 1608 1879 nisi
1645 1822 1828 1894 pluris
1861 1851 1910 1908 Β
1943 1822 2372 1892 ipsejudicabit
2395 1839 2627 1881 causam
2655 1840 2857 1895 meam,
2889 1841 3018 1882 cum
3052 1825 3294 1882 liberam
3320 1827 3521 1883 fecerit
3558 1841 3587 1881 a

139 1919 487 1970 constaret
516 1914 667 1985 apud
699 1914 1200 1992 archiepisc0pum
1243 1927 1551 1983 numquam
1585 1926 1764 1966 vacua
1798 1925 1827 1966 a

141 2017 421 2060 munere
454 2002 705 2059 amicitia
738 2002 1000 2073 episcopi
1035 2002 1280 2057 servitio
1303 2006 1526 2056 nostro.
1565 2003 1826 2055 Attamen

141 2091 469 2147 remissus
493 2105 618 2147 sum
642 2092 713 2146 ab
737 2105 805 2145 eo
830 2105 935 2161 pro
959 2089 1317 2145 defendenda
1344 2094 1401 2143 et
1426 2088 1635 2144 tuenda
1664 2092 1829 2159 parte

140 2184 376 2235 nostra
401 2179 478 2234 ad
502 2178 684 2247 illum,
710 2193 738 2233 a
760 2179 929 2247 cujus
953 2178 1171 2233 alarum
1206 2177 1529 2248 patrocinio
1554 2179 1829 2246 rapuerat

145 2282 271 2337 me,
312 2266 604 2323 domuum
635 2265 862 2323 sellicet
908 2267 1342 2329 Divionensem;
1378 2272 1439 2321 ut
1474 2265 1594 2335 ipse
1625 2278 1831 2319 conve-

143 2356 312 2412 niret
355 2355 719 2427 episcopum,
773 2354 1042 2425 quoniam
1077 2354 1506 2423 inconventum,
1543 2352 1830 2408 indiscus-

148 2458 314 2513 sum,
356 2442 694 2499 inauditum
719 2457 806 2498 me
831 2441 998 2501 bonis
1020 2441 1290 2497 ecclesiae
1312 2440 1648 2511 spoliasset,
1675 2439 1827 2508 quod

145 2530 481 2587 canonicis
521 2530 754 2586 omnino
805 2530 1211 2585 sanctionibus
1251 2529 1654 2584 aversabatur.
1691 2525 1828 2581 Veni

147 2619 370 2690 itaque
406 2617 735 2675 ebdomada
771 2617 891 2688 ipsa
939 2622 1071 2672 ante
1119 2618 1329 2672 festum
1363 2615 1558 2670 Sancti
1595 2614 1827 2683 Bcnigni

148 2706 327 2776 (Nov.
368 2710 457 2779 1),
483 2721 614 2763 cum
637 2707 689 2761 in
723 2705 874 2761 omni
897 2712 1052 2761 terra
1076 2704 1358 2761 adversus
1390 2718 1478 2759 me
1501 2703 1689 2759 hostis
1716 2702 1830 2758 cla-

155 2800 381 2865 maret,
410 2798 476 2850 et
501 2809 611 2850 non
630 2793 746 2863 jam
778 2799 945 2849 extra
969 2808 1336 2863 synagogam,
1365 2792 1467 2847 sed
1491 2797 1654 2847 extra
1679 2806 1830 2846 com-

155 2897 409 2941 munem
444 2882 699 2939 omnium
733 2881 1149 2937 habitationem
1180 2882 1251 2935 ab
1285 2880 1538 2935 inimicis
1565 2879 1698 2950 pelli
1734 2879 1830 2934 de-

159 2972 307 3029 bere
347 2970 677 3041 judicarer.
739 2970 1143 3025 Audierantct
1195 2968 1304 3039 ipsi
1358 2968 1567 3023 malum
1603 2982 1825 3033 meum;

158 3072 298 3116 nam
334 3059 478 3130 quis
528 3057 692 3114 locus
741 3062 900 3113 esset
933 3072 1046 3127 quo
1081 3059 1224 3112 bona
1264 3058 1406 3111 fama
1467 3055 1653 3111 nostri
1688 3070 1829 3126 prae-

159 3152 468 3217 cesserat,
487 3147 559 3202 ad
583 3161 749 3216 quem
773 3147 920 3202 tanti
954 3145 1255 3202 infortunii
1286 3160 1473 3201 rumor
1504 3160 1615 3200 non
1634 3159 1829 3201 acces-

161 3236 390 3293 sisset?
424 3235 528 3292 sed
561 3250 689 3291 eum
740 3235 869 3306 plus
901 3233 1068 3289 dolor
1126 3235 1372 3301 angebat
1404 3233 1500 3304 qui
1536 3234 1664 3303 plus
1690 3233 1829 3289 dile-

165 3330 368 3395 xerat,
409 3324 545 3396 quia
573 3323 703 3395 plus
733 3323 1123 3379 laboraverat.
1150 3323 1209 3377 Ei
1236 3323 1401 3379 mihi!
1429 3322 1566 3393 quid
1592 3323 1827 3378 refero?

168 3414 341 3483 Vide,
377 3411 642 3480 Domine,
703 3411 834 3481 quia
884 3409 1155 3479 tribulor,
1204 3409 1572 3465 vulneratum
1603 3414 1696 3466 est
1726 3425 1829 3466 cor

167 3517 367 3559 meum
426 3500 698 3567 caritate,
732 3498 861 3569 quia
897 3514 924 3554 a
960 3498 1095 3554 ﬁliis
1137 3499 1361 3554 viscera
1396 3504 1656 3553 materna
1695 3513 1831 3568 qua-

165 3590 412 3646 tiuntur
444 3593 505 3644 et
557 3587 922 3643 scinduntur.
961 3586 1100 3655 (Fol.
1140 3585 1303 3655 140’.)
1357 3586 1548 3642 Inveni
1582 3588 1833 3643 offensos

167 3678 405 3735 animos
453 3673 732 3745 omnium,
757 3676 889 3745 quia
923 3689 991 3731 eo
1021 3674 1144 3745 ipso
1177 3689 1291 3744 quo
1323 3690 1424 3731 eos
1455 3675 1826 3741 oﬂ‘enderam,

170 3766 410 3824 scilicet
426 3765 487 3821 in
510 3764 848 3820 dimissione
873 3764 1137 3832 fratrum,
1155 3770 1364 3820 memet
1383 3763 1787 3819 destruxeram
1815 3782 1830 3831 ;

174 3852 331 3911 unde
360 3859 426 3909 et
454 3852 858 3924 compassione
890 3867 993 3924 pro
1026 3851 1115 3907 his
1135 3857 1191 3907 et
1216 3852 1587 3922 aliisjudicio
1626 3866 1829 3907 eorum

172 3943 393 4000 merito
416 3955 623 3999 carere
654 3940 954 3997 debebam.
982 3941 1191 3997 Verum
1218 3940 1312 3996 ubi
1346 3940 1572 4009 adveni,
1599 3956 1628 3996 a
1663 3945 1829 4012 patre

174 4034 497 4103 susceptus
548 4028 834 4099 benivole,
887 4027 1105 4085 contuli
1148 4043 1276 4084 cum
1312 4028 1412 4083 illo
1465 4028 1827 4085 incommoda

172 4120 432 4179 hominis
481 4118 808 4189 utriusque,
850 4123 907 4172 et
961 4116 1297 4173 consiliator
1351 4116 1488 4171 mihi
1522 4118 1711 4172 factus
1739 4120 1828 4171 est

173 4208 571 4281 bonus,juxta
592 4207 743 4278 quod
762 4222 891 4263 eum
912 4205 1331 4274 decebatdare,
1354 4210 1412 4260 et
1432 4205 1639 4261 melius
1659 4219 1828 4275 quam

173 4311 265 4354 me
286 4297 591 4354 decuisset
625 4296 911 4367 accipere.
940 4296 1075 4349 Nam
1097 4294 1237 4364 quia
1261 4293 1523 4349 dixeram
1554 4293 1829 4364 episcopo

174 4399 265 4442 me
293 4385 364 4442 ad
399 4400 536 4442 eum
560 4388 867 4441 venturum
908 4398 1038 4439 cum
1090 4397 1120 4438 a
1154 4383 1431 4452 Lugduno
1459 4381 1824 4451 regrederer,

175 4473 273 4544 qui
298 4488 412 4545 me,
439 4477 506 4530 ut
529 4473 823 4529 audieram
847 4476 904 4528 et
940 4486 1043 4542 per
1072 4485 1163 4525 me
1194 4470 1382 4541 ipsum
1422 4471 1825 4541 probaveram,

1945 1910 2224 1980 peccatis,
2242 1912 3354 1985 quasincreveruntsupernos,animam
3378 1929 3580 1970 meam.
3633 1962 3642 1971 .

2013 1999 2131 2054 Misi
2155 2014 2294 2069 ergo
2318 2001 2592 2071 episcopo
2618 2001 2871 2071 litteras,
2899 2006 2961 2058 ut
2985 2002 3136 2071 quod
3162 2017 3266 2073 per
3290 2017 3377 2058 me
3398 2002 3587 2073 ipsum

1940 2100 2049 2142 non
2076 2093 2357 2159 poteram,
2392 2088 2611 2145 litteris
2636 2089 2956 2160 implerem,
2984 2105 3227 2159 quarum
3253 2094 3454 2147 textus
3477 2090 3588 2147 iste

1939 2180 2026 2229 est
2044 2194 2056 2229 :
2080 2177 2571 2234 Reverentissimo
2580 2178 2747 2247 patri
2760 2178 2818 2234 et
2833 2178 3064 2235 domino
3075 2193 3180 2235 suo
3193 2180 3265 2236 N.
3282 2179 3591 2236 Eduorum

1939 2266 2317 2337 episcopofra
2326 2266 2412 2321 ter
2422 2268 2598 2336 Hugo
2610 2266 3094 2325 Flaviniaeensis
3106 2266 3380 2325 ecclesiae
3389 2281 3590 2326 servus

1937 2352 2193 2409 salutem
2211 2394 2224 2407 .
2244 2356 2286 2408 Α
2301 2354 2585 2424 Lugdune
2612 2368 2940 2425 regressus,
2956 2355 3120 2413 vobis
3135 2356 3208 2412 ut
3224 2371 3409 2428 nuper
3428 2357 3592 2430 apud

1938 2440 2177 2497 Eduam
2187 2442 2588 2512 condiveram,
2610 2456 2915 2500 occurrere
2935 2443 3125 2512 debui,
3151 2444 3257 2501 sed
3274 2447 3421 2515 quia
3435 2445 3592 2502 dom-

1937 2542 2051 2585 nus
2083 2529 2499 2601 Lugdunensis
2525 2532 2762 2601 cognita
2784 2545 2969 2588 causa
2988 2533 3194 2589 nostra
3229 2533 3481 2603 speciali
3499 2547 3591 2589 me

1928 2617 2135 2687 patris
2148 2619 2338 2675 nostri
2360 2617 3071 2689 Divionensipatrocinio,
3096 2634 3135 2676 a
3156 2623 3329 2692 cujus
3348 2634 3441 2677 me
3460 2622 3591 2678 ala-

1936 2718 2073 2759 rum
2087 2705 3193 2779 tuitionerapuerat,commisit,utejus
3206 2710 3368 2766 censi
3377 2710 3457 2766 lio
3474 2724 3589 2765 om-

1936 2793 2033 2849 nis
2048 2794 2181 2863 ipsa
2209 2808 2393 2851 causa
2409 2794 2619 2851 nostra
2635 2795 2973 2852 muniretur
2985 2797 3042 2851 et
3039 2798 3469 2867 protegeretur,
3486 2798 3590 2855 Di-

1935 2882 2165 2937 vionem
2202 2884 2557 2953 peraccessi.
2617 2884 2820 2940 Valens
2865 2898 2999 2940 vero
3028 2885 3449 2942 Flaviniacum
3476 2887 3584 2955 ire,

1937 2972 2224 3037 quosdam
2236 2973 2307 3026 de
2303 2971 2936 3042 fratn'ibuspuosdam
2947 2973 3129 3029 etiam
3143 2973 3212 3029 de
3222 2972 3522 3031 nobilibus
3534 2976 3597 3032 et

1935 3057 2351 3128 servientibus,
2377 3059 2459 3115 ad
2476 3074 2567 3115 me
2587 3061 2751 3132 apud
2779 3060 3498 3134 Vidiliacumvenirefeci,
3524 3063 3597 3119 ut

1936 3148 2965 3219 mecumirent,guineguesemecum
2984 3149 3196 3218 ituros,
3224 3163 3412 3222 neque
3422 3149 3590 3206 intra

1880 3235 1908 3261 λ
1936 3234 2355 3292 Flaviniacum
2374 3236 2712 3305 recepturos
2734 3236 3039 3305 dixerunt,
3066 3237 3273 3294 timore
3284 3238 3493 3304 vestro,
3519 3237 3591 3293 ut

1938 3323 2301 3393 asserebant,
2317 3323 2457 3379 acti.
2476 3322 2685 3380 Monui
2696 3324 2993 3381 utmecum
3008 3325 3247 3380 Eduam
3248 3338 3364 3395 pro
3355 3326 3589 3395 ﬂcisce-

1936 3412 2165 3480 rentur,
2181 3412 2518 3469 noluerunt.
2546 3413 2645 3469 Ita
2669 3413 2829 3469 omni
2848 3413 3183 3470 nostrorum
3203 3413 3589 3470 amminiculo

1938 3499 2260 3558 destitutus
2281 3500 2341 3556 et
2353 3500 2666 3571 spoliatus,
2692 3501 2943 3557 Divione
2964 3514 3057 3556 me
3082 3502 3308 3572 recepi;
3334 3501 3407 3569 et,
3429 3501 3591 3572 quod

1937 3589 2129 3645 solm.
2145 3589 2338 3660 potui,
2374 3588 2609 3646 litteras
2631 3591 2743 3645 ltas
2762 3589 2970 3646 vestrae
2980 3588 3343 3658 paternitati
3363 3588 3585 3658 diremi,

1940 3676 2365 3747 enpoliationis
2385 3678 2633 3743 indices,
2656 3676 3125 3733 restaurationis
3149 3677 3463 3746 supplices,
3493 3677 3589 3733 de-

1924 3766 2233 3836 fensionis
2255 3765 2312 3820 et
2320 3766 2708 3836 purgationis
2735 3779 2877 3821 mea
2898 3764 3391 3835 prasentabrices.
3426 3766 3591 3834 Rogo

1938 3855 2146 3926 itaque
2156 3867 2228 3909 ne
2249 3867 2390 3924 erga
2406 3868 2498 3908 me
2509 3854 2690 3910 aliter
2703 3866 2886 3923 quam
2912 3852 3109 3909 sancti
3129 3865 3376 3909 canones
3379 3853 3589 3923 praci-

1927 3942 2127 4011 piunt,
2154 3954 2332 4013 agere
2350 3941 2569 4010 velitis,
2610 3941 2758 4012 quia
2779 3942 2839 3997 et
2863 3953 2967 4011 ego
3004 3942 3071 3996 in
3107 3937 3307 3998 nostro
3321 3939 3590 4012 capitulo

1938 4031 2226 4099 Ed-uensi,
2247 4030 2670 4100 guodjustitia
2690 4029 3014 4085 dictaverit
3019 4028 3276 4099 paratus
3293 4042 3426 4085 sum
3459 4041 3589 4084 ecce-

1936 4118 2063 4187 gui.
2083 4117 2402 4185 Advertite,
2435 4131 2630 4187 gueso,
2666 4117 2818 4188 quid
2846 4116 3108 4173 debeatis
3129 4116 3317 4184 nobis,
3332 4116 3470 4172 utet
3483 4130 3590 4174 nos

1936 4204 2188 4269 faciatis
2208 4205 2517 4261 advertere
2536 4203 2688 4273 quid
2707 4202 3020 4261 debeamus
3046 4202 3226 4260 vobis.
3263 4202 3475 4259 Valete.

2010 4292 2123 4346 Has
2155 4291 2314 4361 ipsas
2345 4290 2576 4345 litteras
2606 4295 2841 4360 apertas
2878 4289 3063 4345 direxi
3085 4289 3367 4360 capitulo,
3401 4292 3458 4344 et
3490 4304 3589 4344 ex-

1938 4384 2079 4435 tunc
2110 4392 2295 4449 usque
2336 4392 2487 4434 nunc
2549 4376 2775 4434 Divioni
2834 4391 3059 4445 maneo,
3113 4382 3297 4445 tuum,
3332 4376 3583 4445 Christe,

1941 4463 2644 4540 praestolandoauxilium,
2672 4478 2784 4519 non
2809 4471 2875 4520 ut
2896 4465 3100 4530 abbas,
3127 4465 3227 4520 sed
3252 4464 3414 4534 quasi
3438 4478 3590 4520 unus

176 4562 454 4619 omnibus
485 4561 654 4619 bonis
682 4560 1056 4632 spoliaverat,
1091 4560 1199 4616 fuit
1229 4557 1535 4615 consilium
1571 4563 1628 4614 ut
1663 4558 1829 4628 prius
1855 4551 1909 4612 D
1940 4570 1972 4613 e
2002 4555 2303 4623 fratribus,
2336 4554 2491 4624 quod
2520 4551 2656 4608 mihi
2686 4558 2778 4608 est
2801 4552 3008 4609 tutius.

181 4649 576 4708 Flaviniacum
608 4650 772 4720 irem,
806 4649 1160 4719 loquuturus
1187 4647 1486 4716 fratribus,
1522 4647 1739 4702 casatis
1769 4651 1829 4702 et

182 4739 588 4795 servientibus
608 4738 850 4799 nostris.
884 4744 942 4793 et
973 4741 1370 4807 temptaturus
1392 4749 1561 4805 quem
1579 4749 1715 4803 erga
1741 4748 1831 4790 me

182 4831 461 4894 gererent
475 4826 766 4895 affectum,
784 4840 898 4896 quo
914 4830 1219 4881 uterentur
1234 4822 1421 4879 animo
1438 4841 1453 4891 ;
1469 4823 1565 4893 qui
1581 4823 1715 4877 mihi
1736 4822 1831 4879 ubi

186 4913 259 4968 ab
278 4914 368 4971 eis
380 4916 765 4971 discesseram
778 4913 906 4970 vale
922 4914 1201 4981 fecerant,
1217 4915 1275 4967 et
1293 4910 1543 4967 reditum
1568 4916 1831 4967 nostrum

184 5003 473 5059 maturius
504 5001 732 5074 impleri
764 5004 1131 5070 rogaverunt.
1175 5000 1257 5055 lvi
1292 5000 1509 5069 itaque,
1534 5003 1592 5055 et
1625 4998 1833 5055 nuncio

186 5090 517 5160 praemisso,
542 5090 997 5161 priorem.quem
1017 5091 1214 5144 amoto
1236 5102 1305 5143 eo
1330 5087 1426 5157 qui
1461 5100 1684 5142 mecum
1706 5091 1836 5141 erat

187 5175 384 5245 priore
436 5177 769 5246 Colticensi,
801 5177 856 5232 in
908 5176 1099 5233 locum
1130 5174 1258 5244 ejus
1286 5175 1731 5245 substitueram,
1762 5174 1831 5230 ad

189 5275 277 5318 me
300 5265 457 5336 apud
485 5264 859 5334 Vidiliacum,
882 5268 941 5321 et
973 5278 1111 5320 cum
1133 5278 1204 5320 eo
1248 5278 1395 5333 quos
1427 5263 1662 5332 dignum
1696 5262 1833 5318 duxi

190 5351 389 5410 venire
418 5354 683 5412 mandavi
717 5353 868 5425 (Oct.
931 5356 1044 5425 31).
1076 5353 1376 5409 Venerunt
1432 5350 1578 5407 satis
1608 5354 1836 5421 protra~

190 5433 403 5511 bendo,
426 5445 485 5499 et
513 5442 797 5499 inmutata
820 5444 945 5497 erat
972 5440 1152 5497 facies
1174 5453 1398 5509 eorum,
1419 5443 1475 5495 et
1496 5453 1600 5496 cor
1630 5452 1833 5494 eorum
1873 5468 1881 5481 ι

193 5532 520 5585 recesserat
548 5544 579 5586 a
636 5542 752 5597 me,
796 5542 903 5584 nec
961 5528 1317 5597 agnoscebar
1349 5527 1421 5583 ab
1474 5525 1592 5582 illis
1623 5525 1837 5596 quibus

194 5612 382 5670 omnia
412 5616 560 5675 bona
585 5617 858 5687 feceram,
880 5620 936 5672 et
958 5614 1244 5688 obstupes
1256 5615 1478 5685 cebam,
1503 5615 1635 5687 quia
1658 5613 1836 5685 fugie-

2011 4644 2333 4715 Episcopus
2360 4647 2552 4699 autem
2583 4640 2829 4698 consilio
2868 4654 2897 4695 a
2935 4655 3000 4711 se
3031 4639 3158 4710 ipso
3188 4642 3450 4709 accepto,
3484 4653 3591 4709 per

1942 4733 2214 4790 nuncium
2248 4731 2399 4788 diem
2441 4730 2578 4785 mihi
2607 4728 2920 4786 constituit
2941 4727 3092 4800 apud
3121 4727 3359 4796 Eduam,
3385 4725 3588 4782 dicens

1943 4838 2031 4877 me
2064 4837 2173 4876 non
2197 4834 2331 4876 csse
2352 4818 2687 4890 spoliatum,
2713 4821 2770 4872 et
2795 4816 2928 4872 inde
2951 4815 3202 4871 dandum
3219 4813 3504 4883 judicium
3539 4814 3587 4871 si

1941 4908 2213 4966 revestiri
2264 4909 2556 4964 deberem.
2590 4907 2709 4975 Ego
2767 4903 3192 4961 communicato
3223 4900 3470 4958 consilio
3501 4916 3592 4957 re-

1945 4996 2150 5070 spondi
2180 4996 2267 5051 eis
2290 4995 2510 5051 litteris
2531 4994 2775 5050 directis
2796 4993 2850 5047 in
2875 4993 2982 5048 hec
3005 4993 3182 5048 verba
3210 5009 3222 5044 :
3244 4990 3492 5047 Domino
3509 4990 3586 5048 Μ

1942 5086 2211 5143 Eduensi
2223 5086 2485 5155 episc0po
2483 5083 2695 5154 frater
2718 5083 2895 5152 Hugo
2916 5076 3396 5137 Flaviniacensis
3417 5076 3592 5134 eccle-

1941 5176 2050 5233 sia
2060 5186 2266 5232 servus
2284 5172 2559 5230 salutem.
2582 5170 2852 5227 Miratur
2868 5168 3184 5225 bumilitas
3212 5165 3419 5223 nostra
3449 5179 3593 5236 gua-

1942 5262 2108 5319 modo
2122 5259 2400 5318 discretio
2402 5258 2800 5331 pateruitatis
2817 5256 3027 5314 vestra
3048 5255 3203 5311 diem
3212 5252 3367 5309 milli
3378 5252 3596 5309 consti-

1946 5348 2391 5420 tuerit,Eduam
2402 5347 2583 5417 quasi
2595 5346 2678 5402 ad
2677 5345 2984 5417 judicium
2984 5339 3597 5414 proﬁciscendiDici-

1946 5439 2025 5494 tis
2038 5433 2404 5507 etiam,guod
2420 5434 2618 5504 magis
2645 5434 3059 5498 miramur,me
3089 5440 3207 5485 non
3233 5440 3358 5485 esse
3373 5426 3596 5496 spolia-

1947 5528 2087 5583 tum.
2113 5524 2321 5582 Nonne
2338 5534 2476 5577 mon
2496 5520 2568 5577 ut
2579 5519 2660 5576 ad
2669 5530 2847 5576 aures
2866 5517 3095 5575 vestras
3104 5528 3308 5571 rumor
3321 5512 3595 5585 infamia

1942 5612 2158 5672 nostra
2158 5608 2452 5684 pervenit,
2466 5608 2576 5687 qui
2590 5606 2928 5665 debueratis
2951 5603 3225 5663 laborare
3235 5601 3318 5660 ad
3338 5600 3594 5659 liberan-
