3894 6416
312 308 428 375 3‘15

1274 322 1643 388 HUGONIS
1687 322 2037 387 ABBATIS
2081 322 2764 390 FLAVINIACENSIS

3613 328 3739 390 876

313 446 442 521 das,
467 463 585 511 non
610 453 1027 532 infamandas,
1038 474 1349 534 personas,
1368 461 1975 522 Flaviniacummisi-
2000 458 2059 524 A
2088 460 2333 520 maxime
2348 467 2635 522 statutum
2657 462 2867 535 fuerat,
2889 467 2949 521 ut
2966 460 3221 521 reversis
3242 461 3434 522 missis
3454 460 3581 521 suis
3603 476 3736 522 cum

308 538 440 609 stis,
465 542 677 600 villam
689 546 853 605 vobis
862 553 1097 608 servari
1109 553 1465 619 mandastis,
1478 553 1727 626 fratres
1739 553 1973 610 nostros

312 628 761 701 etﬂlios,nostro
782 636 1006 707 abjecto
1028 643 1282 709 nomine,
1304 643 1740 713 inﬁtiationem
1751 642 1974 713 recepi-

309 716 442 783 stis,
462 732 552 775 me
564 721 915 791 indiscusso,
946 729 1242 795 inaudito,
1272 731 1547 788 etniclzil
1563 734 1766 789 minus
1789 746 1973 802 quam

297 808 882 875 proscribioerente.’
903 816 1109 873 Nonne
1141 820 1305 889 apud
1325 821 1563 877 Eduam
1578 821 1641 877 in
1662 822 1769 877 illo
1783 821 1971 878 vestro

310 891 649 981 honorabili
661 904 1072 972 consilio,cum
1093 908 1445 976 Lugdunum
1467 924 1555 965 me
1561 909 1972 981 profectu-rum

309 979 616 1056 diaissem,
623 993 970 1057 promittere
988 1010 1078 1051 me
1095 998 1345 1068 fecistis
1357 1000 1429 1054 ut
1443 1000 1514 1055 de
1528 979 1693 1054 bonis
1714 997 1973 1053 ecclesia

306 1082 423 1125 non
450 1086 541 1129 me
562 1076 1038 1153 intromitterem,
1082 1098 1272 1157 neque
1292 1087 1538 1157 aliquid
1556 1089 1841 1157 cuiquam
1869 1085 1972 1139 da-

304 1170 447 1227 rem,
467 1165 647 1230 quasi
670 1166 754 1222 ad
775 1169 1057 1226 tuendam
1086 1174 1143 1228 et
1172 1174 1606 1245 defendendam
1635 1174 1973 1245 nequitiam

304 1256 533 1305 meam?
559 1253 1094 1327 Ubisuntabbates,
1122 1262 1401 1335 decanus,
1425 1267 1893 1322 archidiaconus
1916 1248 1979 1315 ει

302 1335 576 1397 meliores
591 1344 654 1397 in
666 1345 839 1415 clero,
840 1362 949 1416 per
962 1364 1108 1418 quos
1123 1351 1591 1426 talispersona,q
1602 1369 1677 1411 ua
1687 1355 1764 1411 iis
1785 1350 1974 1410 Flari'

304 1426 611 1487 niacensis
622 1431 807 1491 abbas
819 1448 942 1492 esse
954 1437 1137 1507 debet,
1163 1444 1481 1509 contentus
1498 1445 1627 1501 est?
1649 1444 1865 1500 Etecce
1888 1443 1971 1499 ad

299 1515 599 1603 judicium
614 1535 799 1590 vocor,
824 1538 935 1578 non
951 1527 1111 1582 resta
1123 1530 1437 1599 arationis,
1465 1546 1580 1587 non
1598 1533 1729 1588 redi
1736 1535 1970 1603 ntegra'

307 1602 621 1671 tionis,sed
651 1610 1299 1685 adjudiciumjudicii,
1330 1620 1385 1675 si
1414 1619 1651 1676 debeam
1666 1602 1960 1679 incestiri.

311 1689 1030 1765 Ubisunt,queso,decreta
1054 1706 1511 1775 apostolica,ubi
1533 1709 1855 1766 constituta
1869 1725 1966 1767 ca-

2087 550 2304 609 litteris
2354 552 2756 623 absolutoriis,
2802 553 2879 609 ibi
2928 568 3159 625 quoque
3190 568 3218 609 a
3252 552 3636 624 suffraganeis
3676 559 3737 609 et

2086 640 2307 698 diocesi
2337 658 2442 700 sua
2474 634 2749 700 viaticum
2783 644 3095 714 acciperet.

2157 733 2274 788 Hoc
2289 748 2437 789 anno
2452 734 2598 789 obiit
2614 733 2916 805 Philippus
2932 731 3371 788 Catalaunensis
3391 732 3732 804 episcopus;

2085 836 2200 890 quo
2247 821 2420 877 etiam
2472 836 2622 879 anno
2677 836 2880 891 magna
2918 822 3020 876 fuit
3082 835 3318 878 annonas
3374 822 3636 892 panuria,
3671 826 3730 877 et

2085 909 2252 966 multi
2285 911 2431 966 fame
2460 911 2781 981 periclitati
2804 915 2957 967 sunt.

2155 998 2277 1065 (fol.
2338 1001 2484 1069 142.)
2543 1000 2724 1069 Igitur
2796 1016 2943 1056 alino
3014 999 3228 1055 incarn.
3310 1002 3525 1055 Domni.
3592 1003 3729 1056 1100

2086 1087 2265 1158 (Sept.
2292 1090 2381 1159 30)
2407 1088 2767 1145 advenerunt
2788 1089 2946 1144 missi
2971 1089 3041 1144 ad
3067 1088 3281 1144 Gallias
3309 1088 3481 1158 legati
3505 1094 3726 1145 sanctae

2082 1176 2352 1233 Romana)
2369 1177 2653 1248 ecclesia},
2674 1178 2965 1234 Iohannes
2983 1181 3038 1231 et
3063 1178 3427 1243 Benedictus,
3447 1193 3476 1233 a
3511 1178 3727 1248 quibus

2081 1264 2373 1320 conciliun
2417 1265 2602 1335 primo
2650 1266 2798 1337 apud
2858 1266 3071 1320 Eduam
3126 1266 3510 1334 designatum,
3568 1266 3724 1335 apud

2085 1356 2285 1410 urbem
2318 1354 2679 1409 Valentinani
2727 1353 3059 1409 institutum
3092 1360 3184 1408 est
3213 1358 3246 1407 2
3278 1354 3397 1409 Kal.
3433 1353 3718 1421 Octobris,

2083 1444 2151 1499 ad
2187 1443 2341 1513 quod
2372 1447 2770 1499 convenerunt
2795 1442 3235 1513 archiepiscopi,
3261 1442 3514 1514 episcopi
3538 1447 3593 1497 et
3624 1444 3724 1498 ab»

2084 1533 2249 1587 batcs
2282 1547 2521 1586 numero
2544 1534 2630 1599 25,
2670 1530 3116 1587 occurrentibus
3162 1529 3370 1599 legatis
3400 1531 3588 1585 domni
3620 1531 3723 1585 Lu-

2078 1618 2395 1689 gdunensis
2440 1620 2887 1690 archiepiscopi,
2942 1619 3076 1688 quia
3128 1620 3251 1689 ipso
3298 1619 3715 1685 inﬁrmabatur,

2081 1724 2424 1779 quamqanm
2478 1708 2740 1779 episcopi
2806 1708 3110 1763 dioceseos
3140 1707 3289 1777 ejus,
3347 1708 3718 1776 [.iguonensis

305 1780 539 1877 nonica,
564 1797 696 1877 qua
714 1790 957 1845 censent
976 1794 1265 1849 neminem
1285 1797 1612 1864 spoliatum
1635 1802 1963 1856 vorandum
1992 1818 2045 1877 Β
2078 1803 2133 1852 et
2170 1797 2570 1853 Cabiloncnsis
2602 1827 2669 1838 -—
2700 1796 3146 1852 Matisconensis
3171 1797 3321 1851 enim
3347 1797 3403 1852 in
3424 1796 3717 1853 redeundo

308 1868 390 1921 ad
389 1869 715 1957 judicium,
743 1889 872 1931 cum
893 1892 1006 1933 non
1032 1881 1280 1938 situnde
1298 1885 1580 1954 judicari
1611 1888 1819 1943 debeat
1822 1890 1962 1957 jam

307 1956 607 2015 nudatus?
627 1962 875 2039 Sed/ceu
898 1969 1111 2025 misero
1125 1972 1309 2027 mibi!
1331 1976 1553 2031 cuisoli
1566 1956 1960 2045 eigoretinte-

301 2047 501 2114 gritas
532 2062 822 2109 canonum
843 2055 1109 2127 deperiit.
1154 2062 1327 2117 Diem
1358 2064 1548 2133 igitur
1574 2068 1961 2124 constitutam

308 2135 614 2229 attendere
633 2154 871 2213 nequeo,
891 2148 1039 2218 quia
1060 2163 1173 2205 non
1195 2150 1383 2207 debeo.
1423 2156 1584 2209 Data
1615 2156 1713 2211 die
1742 2170 1961 2229 compe-

309 2222 399 2315 ten
409 2225 472 2291 ti,
475 2231 732 2296 paratus
742 2246 873 2289 sum
885 2240 1327 2296 occurrereSin
1341 2241 1520 2307 alias,
1537 2244 1603 2299 in
1616 2222 1961 2315 Lugdunen-

306 2313 362 2367 si
379 2317 641 2385 capitulo
653 2322 909 2389 paratus
919 2339 1051 2381 sum
1063 2332 1539 2397 meprasentare.
1558 2332 1630 2387 Si
1643 2313 1725 2388 ad
1734 2348 1770 2389 a
1780 2334 1961 2391 ltiora

310 2400 577 2492 tenditis,
601 2407 943 2476 etquadia‘i
977 2430 995 2468 ς
1021 2414 1195 2471 icliili
1197 2418 1487 2486 penditis.
1501 2421 1829 2477 Romanum
1859 2436 1961 2492 ap-

295 2489 457 2556 pello
460 2492 497 2561 j
504 2493 787 2564 udicium,
815 2500 1122 2558 etinterim
1136 2517 1211 2559 ea:
1217 2506 1391 2574 parte
1413 2508 1593 2563 Deiet
1606 2507 1763 2565 beati
1788 2489 1961 2566 Petri

308 2577 555 2647 ejusque
592 2583 837 2653 Vicarii,
855 2589 1054 2647 domui
1068 2607 1299 2665 quoque
1316 2597 1733 2665 Lugdunensis
1756 2599 1813 2653 et
1832 2613 1961 2655 nos-

309 2665 389 2721 tri
412 2671 669 2739 capituli
705 2676 1027 2736 Eduensis
1061 2683 1354 2740 interdico
1388 2699 1460 2740 ne
1478 2686 1631 2742 milii
1654 2686 1963 2744 abbatiam

306 2753 822 2845 litauiniacensem
863 2769 1187 2840 auferatis,
1220 2786 1361 2828 nece
1382 2775 1447 2830 in
1468 2788 1538 2830 ea
1577 2776 1846 2845 aliquem
1866 2790 1962 2833 su-

309 2839 783 2908 bintromittatis.

315 3014 324 3024 .
377 2930 899 3007 Exemplarearum
929 2945 1187 3015 capitulo
1204 2963 1434 3019 quoque
1464 2950 1701 3006 missum
1718 2956 1841 3019 est;
1867 2965 1965 3007 cu-

305 3030 401 3109 ius
420 3036 548 3077 cum
571 3026 1839 3109 fuissetvoluntasetdefinitioutinvestirer,
1868 3056 1965 3096 no.

309 3107 767 3186 luitepiscopus.
800 3121 1066 3177 Attamen
1085 3126 1453 3195 postmodum
1481 3129 1774 3184 mandavit
1800 3107 1858 3185 ut
1880 3146 1966 3187 se-

306 3200 491 3256 cunda
535 3203 675 3260 feria
728 3208 928 3278 prima
975 3212 1313 3271 ebdomadae
1356 3216 1409 3271 in
1442 3217 1695 3273 adventu
1744 3221 1960 3276 Eduam

308 3287 449 3345 irem
493 3290 903 3365 investiturus,
937 3304 1034 3355 aut
1060 3302 1232 3357 tertia
1262 3304 1400 3361 feria
1425 3310 1559 3361 ante
1593 3308 1957 3365 nativitatem

304 3376 528 3466 Domini
564 3383 748 3440 media
784 3385 872 3441 via
893 3386 1181 3455 justitiam
1206 3393 1256 3446 ei
1284 3394 1776 3466 facerem,etipsc
1797 3397 1953 3452 mihi.

306 3463 430 3522 Dixi
454 3484 543 3524 me
564 3470 802 3543 iturum,
844 3475 891 3530 si
917 3478 1181 3534 mitteret
1203 3482 1519 3539 monachos
1541 3489 1601 3537 et
1631 3463 1956 3539 servientes

307 3554 402 3642 qui
428 3569 651 3613 mecum
708 3559 879 3631 irent,
906 3568 964 3618 et
997 3564 1050 3619 in
1083 3581 1152 3621 eo
1184 3569 1481 3625 remansit.
1519 3570 1661 3638 (Fol.
1716 3574 1864 3642 141.)
1890 3574 1953 3626 Et

307 3640 541 3698 interim
574 3647 809 3715 publica
844 3654 900 3704 et
947 3654 1175 3720 privata
1209 3656 1613 3713 satisfactione
1646 3640 1954 3715 conciliavi

307 3729 446 3784 mihi
464 3733 693 3818 animos
717 3736 979 3807 fratrum,
1013 3744 1319 3800 subdendo
1352 3760 1441 3800 me
1472 3744 1590 3802 illis
1622 3751 1680 3801 et
1712 3763 1957 3818 corpore

305 3820 363 3869 et
384 3817 707 3889 voluntate,
743 3826 879 3895 quia
910 3828 993 3884 sic
1037 3831 1172 3885 mihi
1197 3847 1469 3888 noveram
1493 3836 1792 3905 expedire,
1822 3817 1955 3893 cum

308 3918 423 3972 quo
459 3907 604 3996 bene
652 3913 955 3984 agebatur,
994 3916 1037 3973 si
1069 3918 1263 3975 saltim
1296 3921 1449 3977 inter
1479 3922 1705 3980 infimos
1728 3926 1958 3996 privato

306 3994 744 4055 concedebatur
773 4002 989 4059 vivere.

380 4084 544 4139 Anno
576 4087 647 4143 ab
680 4088 1079 4150 incarnatione
1123 4096 1344 4152 Domini
1377 4105 1517 4156 1100
1554 4102 1706 4172 apud
1751 4104 1959 4159 Ansam

307 4179 704 4266 convenerunt
721 4179 1145 4255 archiepiscopi
1166 4186 1968 4259 Lugdunensis,Cantuarien'

305 4259 762 4325 sis,Senonensis
778 4268 1173 4343 ,Turonensis,
1195 4275 1597 4347 Bituricensis,
1621 4282 1966 4353 ctepiscopi

305 4359 547 4436 numero
561 4365 783 4425 novem,
805 4357 1107 4431 Eduensis,
1126 4363 1589 4436 Matisconensis,
1612 4369 1952 4426 Cabilonen-

304 4434 401 4526 sis,
439 4438 985 4516 Autissiodurensis,
1022 4451 1456 4521 Parisiacensis,
1493 4434 1733 4526 Diensis,
1768 4463 1824 4512 et
1860 4459 1965 4514 alii

2077 1902 2106 1942 a
2142 1888 2314 1941 Roma
2348 1891 2557 1956 captus
2599 1902 2626 1941 a
2657 1886 2919 1941 Wiberto
2962 1886 3016 1940 in
3052 1885 3315 1941 custodia
3348 1885 3716 1941 detinebatur

2076 2008 2135 2016 —-
2174 1990 2285 2030 non
2338 1974 2687 2044 interfuerit,
2726 1974 3027 2053 prohibiti,
3059 1978 3119 2029 ut
3171 1974 3491 2042 dicebatur,
3522 1974 3593 2028 ab
3621 1990 3716 2029 eo-

2076 2064 2204 2120 dem
2242 2063 2627 2133 Lugdunensi.
2683 2063 2971 2119 Educnsis
3017 2067 3211 2119 autem
3269 2063 3546 2132 interfuit,
3580 2063 3713 2133 quia

2074 2154 2463 2208 accusabatur
2492 2168 2520 2207 a
2573 2152 2867 2207 canonicis
2921 2152 3043 2207 suis
3094 2151 3165 2207 de
3212 2151 3465 2220 symonia
3497 2156 3551 2206 et
3582 2151 3715 2207 aliis

2074 2242 2451 2311 quibusdam;
2487 2256 2591 2311 pro
2631 2241 2795 2310 cujus
2817 2241 3153 2297 defensione
3186 2240 3427 2296 maxime
3460 2240 3555 2296 illo
3582 2256 3715 2296 con-

2073 2334 2351 2385 venerant
2378 2329 2808 2399 Lugdunenses.
2843 2330 2923 2385 Ibi
2957 2344 3065 2398 ego
3102 2330 3153 2383 in
3190 2330 3373 2399 primo
3396 2328 3555 2384 aditu
3577 2344 3711 2384 con-

2073 2418 2191 2473 cilii
2228 2418 2633 2489 purgationem
2660 2418 2955 2473 illatorum
2979 2418 3249 2485 offerens,
3276 2418 3713 2474 accusatoribus

2075 2507 2414 2561 tacentibus
2449 2511 2508 2561 et
2544 2502 2973 2574 deﬁcientibus,
3002 2506 3222 2575 judicio
3245 2506 3475 2561 concilii
3508 2506 3576 2561 ad
3598 2506 3713 2577 pri-

2074 2609 2221 2648 mam
2254 2593 2485 2649 abbatis
2509 2594 2871 2649 Divionensis
2904 2608 3104 2649 vocem
3128 2594 3199 2649 de
3223 2594 3452 2650 abbatis
3478 2593 3713 2649 investi-

2076 2687 2192 2752 tus,
2211 2683 2542 2737 astantibus
2558 2682 2857 2738 canonicis
2870 2682 3065 2737 Eduen
3082 2682 3711 2748 sibusetlaudantibus,

2075 2785 2257 2842 cappa
2291 2776 2348 2825 et
2377 2772 2583 2827 baculo
2622 2771 2894 2837 donatus,
2936 2771 2988 2825 in
3035 2771 3193 2826 circo
3214 2771 3467 2827 residere
3492 2771 3708 2841 jussus.

2078 2865 2208 2930 post
2232 2860 2426 2916 soluto
2441 2858 2691 2915 concilio
2726 2860 2792 2914 ad
2819 2860 3055 2930 propria
3081 2874 3207 2914 sum
3230 2860 3526 2927 remissus,
3562 2857 3716 2914 litte-

2079 2948 2160 3003 ris
2194 2948 2541 3019 apostolicis
2602 2949 2860 3004 munitus
2893 2948 2946 3002 in
3008 2948 3129 3003 haec
3160 2948 3335 3004 verba
3373 2967 3384 3001 :
3420 2946 3538 3013 (fol.
3572 2948 3713 3017 14'2’)

2075 3036 2382 3094 Jobannes
2411 3038 2465 3092 et
2492 3037 2866 3105 Benedictus,
2910 3036 3130 3093 sancta
3158 3038 3435 3092 Romana
3464 3035 3716 3093 ecclesia

2077 3127 2418 3184 cardinales
2440 3129 2497 3183 et
2519 3129 2722 3197 legati,
2744 3128 3071 3195 monac/iis,
3111 3128 3347 3185 clericis
3367 3128 3425 3183 et
3445 3128 3616 3184 laicis
3635 3127 3720 3182 ad

2074 3215 2382 3273 abbatiam
2401 3217 2910 3272 Flaciniacensem
2920 3214 3380 3288 pertinentibus,
3404 3214 3718 3271 obedienti-

2074 3305 2199 3374 bus,
2228 3306 2500 3361 salutem.
2548 3305 2825 3362 Fratrem
2854 3304 3118 3361 nostrum
3159 3303 3428 3361 abbatem
3461 3303 3718 3361 oestrum

2072 3394 2400 3463 Hugonem,
2428 3392 2595 3449 nobis
2614 3393 2900 3449 barissim
2910 3407 3025 3461 um,
3051 3406 3223 3465 quem
3243 3392 3719 3463 sanctasynodus

2059 3482 2300 3552 judicio
2321 3481 2563 3537 concilii
2579 3481 2648 3535 de
2661 3480 2906 3535 abbatia
2919 3479 3246 3547 incestirit,
3272 3480 3577 3536 dilectioni
3596 3494 3721 3536 ees-

2071 3572 2178 3627 tra
2189 3586 2307 3627 coni
2317 3586 2439 3625 men
2446 3570 2521 3625 (la
2528 3586 2561 3625 n
2571 3571 2655 3625 tes
2668 3570 2814 3625 remi
2824 3569 3369 3639 ttimus,pracipien
3376 3569 3459 3625 tes
3470 3582 3543 3624 ex
3549 3570 3722 3639 parte

2070 3662 2182 3716 Dei
2196 3661 2252 3715 et
2264 3659 2411 3715 beati
2436 3659 2624 3727 Petri,
2650 3660 2718 3714 ut
2734 3660 3041 3714 Dirionem
3072 3658 3366 3715 venientes
3385 3672 3514 3714 eum
3532 3658 3602 3714 ut
3616 3658 3723 3715 ab-

2074 3748 2141 3805 ba
2152 3750 2263 3803 tem
2273 3750 2531 3804 cestrnm
2552 3750 2801 3818 requira
2811 3748 2906 3815 tis,
2925 3748 2981 3802 et
2992 3749 3055 3803 in
3066 3760 3242 3802 manu
3255 3746 3719 3818 karissimifra-

2072 3838 2186 3893 tris
2198 3837 2410 3905 nostri,
2435 3837 2656 3891 sancta
2678 3838 2955 3891 Romana
2976 3836 3231 3892 ecclesia
3229 3835 3381 3906 ﬁlii,
3406 3836 3716 3891 Dirionen-

2068 3928 2158 3983 sis
2178 3924 2435 3989 abbatis,
2449 3926 2988 3995 promittentes,cos
3010 3938 3140 3980 eum
3173 3937 3375 3981 secure
3392 3924 3449 3980 et
3470 3924 3718 3995 paterae

2074 4014 2457 4079 tractaturos,
2478 4027 2609 4069 cum
2622 4013 2839 4070 honore
2861 4012 3051 4069 debito
3064 4011 3147 4069 ad
3154 4013 3573 4069 monasterium
3584 4026 3718 4068 eum

2070 4102 2394 4159 reducatis.
2416 4101 2755 4158 Obedientes
2770 4100 3719 4173 benedietionibusmultiplicemi-

2074 4190 2491 4261 ni,-inobedien
2503 4192 2586 4247 tes
2605 4204 2739 4247 rere
2750 4192 2909 4246 iram
2926 4191 3032 4246 Dei
3044 4192 3110 4246 in
3117 4191 3413 4260 posterum
3425 4191 3713 4259 sentietis,

2078 4281 2137 4337 et
2158 4295 2193 4337 a
2226 4279 2394 4337 nobis
2406 4293 2520 4351 pro
2533 4278 2903 4336 contumacia
2922 4280 3279 4336 sententiam
3299 4280 3543 4349 dignam
3558 4279 3718 4334 eaei-

2076 4370 2275 4440 pietis.
2303 4369 2386 4426 Et
2398 4370 2545 4440 quia
2566 4367 2832 4425 nostrum
2864 4368 2966 4437 est,
3000 4367 3235 4424 obedire
3262 4366 3592 4424 nolentibus
3609 4368 3722 4422 aut

2079 4459 2142 4515 di
2139 4458 2495 4531 ferentibus
2512 4471 2853 4529 praeaeere
2887 4456 2981 4513 rel
3016 4456 3273 4525 obviare,
3306 4455 3719 4512 interdicimus

305 4521 441 4594 duo,
472 4532 527 4581 et
555 4543 694 4599 pace
715 4538 953 4597 statuta,
981 4536 1052 4593 de
1075 4539 1165 4595 via
1199 4521 1963 4616 Jhorosolimitanaloquuti
1998 4534 2048 4595 D
2079 4521 2346 4604 omnibus
2367 4521 2537 4603 vobis
2550 4548 2615 4601 in
2644 4546 2796 4601 eilia
2818 4521 3266 4601 Flariniacensi
3284 4545 3415 4601 etin
3451 4542 3719 4602 omnibus

304 4619 993 4693 sunt,eosquivoverant,
1031 4628 1639 4699 etvotiexequutores
1680 4648 1789 4689 non
1835 4636 1960 4692 fue-

304 4704 453 4771 rant,
478 4718 506 4758 a
539 4710 943 4767 communione
965 4720 1360 4783 scgregantes,
1392 4719 1776 4791 quoadusque
1821 4729 1954 4779 vota

299 4790 679 4861 complerent.
717 4797 1156 4857 Miseratautem
1174 4803 1575 4873 Lugdunensis
1601 4790 1827 4878 legatos
1852 4794 1962 4867 Ro-

302 4889 584 4950 mam,per
597 4897 743 4952 quos
762 4885 910 4942 velle
931 4903 1099 4944 suum
1118 4906 1279 4962 papae
1300 4895 1636 4952 ostenderat
1664 4899 1734 4954 de
1758 4901 1847 4957 via
1872 4916 1961 4956 ea-

300 4963 659 5036 dem,utcum
676 4985 778 5028 sua
796 4973 1200 5034 benedictione
1213 4985 1268 5035 et
1288 4984 1654 5041 absolutione
1671 4987 1772 5042 illo
1788 4988 1959 5044 debe-

303 5059 391 5108 ret
426 5055 510 5112 ire
526 5062 602 5123 ;et
627 5060 919 5118 Romanus
933 5066 1195 5135 pontifex
1219 5077 1867 5141 annuerat,ammonens
1893 5081 1955 5133 ut

301 5155 405 5211 per
417 5157 480 5200 se
499 5146 706 5217 iret,ut
720 5149 1071 5219 legationem
1088 5170 1247 5213 suam
1264 5160 1313 5215 ei
1330 5163 1725 5218 committeret
1748 5165 1802 5219 in
1822 5165 1952 5220 Asia

302 5244 471 5321 quam
497 5233 641 5289 bene
666 5243 897 5294 rexerat
918 5239 972 5295 in
1002 5242 1348 5317 Burgundia,
1383 5252 1440 5303 et
1465 5249 1697 5306 interim
1729 5252 1954 5321 legatos

300 5330 329 5372 a
346 5316 531 5376 latere
554 5337 661 5378 suo
677 5325 989 5384 mittendos
1015 5346 1119 5401 pro
1136 5349 1304 5404 posse
1320 5335 1659 5403 instrueret,
1679 5339 1773 5409 qui
1790 5316 1973 5405 vices,

301 5418 463 5476 papae
486 5419 918 5480 exequerentur
953 5435 965 5473 :
1000 5422 1056 5473 et
1084 5420 1214 5477 ideo
1237 5422 1375 5479 illud
1398 5423 1753 5494 colloquium
1779 5443 1946 5499 quam

372 5598 441 5633 ⁸³¹
473 5582 621 5658 Cir“.

2077 4636 2310 4692 omnino
2323 4634 2559 4691 locisad
2578 4632 3144 4690 eandemabbatiam
3162 4629 3600 4703 pertinentibus
3627 4631 3716 4687 di-

2073 4726 2280 4781 einum
2299 4724 2573 4795 oﬂcium,
2599 4722 2777 4778 donec
2790 4722 3100 4794 praceptis
3120 4721 3343 4777 nostris
3359 4733 3491 4790 qua
3503 4719 3719 4776 sancta

2070 4812 2639 4885 synodusﬂrmaoit,
2674 4810 2984 4867 obediatis.

2145 4902 2482 4956 lmminente
2528 4913 2669 4956 vero
2718 4900 2922 4955 eodem
2962 4898 3230 4967 concilio,
3283 4903 3417 4952 ante
3462 4910 3717 4952 mensem

2071 5003 2249 5045 unum
2279 4992 2337 5044 et
2369 5002 2437 5045 eo
2476 4986 2726 5059 amplius
2779 4988 2972 5043 missze
3031 4988 3257 5043 fuerant
3291 5000 3320 5040 a
3354 4999 3442 5040 me
3498 4983 3717 5040 littera)

2069 5077 2479 5146 Flaviniacum,
2508 5090 2751 5148 quarum
2778 5080 2975 5131 textus
3001 5076 3111 5131 iste
3143 5080 3263 5130 est:
3297 5074 3509 5129 Frater
3539 5073 3717 5144 Hugo

2067 5165 2551 5224 Flaciniacensis
2564 5164 2847 5236 expulsus
2867 5164 3070 5235 abbas,
3091 5161 3429 5222 Girardo‘”
3434 5161 3639 5234 priori
3660 5162 3723 5219 et

2067 5254 2336 5312 omnibus
2350 5256 2457 5326 qui
2474 5268 2537 5313 se
2561 5270 2667 5326 pro
2660 5254 2917 5325 ﬁtentur
2939 5255 3099 5320 ﬁlios
3132 5253 3390 5309 ecclesia
3408 5250 3718 5308 Flaeinia-

2064 5342 2257 5399 censis
2268 5341 2593 5410 monachis,
2623 5342 2881 5410 clericis,
2900 5343 3109 5412 lagois,
3136 5339 3385 5407 casatis,
3407 5338 3718 5395 servienti-

2063 5428 2505 5499 bus;nobilibus
2517 5430 2574 5486 et
2584 5428 2950 5501 ignobilibus
2962 5432 3387 5501 cujuscumque
3398 5423 3595 5483 atatis
3605 5425 3718 5481 aut

1664 5548 1901 5606 ΥΑΗΙΑΞ
1943 5552 2344 5609 LECTIONES.
