3894 6420
172 381 287 446 3'77

1433 398 1928 462 CHRONICON.
1970 434 2039 448 ι-
2071 404 2222 465 LIB.
2273 407 2341 467 II.

3463 414 3577 475 378

173 517 550 581 conditionis.
597 523 966 598 Aadicimns,
993 528 1256 602 fratres,
1288 534 1346 590 et
1368 534 1588 593 scimus
1627 536 1813 593 conci-
1846 560 1897 621 Α
1934 553 2059 596 nem
2088 538 2277 597 inveni
2312 540 2779 614 inreverentiam,
2808 541 2886 600 ita
2921 547 2984 601 ut
3003 541 3176 602 etiam
3207 542 3298 602 his
3335 544 3430 620 qui
3463 561 3585 606 me-

173 609 323 667 lium
349 612 758 671 celebrandam
787 633 822 672 a
852 620 1265 678 cardinalibus
1291 627 1510 680 sancta
1541 627 1816 682 Roman/3

172 702 430 757 ecclesia
461 708 494 758 2
519 704 659 759 Kal.
699 707 960 762 Octobris
989 710 1151 779 apud
1180 711 1377 767 urbem.
1421 715 1811 783 Valentinani,

171 789 252 843 ad
287 791 446 860 qaod
481 794 783 849 convocati
823 797 963 852 sant
992 798 1440 871 archiepiscopi,
1476 805 1730 875 episcopi
1762 806 1819 860 et

171 876 428 934 abbates.
463 880 554 934 Ad
574 880 680 936 hoc
699 897 798 939 eos
819 884 1152 942 incitemus
1169 899 1428 957 exparte
1451 892 1559 945 Dei
1583 892 1640 946 et
1661 892 1815 947 beati

171 966 342 1021 Petri
362 969 608 1037 ejusque
624 972 843 1027 vicarii
868 972 1067 1029 domini
1084 990 1255 1046 papre
1277 979 1512 1035 Pasc/ia
1524 982 1598 1035 iis
1617 981 1674 1035 et
1688 994 1816 1036 car-

170 1052 469 1110 dinaliam
508 1057 806 1115 Johannis
847 1062 1028 1130 atque
1057 1065 1384 1133 Benedicti,
1421 1069 1527 1137 qni
1556 1070 1636 1124 ad
1662 1071 1817 1126 rices

166 1141 428 1208 ejusdem.
453 1158 630 1214 papa?
661 1150 1038 1218 exequendas
1070 1151 1283 1208 directi
1314 1157 1470 1210 sant.
1511 1158 1630 1213 Nos
1663 1159 1817 1213 enim

164 1232 414 1286 concilio
447 1246 551 1289 nos
569 1237 987 1304 preese-ntabim
1000 1254 1083 1307 ns,
1114 1242 1228 1295 Deo
1242 1244 1590 1310 protectore,
1617 1247 1670 1301 si
1689 1246 1815 1301 rita

164 1331 348 1374 eomes
366 1319 591 1390 fuerit,
614 1326 821 1392 parati
849 1341 976 1382 eam
1014 1330 1122 1384 Dei
1146 1329 1448 1399 adjatorio
1471 1333 1703 1401 audire,
1727 1349 1816 1389 re-

160 1407 442 1475 spondere
463 1410 804 1478 etjadicari
828 1416 1124 1472 canonice.
1167 1419 1624 1490 Veniantiqitar
1650 1437 1815 1478 acca-

161 1494 407 1562 satores,
436 1497 850 1557 criminatores
874 1502 930 1556 et
952 1504 1142 1571 testes,
1171 1509 1525 1577 quicumque
1546 1524 1685 1581 erqa
1711 1527 1814 1568 nos

160 1596 403 1638 causam
433 1585 666 1655 habent,
703 1592 807 1658 qui
833 1592 1170 1660 expalsioni
1194 1595 1578 1664 etspo/iatoni
1603 1602 1814 1655 nostrre

162 1674 568 1743 consensistis,
600 1677 706 1745 qui
731 1679 1091 1744 inaaditam,
1127 1683 1573 1753 indempnatmn
1596 1687 1811 1758 abjeci-

156 1759 289 1827 stis,
331 1762 391 1816 et
417 1766 729 1820 ammoniti
768 1769 1117 1837 resipiscere
1159 1772 1530 1841 despecistis.
1582 1777 1812 1845 Venite,-

159 1845 245 1903 ibi
283 1851 442 1905 enim
485 1851 728 1908 dabitur
780 1855 938 1911 loc-ns
986 1859 1275 1916 audiendi
1315 1876 1433 1930 ros,
1473 1862 1572 1917 ubi
1610 1867 1810 1921 omnia

158 1936 276 1991 Deo
293 1937 554 2008 fare-nte
569 1942 738 2010 jaste
768 1943 1188 2002 tractabantur
1217 1950 1274 2002 et
1300 1953 1592 2007 canonice.

228 2025 327 2081 His
375 2029 636 2098 acceptis
687 2030 921 2101 litteris,
973 2035 1218 2090 consilio
1259 2038 1392 2092 dato
1425 2041 1706 2108 quendam
1741 2042 1809 2097 de

155 2113 275 2169 suis
318 2121 521 2170 contra
566 2133 654 2172 me
694 2122 1131 2191 consluratorcs
1167 2125 1249 2178 illi
1286 2128 1588 2192 miserunt,
1632 2130 1810 2186 homi-

154 2217 279 2256 nem
314 2204 412 2272 qui
448 2204 502 2259 in
534 2207 710 2262 scolis
767 2225 1005 2279 puerum
1058 2214 1374 2282 Occiderat,
1423 2221 1477 2270 et
1515 2217 1806 2274 Christum

151 2289 395 2360 ejusque
441 2294 781 2360 genitricem
827 2297 1295 2371 baptisnmmque
1339 2305 1650 2373 abnegaus,
1690 2324 1809 2362 ser-

149 2393 276 2432 vum
295 2395 356 2433 se.
376 2379 601 2436 diaboli
623 2386 857 2455 propria
884 2389 1252 2444 confessione
1274 2392 1573 2458 fecerat,et
1591 2397 1810 2465 absque

151 2467 471 2535 penitentia
504 2473 820 2528 monachus
847 2475 1151 2532 ordinatus
1177 2479 1393 2543 fuerat;
1421 2488 1627 2550 postea
1651 2484 1810 2537 mali-

149 2569 258 2623 gno
276 2557 518 2626 Spiritui
540 2561 811 2628 traditus,
831 2567 884 2616 et
904 2565 1266 2620 orationibus
1286 2568 1525 2622 fratrum
1543 2579 1803 2633 curatus,

154 2644 446 2711 publicam
481 2646 612 2702 inde
642 2651 1060 2706 confessionem
1099 2654 1335 2724 fecerat,
1363 2662 1420 2709 et
1447 2664 1654 2726 quater
1678 2675 1808 2730 pro-

156 2731 406 2788 fossione
433 2734 668 2803 violata,
697 2737 930 2792 tandem
955 2755 1057 2809 pro
1084 2742 1465 2798 fornicatione
1489 2750 1545 2799 et
1573 2747 1810 2803 immun-

157 2817 299 2875 dicia
333 2836 360 2875 a
402 2823 620 2892 populo
655 2824 723 2879 de
762 2831 1112 2882 monasterio
1152 2845 1278 2885 cum
1323 2834 1500 2888 sociis
1546 2836 1688 2904 suis,
1727 2838 1778 2891 ei

151 2909 368 2967 scilicet
406 2912 502 2981 qui
537 2917 739 2968 contra
775 2930 863 2970 me
895 2919 1374 2988 conspiraverant
1398 2954 1462 2960 —
1489 2937 1587 2977 sex
1614 2929 1802 2980 autem

148 3004 310 3053 erant
333 3031 437 3066 —,
467 3001 765 3070 projectus
793 3004 998 3066 fuerat,
1022 3011 1077 3058 ct
1103 3012 1266 3061 extra
1293 3011 1613 3065 {ecclesiam
1640 3028 1800 3067 suam

155 3087 449 3154 presbiter
490 3089 796 3145 ordinatus
837 3097 983 3156 erat,
1027 3110 1154 3148 cum
1197 3102 1329 3151 ante
1371 3099 1474 3152 hec
1515 3101 1702 3155 omnia
1746 3102 1801 3155 in

156 3173 296 3228 cella
329 3176 647 3232 Colticensi
681 3178 849 3232 archa
888 3181 1092 3251 fracta,
1131 3185 1369 3253 pecunia
1403 3187 1651 3253 sublata,
1683 3189 1803 3244 dal-

154 3263 350 3319 matica
397 3265 588 3320 furata
620 3271 678 3320 et
723 3266 774 3320 in
813 3271 1080 3338 proprios
1124 3287 1263 3327 usus
1307 3279 1525 3344 aptata,
1569 3278 1802 3334 sacrile-
1834 3287 1880 3348 Ο

146 3350 292 3418 gium
344 3358 774 3424 perpetrasset,
814 3360 869 3411 et
919 3357 1025 3412 alia
1071 3361 1333 3429 quedam,
1392 3379 1520 3432 qu:e
1578 3367 1798 3421 referre

151 3438 338 3507 pudet,
365 3443 776 3498 commisisset.
803 3446 859 3499 In
882 3447 1141 3518 episcopi
1164 3451 1574 3522 smsiorumque
1604 3459 1796 3509 tamen

158 3529 462 3593 praesentia
505 3532 910 3599 purgationem
953 3534 1243 3591 illatorum
1290 3545 1420 3593 ante
1454 3540 1563 3595 alia
1595 3541 1646 3595 in
1683 3557 1802 3606 οη),

158 3613 302 3668 nium
325 3617 620 3672 audientia
644 3620 858 3689 optuli;
887 3623 1038 3690 quod
1066 3624 1474 3682 deficientibus
1499 3638 1799 3685 accusato-

154 3700 308 3756 ribus
355 3707 630 3775 prosequi
675 3722 912 3763 necesse
957 3726 1066 3765 non
1111 3714 1243 3774 fuit;
1289 3722 1348 3768 et
1392 3717 1560 3771 sicin
1595 3733 1794 3774 eorum

152 3795 462 3856 przesentia
495 3794 725 3849 abbatia
757 3797 978 3865 judicio
1005 3799 1233 3853 concilii
1262 3802 1393 3856 mihi
1421 3805 1644 3861 reddita
1681 3812 1791 3876 est,

148 3881 199 3930 et
231 3879 350 3933 sedi
387 3879 709 3937 restitutus
751 3900 896 3938 sum.
945 3885 1180 3942 Littera:
1222 3904 1449 3959 quoque
1491 3894 1676 3949 misszc
1712 3911 1796 3951 re-

145 3971 319 4036 cepta
354 3983 466 4023 non
504 3975 664 4037 sunt,
714 3974 977 4041 quamvis
1011 3991 1038 4029 a
1077 3977 1421 4044 quibusdam
1458 3980 1624 4036 lectze
1658 3985 1788 4040 sint.

148 4053 240 4108 Die
281 4062 471 4111 autem
518 4059 860 4115 festivitatis
902 4065 1268 4132 exceptionis
1310 4070 1574 4137 corporis
1605 4075 1789 4128 sancti

148 4141 405 4214 Prejecti,
455 4161 583 4216 quae
626 4148 960 4205 celebratur
991 4157 1022 4205 8
1054 4153 1186 4207 ldus
1229 4156 1589 4226 Novembris,
1625 4176 1794 4218 vene-

148 4235 274 4286 runt
317 4233 611 4290 Divionem
659 4235 772 4292 duo
815 4251 882 4292 ex
924 4240 1205 4296 fratribus
1258 4243 1791 4306 Flaviuiacensibus

148 4318 297 4375 missi
328 4323 398 4377 ab
430 4323 536 4391 eis,
574 4326 915 4380 mandantes
950 4331 1007 4381 ut
1036 4328 1307 4398 redirem,
1346 4331 1449 4401 ipsi
1483 4335 1792 4392 obedirent

147 4407 324 4462 nobis.
359 4410 676 4466 Consilium
703 4429 840 4468 vero
866 4416 1107 4470 fratrum
1137 4422 1470 4474 nostrorum
1498 4422 1624 4492 fuit,
1655 4425 1787 4494 quia

150 4493 411 4552 dicebant
471 4515 575 4570 pro
633 4501 841 4557 timore
892 4504 1188 4559 Sarmatiae
1239 4511 1297 4560 et
1346 4509 1782 4582 Sombornonis,

151 4596 384 4650 quorum
418 4593 743 4644 castrorum
772 4591 1135 4647 habitatores
1170 4595 1474 4652 ecclesiam
1507 4601 1788 4658 Flavinia-

145 4684 363 4728 censem
406 4675 842 4746 impugnabant,
888 4695 948 4735 se
991 4697 1101 4735 non
1135 4698 1306 4752 posse
1341 4689 1401 4739 ut
1436 4686 1678 4743 decebat
1713 4691 1780 4745 ad

145 4771 244 4814 nos
279 4763 496 4833 venire,
540 4766 586 4820 si
631 4766 704 4820 hii
749 4769 845 4837 qui
889 4776 1211 4838 priesentcs
1260 4773 1520 4845 aderant,
1554 4776 1782 4845 jlitteris

144 4846 458 4921 obedirent,
491 4853 720 4925 culpam
756 4855 1056 4912 clamando
1082 4863 1139 4913 et
1163 4866 1539 4917 securitatem
1565 4871 1620 4918 et
1647 4867 1782 4921 obc-

146 4932 408 4993 dientiam
443 4941 496 4995 in
533 4956 700 4997 manu
737 4944 968 5014 prioris,
1004 4947 1134 5015 quia
1171 4948 1412 5004 domnus
1442 4951 1618 5008 abbas
1651 4955 1781 5009 abe-

143 5025 246 5090 rat,
280 5031 339 5078 ut
373 5034 612 5097 paterne
639 5033 708 5086 ab
732 5033 816 5086 eis
845 5036 1127 5088 tractaret
1159 5036 1567 5107 promittendo,
1597 5046 1654 5094 et
1678 5057 1779 5097 eos

145 5109 232 5175 qui
266 5113 417 5168 domi
451 5123 614 5172 erant
655 5119 988 5175 idemtidem
1026 5123 1282 5178 facturos
1317 5126 1674 5196 spondendo,
1713 5136 1775 5184 ut

145 5196 470 5257 Sarmatiam
505 5205 662 5274 irem,
697 5215 1084 5278 suscepturus
1110 5211 1180 5265 ab
1205 5212 1288 5265 eis
1313 5212 1476 5280 juxta
1514 5219 1772 5272 tenorem

145 5279 481 5345 litterarum.
517 5294 618 5362 lvi,
644 5299 700 5349 et
729 5295 904 5350 nichil
938 5312 1136 5352 eorum
1172 5279 1384 5354 factum
1411 5308 1521 5368 est,
1550 5318 1676 5358 cum
1703 5305 1770 5358 ad

144 5383 223 5424 me
254 5376 481 5443 quidam
517 5382 832 5451 venissent,
880 5383 1142 5439 dicentes
1176 5386 1476 5442 honestius
1513 5389 1565 5443 id
1598 5407 1654 5447 sc
1691 5393 1773 5448 fa-

140 5461 330 5516 cturos
365 5463 415 5518 in
452 5469 711 5537 capitulo
746 5471 1184 5528 Flaviniacensi.
1219 5474 1448 5529 Credidi
1490 5478 1774 5535 adclama-

139 5542 388 5605 tionibus
426 5556 698 5626 omnium,
735 5562 790 5612 et
823 5559 875 5612 in
911 5561 1284 5631 susceptione
1318 5567 1516 5620 nostra
1551 5567 1770 5623 nullum

141 5629 424 5708 honorem,
487 5643 705 5700 nullum
761 5646 1050 5715 affectum,
1091 5629 1325 5704 nullam
1387 5656 1769 5711 reverentiam

141 5728 424 5796 expertus,
448 5730 583 5799 quin
609 5732 806 5804 potius
838 5733 1108 5805 dedecus,
1136 5738 1547 5795 contumeliam
1571 5747 1627 5799 et
1654 5756 1771 5800 om-

1931 643 2060 684 cum
2110 636 2296 702 erant,
2349 633 2512 702 panis
2555 639 2888 702 negaretur,
2934 639 2991 688 et
3037 650 3222 704 equus
3274 637 3576 709 servienti,

1934 733 2097 786 quem
2155 720 2337 776 solum
2399 737 2619 779 mecum
2679 724 3054 790 adduxeram,
3104 730 3159 779 et
3213 725 3335 796 ipsa
3391 728 3578 785 omnis

1929 809 2253 865 reverentia
2305 810 2475 865 etiam
2519 827 2546 866 a
2579 813 2827 867 minimis
2871 828 2982 867 non
3029 813 3162 867 mihi
3207 815 3576 886 redderetur,

1930 896 2098 951 immo
2137 897 2241 966 ipsi
2268 898 2362 967 qui
2399 900 2715 967 diligebant
2741 916 2866 969 nos,
2892 902 3078 955 vocati
3107 917 3134 955 a
3160 917 3248 955 me
3281 902 3408 972 ipso
3445 908 3579 959 ante

1929 999 2015 1038 me
2050 986 2246 1040 venire
2275 1002 2380 1040 non
2406 988 2710 1056 auderent,
2739 990 2886 1045 sicut
2923 989 3233 1059 protestati
3259 996 3412 1059 sunt,
3449 1006 3584 1062 pro-

1929 1073 2094 1128 hibiti
2147 1075 2216 1127 ab
2270 1075 2517 1133 inimicis
2574 1079 2813 1146 nostris,
2861 1084 2920 1132 et
2959 1079 3198 1149 insuper
3245 1080 3353 1134 nisi
3402 1080 3580 1137 citius

1929 1164 2181 1218 monitus
2213 1179 2499 1220 cameram
2537 1168 2802 1234 exissem,
2840 1168 3030 1223 iturus
3061 1182 3189 1223 cum
3224 1169 3309 1224 eis
3342 1168 3410 1223 ad
3444 1184 3582 1225 eon-

1927 1250 2144 1321 cilium,
2200 1255 2333 1323 quia
2383 1255 2726 1310 retardabar
2782 1272 2882 1326 pro
2931 1271 3080 1326 equo
3126 1257 3318 1312 famuli
3369 1259 3576 1328 nostri,

1929 1339 2093 1394 mium
2127 1346 2184 1396 et
2209 1343 2520 1413 opprobria
2554 1349 2608 1399 et
2647 1344 3062 1400 tumultuantis
3095 1345 3283 1401 turba)
3320 1347 3578 1402 turbatio

1928 1428 2058 1482 mihi
2095 1431 2500 1486 intentaretur.

1995 1555 2135 1621 (Fol.
2178 1560 2316 1623 143.)
2361 1558 2517 1611 Mane
2561 1557 2674 1612 diei
2715 1557 2898 1627 ipsius
2938 1558 2989 1612 in
3034 1557 3295 1628 capitulo
3343 1557 3572 1616 litteras

1924 1642 2301 1698 cardinalium
2328 1645 2508 1699 lectas
2529 1646 2795 1700 omnibus
2815 1646 3075 1715 exposui,
3095 1652 3152 1702 et
3175 1647 3464 1717 expositis
3485 1647 3572 1701 eis

1929 1735 2120 1785 utrum
2145 1732 2473 1801 obedirent,
2505 1734 2798 1802 requisivi.
2828 1735 2884 1788 [η
2905 1735 3102 1789 verbis
3131 1749 3268 1789 vero
3291 1750 3490 1790 eorum
3516 1739 3574 1790 et

1928 1818 2095 1873 factis
2130 1820 2282 1875 nulla
2319 1821 2550 1876 inventa
2580 1827 2668 1877 est
2703 1822 3013 1891 humilitas,
3049 1829 3148 1877 aut
3181 1836 3314 1892 erga
3348 1827 3572 1879 statuta

1842 1920 1892 1978 Β
1924 1907 2151 1961 concilii
2206 1909 2553 1964 obedientia.
2605 1910 2693 1966 Sic
2737 1910 2788 1964 in
2831 1910 2988 1966 nulla
3030 1925 3091 1965 re
3123 1911 3464 1980 honoratus,
3500 1911 3570 1967 ad

1923 1996 2228 2051 concilium
2273 1998 2614 2053 Pictavense
2657 2000 2911 2069 proxima
2955 1999 3274 2054 ebdomada
3311 1999 3568 2055 futurum

1923 2084 2341 2153 accelerantcs,
2369 2088 2516 2155 apud
2545 2086 2795 2142 Colticas
2824 2102 3007 2156 usque
3033 2087 3085 2141 in
3113 2087 3261 2142 diem
3294 2092 3566 2157 quartum

1924 2174 2220 2242 remorati,
2256 2175 2660 2242 retrogradum
2695 2176 2806 2230 iter
2839 2176 3192 2246 arripuimus
3221 2189 3284 2230 ea
3312 2176 3573 2232 occasio-

1923 2275 2009 2329 ne,
2039 2262 2167 2330 quia
2195 2262 2503 2318 noluerunt
2527 2264 2608 2318 ire
2633 2279 2700 2319 eo
2723 2265 2874 2334 quod
2899 2265 2968 2319 de
2996 2264 3337 2320 investitura
3372 2280 3561 2321 sermo

1921 2356 2212 2419 ageretur,
2247 2368 2375 2406 cum
2407 2353 2577 2406 etiam
2605 2368 2691 2407 me
2715 2367 2909 2407 coram
2933 2353 3018 2407 eis
3054 2354 3346 2424 professus
3374 2367 3561 2408 essem

1923 2438 2064 2492 bene
2099 2439 2437 2494 iuvestitnm
2465 2460 2475 2494 :
2507 2443 2562 2495 ut
2592 2440 2678 2495 vel
2705 2441 2782 2496 sic
2809 2441 3056 2496 ducerer
3089 2441 3158 2494 ab
3190 2441 3294 2510 eis,
3331 2441 3426 2509 qui
3461 2456 3564 2496 nec

1922 2541 2089 2580 unum
2127 2527 2318 2581 saltim
2356 2529 2588 2583 fratrem
2627 2530 2870 2585 amicum
2903 2530 3069 2584 nobis
3099 2534 3154 2584 et
3190 2543 3563 2599 pernecessa~

1920 2613 2065 2668 rium
2097 2616 2397 2671 comitatui
2434 2621 2659 2685 nostro,
2686 2617 2778 2686 qui
2807 2633 2907 2688 pro
2931 2617 3098 2672 libitu
3123 2631 3322 2672 eorum
3353 2617 3560 2686 ageba-

1921 2707 2031 2767 tur,
2066 2704 2379 2773 adjuugere
2404 2705 2696 2774 volebant,
2723 2722 2850 2761 cum
2877 2706 2984 2775 ipsi
3011 2721 3211 2761 omnes
3235 2709 3431 2761 essent
3458 2705 3560 2760 ini-

1919 2791 2070 2859 mici,
2108 2808 2167 2846 re
2201 2799 2388 2848 autem
2421 2809 2553 2849 vera
2581 2796 2653 2848 ob
2679 2796 2732 2849 id
2762 2795 2842 2849 ire
2868 2794 3200 2863 noluerunt,
3227 2795 3379 2864 quia,
3405 2794 3556 2864 parti

1918 2895 2036 2935 suae
2058 2881 2244 2937 minus
2267 2883 2596 2951 credentes,
2621 2883 3152 2952 eoneiliijustitiam
3174 2882 3439 2939 etdomni
3465 2883 3562 2937 ah-

1920 2969 2068 3023 batis
2109 2971 2469 3026 Divionensis
2511 2978 2886 3041 nostramque
2920 2973 3273 3027 verebantur
3308 2985 3560 3041 praesen-

1916 3057 2073 3111 tiam.
2111 3058 2273 3123 Quod
2301 3060 2429 3114 hinc
2454 3061 2674 3130 liquido
2699 3061 2882 3116 conici
2920 3063 3132 3131 potest,
3160 3060 3295 3129 quia
3316 3074 3442 3115 cum
3469 3074 3556 3114 me

1917 3145 1990 3200 ita
2016 3154 2305 3203 remorato
2325 3151 2626 3219 quemdam
2649 3150 2718 3205 dc
2740 3151 2861 3206 suis
2885 3151 2982 3206 illo
3004 3150 3299 3205 misissent
3319 3165 3445 3205 cum
3466 3147 3553 3202 lit-

1914 3234 2076 3304 teris,
2112 3240 2169 3290 et
2202 3236 2309 3292 hoc
2345 3252 2430 3292 me
2463 3238 2668 3306 inscio,
2702 3254 2804 3294 nec
2846 3237 3095 3294 concilio
3129 3237 3415 3307 interfuit,
3450 3250 3555 3292 nec

1910 3324 2306 3379 cardinalibus
2327 3324 2622 3394 loquutus,
2645 3330 2706 3381 ut
2728 3327 2901 3393 venit,
2921 3327 3004 3382 sic
3027 3326 3218 3381 rediit.
3241 3325 3340 3380 Hic
3359 3330 3552 3381 autem

1913 3410 2067 3466 illius
2113 3413 2452 3482 superioris,
2497 3429 2670 3482 quem
2708 3414 3011 3470 Valentino
3043 3413 3290 3470 concilio
3321 3412 3552 3468 clande-

1910 3499 2058 3556 stina
2101 3502 2230 3569 fuga
2275 3517 2337 3556 se
2379 3502 2725 3558 subduxissc
2766 3503 3225 3569 memoravimus,
3260 3503 3316 3558 in
3350 3517 3552 3572 perpe-

1909 3589 2162 3644 trationc
2187 3591 2475 3659 sacrilegii
2503 3591 2762 3661 pecuniae
2788 3596 2843 3646 et
2867 3591 3191 3647 dalmaticze
3223 3590 3466 3647 sublatae
3491 3595 3550 3645 et

1909 3675 1962 3729 in
2016 3677 2360 3747 cxpulsione
2413 3694 2516 3749 pro
2570 3680 2948 3734 fornicatione
3000 3679 3545 3749 sanctimonialium,

1908 3765 2308 3820 maritatarum
2342 3771 2399 3821 ct
2433 3783 2743 3837 puerorqu
2775 3769 3069 3838 particeps
3100 3772 3155 3822 et
3191 3767 3386 3823 socius
3418 3767 3545 3836 fuit,

1904 3867 2074 3908 causa
2111 3857 2401 3924 caputque
2441 3855 2571 3909 mali
2604 3856 2748 3910 abba
2781 3856 3118 3924 designatus
3149 3870 3177 3909 a
3213 3854 3318 3911 sibi
3351 3853 3550 3910 simili-

1906 3939 2034 4009 bus,
2071 3941 2164 4012 qui
2200 3949 2442 3997 mortem
2477 3944 2705 4001 abbatis
2736 3945 2927 3999 Sancti
2961 3943 3225 4000 Germani
3263 3942 3548 3998 Autissio-

1905 4029 2190 4098 dorensis,
2209 4045 2237 4085 a
2255 4046 2367 4099 quo
2387 4030 2454 4085 de
2478 4033 2832 4088 monasterio
2859 4034 2987 4100 fuga
3015 4032 3210 4102 lapsus
3234 4034 3544 4101 susceptus

1903 4116 2092 4171 fuerat
2115 4122 2173 4172 et
2198 4118 2440 4173 honeste
2469 4120 2719 4189 habitus,
2747 4121 2928 4175 tercia
2954 4121 3461 4189 manujuraverat,
3486 4122 3542 4174 et

1902 4204 2042 4259 obid
2061 4205 2129 4258 ad
2156 4205 2366 4259 Cellam
2392 4207 2596 4276 pulsus
2619 4207 2878 4263 habitum
2904 4208 3222 4275 dimiserat,
3249 4211 3306 4262 et
3333 4207 3541 4262 iterum

1902 4296 2029 4362 post
2056 4292 2492 4360 ignominiosam
2517 4294 2644 4362 ejus
2665 4295 3062 4365 expulsionem
3083 4311 3111 4350 a
3133 4310 3221 4350 me
3248 4299 3537 4366 receptus,

1901 4379 2203 4434 inhoneste
2226 4385 2280 4435 et
2305 4381 2535 4436 omnino
2558 4383 2784 4452 perdite
2815 4384 3061 4452 vixerat,
3089 4384 3159 4439 ad
3185 4383 3290 4438 hoc
3315 4383 3540 4439 inhians

1901 4467 2208 4536 dejectioni
2249 4473 2482 4539 nostrae,
2527 4475 2583 4525 ut
2619 4471 2739 4541 ipse
2784 4473 3222 4541 subrogaretur.

1969 4610 2199 4678 Verum,
2234 4610 2368 4680 quid
2405 4612 2606 4666 mirum
2633 4613 2677 4667 si
2696 4611 2972 4680 juvenilia
2998 4620 3236 4682 pectora
3261 4629 3289 4668 a
3316 4627 3453 4669 vero
3477 4618 3534 4667 et

1891 4696 2052 4765 justo
2074 4698 2407 4753 exorbitare
2430 4701 2587 4768 cogit
2612 4701 2942 4755 dominandi
2966 4700 3199 4770 cupido,
3223 4700 3380 4756 nullo
3406 4701 3539 4754 reli-

1894 4785 2084 4851 gionis
2116 4786 2462 4842 humilitatis
2494 4789 2832 4843 caritatisve
2858 4789 3114 4844 radicata
3149 4788 3538 4858 plantamine?

1893 4887 2022 4927 cum
2047 4877 2102 4926 et
2131 4873 2285 4944 ipsas
2313 4881 2532 4930 mentes
2556 4876 2698 4930 senii
2731 4877 3084 4932 albescentis
3115 4877 3333 4932 canicie
3365 4891 3535 4931 vene-

1893 4959 2124 5029 randas,
2154 4967 2210 5015 et
2243 4976 2371 5030 quze
2405 4977 2432 5015 a
2471 4964 2666 5032 primis
2698 4964 2860 5018 annis
2894 4963 3230 5032 religionem
3262 4963 3533 5034 praatule-

1892 5047 2026 5115 rint,
2057 5049 2126 5100 ab
2153 5049 2268 5118 ipsa
2297 5064 2524 5118 quoque
2548 5055 2663 5105 tam
2699 5051 2972 5107 diuturna
3006 5051 3310 5106 monachili
3343 5053 3534 5121 gravi-

1892 5134 2029 5188 tatis
2063 5135 2469 5202 imaginatione
2504 5137 2867 5208 desuescerc,
2904 5145 2962 5193 ct
3002 5139 3054 5192 in
3092 5144 3287 5209 patres
3319 5140 3530 5194 armari

1892 5223 2103 5277 faciat?
2143 5225 2399 5278 Priorem
2445 5225 2521 5278 ibi
2568 5226 2761 5281 dictus
2793 5227 3105 5297 episcopus
3136 5228 3533 5282 constituerat

1885 5310 2262 5377 grandevum,
2298 5313 2665 5382 honoratum,
2693 5319 2751 5368 et
2782 5313 2876 5383 qui
2911 5315 3096 5384 primo
3131 5330 3352 5370 mecum
3385 5331 3535 5370 sem-

1888 5412 1989 5466 per
2015 5398 2219 5453 fuerat.
2258 5400 2354 5454 llic
2383 5401 2476 5454 ubi
2503 5409 2588 5455 me
2616 5401 3001 5456 Flaviniacum
3029 5402 3372 5471 introduxit,
3399 5419 3552 5459 eum

1888 5499 1974 5539 me
1999 5485 2049 5538 in
2073 5500 2175 5541 sua
2202 5488 2509 5556 priesentia
2533 5504 2740 5558 passus
2765 5490 2966 5544 fuisset
2991 5490 3359 5546 dehonestari
3386 5491 3531 5548 irro-

1884 5572 2038 5639 gatis
2066 5575 2459 5645 contumeliis,
2495 5581 2554 5630 ct
2583 5576 2800 5643 virgam
2837 5577 3188 5647 pastoralem
3213 5579 3267 5633 in
3295 5579 3422 5650 ipso
3448 5581 3529 5636 iu-

1883 5673 2088 5728 gressu
2124 5666 2324 5718 nostro
2356 5663 2607 5719 latenter
2633 5663 2686 5718 vi
2710 5667 2766 5719 et
2801 5668 3003 5734 aperta
3035 5666 3234 5735 rapina
3267 5666 3523 5735 tulisset,

1885 5745 2041 5803 illam
2071 5751 2328 5806 nostram
2362 5751 2791 5809 Valentinensis
2831 5751 3233 5811 investituram
3265 5754 3522 5826 concilii,
