3894 6404
349 330 468 399 879
910 330 917 332 ⁷
1306 340 1670 406 HUGONIS
1714 337 2069 402 ABBATIS
2114 342 2791 412 FLAVINIACENSIS

351 468 407 531 in
425 469 771 544 crastinum,
791 486 919 532 cum
940 471 1128 534 omnia
1146 473 1319 535 nobis
1342 477 1681 551 perturbata
1709 474 1998 548 relinque-
2024 478 2081 537 Α

354 568 465 633 ret,
490 563 691 633 exivit,
716 569 775 620 et
801 578 901 636 per
924 566 1047 621 dies
1072 572 1138 623 10
1160 568 1373 638 quibus
1396 568 1534 623 inihi
1562 572 1825 623 moratus
1845 582 1994 637 sum,

3637 355 3766 418 880

2181 481 2298 538 llec
2346 489 2539 542 autem
2591 482 2697 542 fuit
2748 481 2979 542 occasio
3019 480 3311 543 modernis
3342 483 3761 561 dissensionis,

2111 570 2242 641 quia
2291 571 2601 630 videbatur
2645 573 2729 629 eis
2779 579 3017 645 propter
3052 574 3489 645 permissionem
3540 592 3765 649 przece-

355 658 512 711 tanta
535 669 661 709 sum
683 659 913 710 artatus
932 657 1220 726 custodia,
1244 664 1307 714 ut
1324 658 1510 714 omnis
1532 657 1663 713 mihi
1685 660 2000 725 negaretur

353 742 424 799 ad
461 740 756 814 publicum
800 758 1132 817 processus,
1175 747 1428 803 omnium
1471 747 1539 802 ad
1582 761 1668 801 me
1698 751 1999 801 vetaretur

352 844 628 888 accessus
647 849 660 897 ;
678 837 736 887 et
754 846 859 888 non
884 834 1068 891 solum
1089 834 1242 891 nulla
1259 835 1622 891 investiturae
1645 834 1995 903 melioratio,

351 934 555 977 verum
604 922 791 979 omnis
834 937 971 992 erga
1014 938 1101 980 me
1141 925 1391 980 omnium
1426 939 1617 980 rerum
1653 924 1999 995 procederet

352 1008 752 1080 deterioratio,
789 1010 907 1067 illis
951 1011 1219 1084 privatim
1251 1018 1310 1068 et
1343 1012 1574 1084 publice
1607 1028 1709 1083 per
1743 1013 1905 1068 devia
1939 1016 1998 1067 et

351 1096 675 1155 facinorosa
702 1099 933 1170 impune
956 1101 1384 1172 gradientibus,
1411 1108 1467 1157 et
1495 1101 1549 1156 in
1574 1100 1734 1157 nullo
1768 1099 1999 1170 religio—

350 1185 441 1242 nis
471 1190 693 1243 statuta
726 1189 1121 1257 servantibus,
1158 1189 1301 1245 adeo
1325 1196 1387 1246 ut
1412 1194 1654 1261 propter
1685 1204 1884 1245 eorum
1918 1190 1999 1244 in-

351 1274 749 1344 corrigibilem
780 1280 837 1333 et
880 1277 1203 1348 pudendam
1237 1278 1758 1347 conversationem,
1793 1283 1848 1333 et
1886 1293 2000 1333 ma-

348 1361 505 1418 xime
528 1364 660 1432 quia
686 1364 1088 1422 inobedicntes
1122 1372 1286 1422 erant
1312 1368 1609 1439 preceptis
1634 1367 1994 1439 apostolicis,

352 1450 738 1523 compellerer
756 1454 976 1523 egredi,
992 1453 1177 1510 donec
1197 1454 1358 1511 finito
1377 1455 1625 1512 concilio
1644 1456 1993 1524 Pictavensi,

358 1538 456 1595 ubi
498 1540 569 1596 de
611 1554 784 1598 causa
836 1542 1117 1600 Eduensis
1170 1545 1480 1609 invaseris,
1534 1544 1700 1614 cujus
1746 1544 1997 1600 tuitionc

354 1642 554 1685 eorum
598 1630 773 1686 factio
812 1634 1254 1703 protegebatur,
1301 1632 1567 1689 difllnitio
1608 1633 1905 1700 synodalia
1937 1637 1993 1688 et

351 1718 630 1775 canonica
658 1722 1102 1791 expectabatur,
1133 1721 1457 1790 legatorum
1490 1723 1736 1778 consilio
1759 1727 1818 1778 et
1844 1721 1997 1791 judi-

2112 666 2265 733 ptam
2306 663 2361 719 in
2404 664 2621 721 litteris
2659 665 2977 722 faciendam
3008 666 3064 721 in
3095 679 3265 722 manu
3308 667 3536 724 abbatis
3565 668 3735 724 Divio

2108 753 2323 823 nensis,
2358 753 2507 809 velle
2532 768 2619 810 me
2642 755 3133 811 Flaviniacensem
3154 754 3477 812 mcclesiam
3498 757 3757 814 subdere

2109 840 2315 897 ditioni
2348 842 2739 909 Divionens‘s;
2774 844 2927 914 quod
2961 858 3068 914 ego
3091 858 3195 900 nec
3228 858 3620 915 speraveram,
3648 860 3758 903 nec

2108 928 2391 986 volebam.

2180 1009 2321 1079 (Fol.
2358 1012 2521 1083 143’.)
2554 1012 2613 1067 In
2648 1011 2847 1083 spacio
2882 1011 3061 1081 igitur
3090 1011 3370 1083 temporis
3402 1027 3516 1083 quo
3546 1012 3757 1070 Valen-

2107 1098 2336 1155 tinense
2366 1099 2726 1158 celebratum
2767 1106 2860 1156 est
2889 1100 3219 1170 concilium,
3255 1099 3401 1156 obiit
3432 1102 3751 1173 Wibertus,

2107 1191 2176 1244 20
2206 1202 2356 1243 anno
2401 1202 2473 1243 ex
2518 1204 2632 1259 quo
2667 1189 2858 1245 sedem
2907 1188 3121 1244 invasit
3168 1188 3566 1261 apostolicam,
3616 1206 3752 1247 cum

2110 1275 2350 1331 haberet
2386 1277 2438 1332 in
2471 1277 2743 1349 captione
2794 1278 3273 1334 Matisconensem
3322 1277 3656 1350 episcopum
3687 1285 3754 1335 et

2108 1364 2254 1420 alios
2305 1366 2682 1438 quamplures
2735 1366 3028 1423 clericalis
3073 1365 3317 1436 ordinis,
3367 1381 3511 1437 quos
3550 1382 3755 1424 omnes

2108 1467 2213 1525 pro
2247 1442 2617 1511 absolutione
2639 1470 2744 1511 sua
2778 1455 2831 1510 in
2862 1470 3105 1523 egressu
3134 1470 3238 1511 suo
3270 1470 3371 1526 per
3393 1470 3453 1511 se
3477 1455 3747 1523 absolvit,

2107 1555 2346 1598 monens
2396 1543 2757 1614 episcopum,
2794 1547 2857 1600 ut
2890 1545 3127 1598 Romam
3180 1557 3441 1598 remeans
3471 1544 3622 1615 apud
3655 1558 3756 1615 pa-

2109 1643 2237 1698 pam
2260 1646 2361 1700 pro
2385 1646 2486 1686 sua
2510 1631 2805 1687 laboraret
2829 1631 3151 1702 ereptione.
3176 1629 3281 1696 Qui
3304 1645 3505 1702 papam
3524 1630 3749 1701 adiens,

2108 1719 2369 1789 repperit
2401 1719 2478 1775 ibi
2521 1719 2745 1789 legatos
2794 1720 3059 1776 ecclesiae
3106 1718 3391 1775 Eduensis
3435 1733 3611 1790 super
3641 1734 3752 1775 suo

352 1806 441 1861 cio
461 1808 763 1877 negocium
786 1809 1066 1865 zecclesiae
1088 1810 1507 1865 ventilaretur:
1532 1815 1649 1866 tum
1676 1811 1990 1882 praecipue,
2024 1829 2076 1889 Β
2107 1807 2388 1877 episcopo
2420 1808 2852 1878 conquirentes,
2880 1812 2936 1863 et
2969 1812 3133 1877 gesta
3162 1806 3392 1862 concilii
3426 1808 3752 1863 referentes

354 1894 486 1965 quia
507 1896 576 1951 arl
598 1895 1050 1967 propulsandam
1070 1897 1229 1954 illius
1249 1898 1500 1954 malivoli
1522 1898 1830 1953 infaustam
1853 1914 1996 1970 prie-

350 1980 643 2053 lationem,
672 1984 919 2053 majores
939 1985 991 2040 in
1013 1986 1277 2042 aeeclesia
1302 1985 1573 2055 Eduensi,
1600 2001 1844 2057 quorum
1868 1991 1995 2042 erat

350 2070 506 2126 istud
540 2073 723 2128 nostri
756 2072 986 2129 discidii
1017 2089 1202 2143 genus
1234 2074 1527 2144 dirimere,
1565 2075 1997 2130 Pictavisabie-

351 2163 502 2228 rant,
540 2159 664 2215 sine
689 2160 899 2230 quibus
932 2163 1266 2219 vecordium
1303 2163 1677 2234 pr.esnmptio
1702 2178 1808 2219 non
1835 2168 1997 2234 pote-

350 2250 443 2302 rat
472 2249 797 2303 coherceri.
834 2250 1178 2306 Miserahilis
1201 2256 1255 2306 et
1284 2265 1527 2322 prorsus
1557 2252 1867 2322 desperata
1897 2252 1998 2306 hu-

342 2334 595 2403 jusmodi
631 2336 921 2393 hominum
956 2339 1357 2409 praesumptio,
1386 2339 1483 2409 qui
1508 2353 1611 2393 nec
1635 2340 1810 2394 Deum
1838 2354 1997 2395 reve-

350 2427 554 2479 rentur
587 2439 692 2479 nec
723 2424 1005 2496 homines,
1038 2426 1172 2482 dum
1207 2427 1549 2481 intemerata
1576 2441 1604 2482 a
1629 2425 1828 2482 seculo
1855 2442 1998 2497 prae-

349 2516 517 2583 cepta
541 2517 823 2583 spernunt
847 2514 1193 2585 apostolica,
1219 2519 1278 2569 et
1301 2515 1673 2571 interdictum
1710 2530 1996 2586 usurpare

349 2612 456 2656 non
480 2607 745 2658 metuunt
766 2603 1021 2659 divinum
1042 2604 1320 2660 officium!
1340 2605 1459 2659 Non
1479 2603 1715 2659 dubium
1738 2604 1874 2675 quin
1895 2618 1996 2660 eos

350 2686 420 2742 ad
444 2687 595 2744 hunc
616 2688 784 2745 finem
805 2690 1038 2746 duxerit
1060 2691 1227 2760 digna
1255 2690 1603 2760 necessitas,
1626 2695 1686 2745 ut
1711 2692 1840 2761 quia
1865 2707 1997 2747 con-

347 2779 723 2847 tempnentes
755 2778 954 2848 Deum,
982 2793 1086 2833 nec
1120 2780 1494 2834 attendentes
1523 2793 1582 2833 se
1615 2779 1794 2849 ipsos,
1822 2779 1875 2834 in
1906 2794 1999 2850 pa-

349 2867 473 2919 tres
508 2870 828 2933 armantur,
865 2869 920 2920 et
958 2867 1325 2937 publicantcs
1355 2866 1623 2938 pudenda
1654 2881 1855 2922 eorum
1880 2868 1999 2938 pie-

346 2951 491 3007 tatis
522 2956 780 3022 paternze
807 2953 935 3022 jura
972 2954 1220 3020 violant;
1257 2970 1384 3025 quae
1414 2954 1640 3010 etiamsi
1676 2955 1993 3026 publicata,

347 3053 453 3095 nec
490 3045 681 3096 tamen
712 3056 740 3097 a
772 3056 850 3109 se,
888 3042 1135 3098 irridere
1167 3043 1351 3099 solum
1384 3042 1727 3111 voluissent,
1765 3043 1998 3099 maledi-

347 3126 561 3185 ctionis
602 3129 774 3186 Cham
814 3130 1152 3187 hereditarii
1196 3145 1573 3202 possessores
1618 3132 1826 3186 forent.
1874 3132 1996 3187 Fiat

346 3213 464 3271 illis
485 3222 547 3271 ut
568 3223 869 3288 peccatum
891 3224 1114 3289 eorum,
1136 3220 1288 3291 quod
1317 3220 1631 3292 penitendo
1652 3234 1752 3276 cor
1774 3224 1994 3276 rectum

264 3326 269 3331 σ
345 3316 455 3359 non
488 3312 596 3377 est,
631 3306 705 3363 sit
732 3311 788 3363 et
824 3313 1125 3379 peccatum
1159 3313 1215 3364 et
1250 3323 1427 3365 causa
1472 3309 1721 3381 peccati,
1755 3312 1811 3363 et
1843 3309 1993 3364 idem

345 3400 649 3463 peccatum
683 3396 836 3466 quod
861 3411 932 3452 ex
953 3401 1200 3469 peccato
1232 3398 1443 3467 oritur,
1474 3398 1549 3452 sit
1576 3412 1688 3453 non
1716 3397 1832 3467 jam
1868 3411 1996 3468 pec-

343 3487 537 3539 catum
562 3485 985 3552 tantummodo,
1007 3485 1109 3541 sed
1135 3488 1439 3556 peccatum
1464 3490 1520 3540 et
1548 3500 1716 3556 poena
1745 3482 1991 3556 peccati,

348 3574 415 3625 ut
433 3576 640 3641 putent
658 3585 721 3628 se
740 3572 951 3629 divinae
978 3573 1126 3643 legis
1145 3579 1364 3630 statuta
1387 3574 1620 3645 impune
1638 3574 1991 3644 rescindere,

344 3656 480 3713 dum
512 3661 833 3715 attrectant
862 3660 1105 3717 inhibita
1140 3661 1345 3717 altaris
1378 3665 1753 3717 sacrosancta
1787 3667 1996 3732 myste-

344 3746 464 3814 ria;
496 3761 608 3803 non
634 3747 1033 3817 intelligentes
1058 3749 1193 3820 quid
1218 3753 1457 3805 sanctus
1478 3750 1591 3805 Leo
1614 3749 1769 3806 dicat
1796 3750 1850 3805 in
1876 3750 1995 3822 epi-

345 3833 496 3892 stola
530 3850 632 3892 sua
668 3855 680 3890 :
718 3837 871 3906 quod
904 3837 951 3894 si
985 3838 1115 3908 quis
1152 3843 1355 3894 contra
1395 3852 1681 3894 canonum
1724 3838 1992 3896 instituta

343 3922 543 3980 venire
591 3926 987 3995 temptaverit,
1022 3930 1080 3982 et
1112 3925 1407 4003 prohibita
1459 3926 1770 3982 admittere
1816 3942 1994 3985 ausus

346 4012 543 4084 fuerit,
577 4026 606 4068 a
640 4027 747 4068 suo
777 4027 839 4069 se
873 4014 1099 4071 noverit
1143 4013 1329 4070 officio
1372 4014 1852 4085 submovendum,
1887 4031 1992 4073 nec

343 4100 764 4163 communionis
797 4105 1017 4158 nostrae
1051 4103 1309 4159 futurum
1342 4116 1472 4159 esse
1500 4109 1857 4173 consortem,
1893 4105 1987 4174 qui

346 4188 543 4245 socius
576 4203 703 4245 esse
734 4189 922 4246 uoluit
950 4190 1292 4263 disciplinae.
1330 4191 1554 4257 Quanta
1585 4206 1725 4247 vero
1748 4192 1802 4247 in
1828 4194 1991 4249 eiset

342 4278 751 4334 coessentibus
771 4279 881 4334 sibi
904 4279 978 4334 sit
996 4280 1341 4350 obcaecatio,
1362 4279 1495 4335 hinc
1520 4280 1692 4337 datur
1718 4279 1988 4353 intelligi,

344 4366 498 4435 quod
529 4366 637 4438 ipsi
672 4367 767 4438 qui
800 4382 904 4439 pro
936 4367 1052 4424 vita
1083 4383 1185 4425 sua
1218 4368 1569 4437 dampnabili
1604 4374 1662 4423 et
1698 4369 1988 4440 pudenda,

342 4454 722 4526 omnibusque
774 4460 928 4526 nota,
974 4470 1003 4512 a
1047 4456 1401 4513 monasterio
1447 4456 1593 4529 pulsi
1641 4463 1780 4512 sunt
1820 4472 1990 4514 manu

2111 1895 2458 1966 modumque
2488 1897 2882 1953 accusationis
2923 1915 2936 1950 :

2179 1983 2340 2048 Quod
2367 1986 2701 2055 promiserit
2725 1985 3006 2040 Walterio
3032 1984 3438 2041 archidiacono
3465 1989 3751 2055 praesente

2107 2071 2399 2141 Stephano
2447 2080 2686 2129 cantore
2735 2074 2789 2129 in
2844 2073 3191 2129 dormitorio
3238 2073 3511 2142 Eduensi,
3542 2073 3590 2129 si
3622 2072 3753 2144 ipse

2108 2159 2409 2231 adiuvaret
2432 2176 2582 2229 eum,
2611 2176 2681 2217 ne
2705 2168 2890 2217 mater
2912 2161 3039 2231 ejus
3063 2161 3151 2217 vel
3180 2163 3378 2232 frater,
3404 2175 3579 2231 penes
3602 2176 3752 2231 quos

2109 2262 2374 2319 magnum
2408 2255 2538 2306 erat
2570 2266 2759 2322 posse,
2795 2255 3075 2306 nocerent
3095 2250 3147 2305 ei
3174 2250 3243 2305 de
3264 2249 3597 2321 episcopatu
3624 2250 3752 2305 'adi-

2109 2337 2406 2407 piscendo,
2452 2338 2691 2394 haberet
2737 2338 3019 2409 quidquid
3059 2338 3236 2393 vellet
3278 2338 3331 2391 in
3373 2336 3649 2405 zecclesia,
3690 2342 3753 2393 et

2107 2427 2257 2495 quod
2289 2441 2393 2496 pro
2418 2426 2524 2482 hac
2548 2427 2939 2496 accusatione,
2963 2427 3129 2495 cujus
3151 2431 3316 2482 erant
3339 2430 3612 2483 auctores
3633 2440 3752 2481 om-

2108 2528 2212 2569 nes
2247 2515 2364 2570 fere
2393 2516 2679 2584 canonici,
2732 2515 2817 2571 illi
2869 2529 3039 2586 quam
3088 2514 3334 2570 maxime
3373 2515 3469 2585 qui
3502 2513 3751 2570 concilio

2107 2601 2500 2660 interfuerunt
2524 2604 2681 2659 missi
2701 2604 2772 2660 ab
2796 2603 2929 2659 aliis
2952 2618 3193 2660 numero
3217 2606 3281 2659 13
3305 2602 3376 2660 de
3397 2594 3753 2674 primoribus

2106 2690 2409 2758 aecclesize,
2440 2695 2500 2747 et
2530 2692 2586 2747 in
2618 2706 2683 2748 ea
2717 2692 2991 2748 meliores
3020 2691 3414 2748 archidiaconi
3445 2691 3576 2760 duo,
3610 2705 3758 2761 prae-

2110 2776 2357 2847 positus,
2379 2781 2602 2847 cantor,
2626 2781 2682 2834 et
2703 2777 2800 2833 alii
2825 2776 3133 2833 nobilitate
3150 2779 3206 2832 et
3230 2777 3468 2833 scientia
3487 2777 3757 2832 honesta-

2110 2868 2281 2935 thue
2313 2865 2743 2937 praecellentes,
2776 2881 2885 2934 ego
2919 2880 3148 2936 quoque
3180 2865 3303 2937 ipse
3335 2865 3430 2937 qui
3461 2864 3530 2922 ad
3564 2865 3755 2936 queri-

2108 2953 2357 3009 moniam
2387 2952 2631 3025 capituli
2660 2952 2945 3009 Eduensis
2968 2953 3188 3024 judicio
3216 2952 3446 3009 concilii
3470 2953 3523 3008 in
3551 2954 3750 3009 sedem

2106 3045 2163 3096 et
2197 3039 2387 3098 locum
2422 3042 2735 3098 restitutus
2774 3056 2965 3107 eram;
3006 3042 3160 3111 quod
3193 3056 3299 3114 pro
3332 3043 3461 3105 hac,
3494 3042 3747 3113 inquam,

2106 3129 2503 3200 accusatione,
2531 3145 2699 3201 quam
2717 3145 2788 3186 eo
2806 3130 3033 3186 enixius
3057 3130 3303 3188 domnus
3323 3130 3504 3187 abbas
3524 3129 3751 3187 Clunia-

2028 3204 2076 3267 C
2106 3218 2301 3274 censis
2326 3232 2427 3290 per
2451 3217 2674 3289 legatos
2693 3232 2850 3289 suos,
2871 3218 3117 3277 domnus
3135 3232 3364 3289 quoque
3384 3217 3750 3275 Divionensis

2105 3321 2210 3379 per
2262 3321 2323 3363 se
2372 3306 2713 3377 efferebant,
2766 3322 2880 3378 quo
2928 3306 3336 3364 inclementius
3387 3305 3749 3377 tyrannidem

2106 3395 2294 3467 ipsius
2325 3395 2421 3466 qui
2447 3395 2862 3467 impetebatur,
2885 3395 3110 3467 experti
3137 3397 3327 3465 erant,
3349 3396 3748 3452 controversia

2107 3484 2162 3539 in
2187 3484 2434 3541 concilio
2458 3489 2588 3541 orta
2614 3484 2818 3549 fuerit;
2853 3482 3184 3540 dicentibus
3205 3483 3297 3540 his
3320 3482 3414 3554 qui
3439 3489 3638 3555 partes
3661 3497 3749 3540 ac-

2106 3573 2293 3630 cusati
2326 3573 2738 3643 defendebant,
2785 3587 2897 3628 non
2940 3586 3070 3629 esse
3104 3572 3341 3628 idoneas
3373 3571 3442 3628 ad
3475 3585 3750 3630 accusan-

2107 3661 2240 3719 dum
2262 3676 2567 3735 personas,
2584 3676 2690 3733 pro
2710 3675 2779 3717 eo
2798 3660 2952 3731 quod
2969 3675 3108 3718 oves
3130 3666 3420 3733 pastorem
3441 3660 3747 3733 reprehen-

2106 3751 2245 3807 dere
2269 3753 2366 3807 aut
2394 3765 2672 3807 accusare
2706 3765 2815 3806 non
2850 3750 3085 3820 habent,
3121 3749 3198 3805 hii
3232 3748 3476 3805 maxime
3508 3749 3606 3819 qui
3637 3749 3746 3805 ele-

2104 3840 2285 3896 ctioni
2308 3838 2435 3909 ejus
2456 3844 2897 3908 consenserant,
2922 3844 2979 3894 et
3006 3839 3269 3894 faverant
3300 3837 3740 3894 consecrationi.

2104 3928 2426 3985 Audierant
2463 3941 2693 3998 quoque
2732 3926 3036 3983 anathema
3077 3926 3372 3982 invectum
3406 3925 3461 3980 in
3492 3940 3612 3997 eos,
3648 3930 3743 3997 qui

2103 4031 2230 4073 eam
2254 4015 2676 4088 reprobandam
2698 4014 2920 4073 scirent
2940 4028 3046 4071 nec
3066 4014 3528 4085 manifestarent,
3550 4019 3611 4069 et
3627 4028 3742 4070 rem

2105 4107 2290 4178 ipsam
2317 4111 2451 4162 ante
2473 4105 2972 4162 consecrationem
2996 4107 3186 4159 actam
3209 4103 3538 4171 constabat,
3567 4103 3745 4173 quod-

2105 4208 2217 4264 que
2239 4199 2371 4264 post
2394 4191 2899 4249 consecrationem
2923 4194 3234 4247 accusator
3252 4190 3375 4261 ipse
3398 4189 3644 4246 diaconii
3665 4190 3744 4246 of-

2105 4281 2297 4337 ficium
2341 4279 2648 4350 locumque
2690 4279 3074 4352 promotionis
3110 4280 3183 4334 ab
3212 4292 3282 4335 eo
3312 4277 3652 4349 susceperit,
3685 4283 3738 4334 et

2106 4367 2280 4425 testis
2314 4366 2711 4423 accusationis
2743 4366 2993 4423 officium
3022 4365 3298 4435 cantoris,
3332 4370 3390 4421 et
3423 4366 3666 4435 uterque
3691 4364 3739 4420 ei

2104 4455 2422 4512 hominium
2465 4455 2733 4524 fecerint,
2777 4469 2889 4510 non
2930 4467 3058 4511 esse
3099 4452 3479 4510 sufficientem
3512 4465 3743 4509 accusa-

343 4540 525 4615 layca,
559 4543 639 4600 hii
669 4544 727 4600 in
757 4544 863 4602 hac
896 4546 1018 4601 fece
1058 4546 1342 4617 temporis
1374 4544 1604 4616 praelati
1634 4550 1902 4601 rectores
1932 4550 1992 4601 et
2021 4560 2073 4621 D
2101 4543 2343 4609 tionem,
2388 4543 2445 4599 in
2486 4557 2599 4613 qua
2638 4542 2788 4598 alter
2830 4546 3158 4612 accusator,
3204 4540 3354 4597 alter
3390 4544 3544 4598 esset
3578 4540 3739 4599 testis

341 4630 555 4687 domini
601 4633 1093 4690 constituuntur:
1129 4632 1416 4704 quondam
1459 4634 1531 4689 ab
1572 4633 1660 4689 eis
1704 4648 1732 4689 a
1776 4632 1990 4704 quibus

340 4733 492 4777 nunc
511 4720 893 4790 honorantur,
923 4721 1158 4792 publico
1181 4721 1502 4793 obprobrio
1525 4720 1730 4791 habiti,
1757 4721 1988 4792 publica

341 4807 740 4879 despectione,
791 4808 1122 4878 abjectione
1174 4810 1495 4885 reprobati,
1547 4809 1893 4866 verberibus
1929 4813 1988 4865 et

342 4896 595 4954 vinculis
647 4896 1003 4953 dedecoroso
1049 4902 1307 4953 scemate
1355 4897 1748 4967 dehonestati,
1790 4901 1847 4951 et
1891 4896 1988 4968 qui

342 4983 575 5054 publica
600 4987 840 5041 notatus
861 4984 1228 5041 confessione
1245 4999 1276 5041 a
1295 4984 1457 5041 clero
1481 4985 1905 5056 reprobandus,
1931 4990 1990 5041 et

342 5070 527 5128 solum
546 5071 604 5128 in
623 5071 735 5127 flne
758 5072 891 5129 vita;
915 5087 1034 5130 suae
1053 5072 1456 5129 communione
1476 5072 1785 5129 donandus
1806 5077 1986 5143 esset,

341 5157 434 5214 hic
467 5160 790 5217 celerarius
824 5160 1181 5231 monasterii,
1210 5165 1376 5232 pater
1396 5160 1889 5230 congregationis,
1925 5165 1985 5216 ut
2020 5222 2035 5241 ,

342 5261 541 5304 curam
562 5251 725 5318 gerat
750 5249 821 5305 de
842 5249 1113 5306 omnibus
1137 5252 1443 5319 promotus
1456 5251 1585 5312 est;
1620 5248 1835 5319 quique
1857 5253 1985 5320 post

340 5335 785 5406 abnegationem
817 5336 1032 5394 Christi
1056 5337 1155 5392 Dei
1179 5340 1239 5392 et
1259 5334 1482 5391 Domini
1508 5334 1633 5391 sine
1667 5335 1986 5407 penitentia

338 5423 645 5482 ordinatus
694 5423 977 5482 diaconus
1027 5424 1155 5493 fuit,
1208 5438 1360 5480 nunc
1409 5428 1541 5494 post
1590 5423 1887 5481 homicidii
1928 5428 1985 5481 et

339 5512 743 5581 abnegationis
800 5511 1091 5583 publicam
1150 5510 1550 5584 penitentiam,
1600 5512 1877 5569 sacerdos
1927 5520 1986 5570 et

339 5600 573 5673 princes
598 5600 731 5671 (sic)
754 5599 1064 5656 institutus
1093 5603 1204 5657 est.

2105 4632 2374 4702 idemque
2414 4635 2743 4688 accusator.
2793 4630 3022 4701 Legatis
3050 4645 3082 4687 e
3113 4633 3315 4686 contra
3351 4628 3740 4701 respondenti-

2106 4721 2232 4790 bus,
2268 4719 2325 4775 in
2355 4733 2529 4775 causa
2563 4718 2834 4790 symouiae
2866 4717 3089 4776 nullum
3117 4718 3369 4788 omnino,
3401 4730 3738 4790 quamquam

2104 4808 2392 4878 infamem,
2415 4821 2761 4878 quamquam
2785 4806 3079 4863 subditam
3104 4820 3434 4878 personam,
3458 4804 3738 4862 removeri

2104 4897 2176 4953 ab
2206 4895 2601 4965 accusatione,
2624 4910 2754 4952 cum
2778 4896 3024 4952 domnus
3055 4909 3202 4967 papa
3234 4893 3549 4963 Gregorius
3570 4893 3664 4949 Vll
3686 4892 3737 4948 in

2102 4983 2352 5042 concilio
2370 4985 2624 5041 Romano
2645 4984 2715 5040 ad
2734 4983 3166 5040 accusationem
3191 4981 3492 5053 cujusdam
3516 4980 3738 5038 abbatis

2104 5072 2501 5144 symoniacum
2541 5072 2846 5143 quemdam
2881 5071 3222 5144 deposuerit
3260 5070 3616 5142 episcopum,
3648 5083 3738 5126 eo-

2103 5162 2231 5217 dem
2247 5161 2459 5217 abbate
2473 5160 2658 5232 primo
2674 5175 2778 5232 pro
2792 5160 2994 5216 eadem
3007 5158 3464 5231 symonia,cujus
3478 5156 3602 5229 ipse
3616 5172 3739 5229 par-

2102 5248 2216 5307 tice
2225 5251 2803 5321 psetconsentaneus
2827 5247 3035 5318 fuerat,
3053 5246 3341 5320 deposito,
3365 5245 3735 5303 sufficientem

2100 5351 2232 5395 esse
2265 5338 2322 5393 in
2351 5351 2464 5394 uno
2497 5341 2838 5394 accusatore
2869 5340 2924 5391 et
2961 5349 3074 5393 uno
3108 5340 3259 5393 teste
3288 5333 3730 5391 accusationem.

2099 5425 2221 5482 Illis
2252 5440 2482 5499 quoque
2511 5424 2609 5496 qui
2634 5424 2992 5496 impetebant
3011 5423 3449 5494 objicientibus,
3474 5424 3531 5477 et
3556 5436 3735 5479 sacra-

2100 5517 2293 5569 mento
2332 5512 2585 5584 probare
2626 5511 2980 5582 volentibus,
3017 5511 3151 5583 quia
3188 5510 3455 5582 juniores
3486 5511 3650 5566 erant
3681 5513 3736 5565 et

2099 5615 2212 5660 non
2244 5601 2391 5660 adeo
2424 5600 2482 5660 in
2511 5599 2831 5658 eanonibus
2872 5598 3203 5669 exercitati,
3248 5598 3549 5669 ignorasse
3590 5595 3732 5669 quod
