3894 6404
321 387 439 451 883

1271 395 1634 457 HUGONIS
1679 396 2028 460 ABBXTIS
2072 394 2764 460 FLAVINIAUENSIS

3608 392 3725 451 34

326 521 483 595 dum,
512 523 687 597 justas
706 540 807 585 eos
830 522 1075 585 rationis
1097 526 1334 585 evidens
1352 526 1960 588 adduxitnecessitas.
1993 530 2044 592 A
2079 530 2253 602 regiae
2280 529 2483 603 stirpis
2514 543 2696 587 uxore
2722 522 3046 600 repudiata,
3070 520 3350 583 thuritide
3378 520 3614 597 violata,
3638 541 3728 586 ro-

328 614 553 669 Etenim
585 631 713 672 cum
748 616 802 672 in
828 617 954 688 ipso
990 617 1307 688 primordio
1331 618 1589 674 seandali
1637 620 1965 675 cardinales

329 702 723 774 advenissent,
744 706 979 763 hortatu
1003 709 1059 762 et
1101 708 1373 778 precibus
1398 709 1654 779 ejusdem
1683 708 1967 780 pseudoe-

328 789 551 863 piscopi
576 793 643 848 ad
659 796 1113 865 componendam
1132 811 1330 867 pacem
1347 797 1654 863 :ccclesize,
1674 813 1801 867 qua:
1819 797 1966 854 fmda

328 877 747 937 dilacerationc
771 883 871 939 sed
897 884 1221 941 necessaria
1239 885 1641 954 scindebatur,
1662 884 1894 939 :Eduam
1912 884 1967 938 in

330 966 475 1022 festo
492 970 677 1024 sancti
697 971 920 1025 Nazarii
938 978 1245 1041 venerunt,
1262 978 1319 1028 et
1343 973 1538 1028 audita
1558 972 1740 1044 partis
1757 973 1968 1027 utrius-

328 1068 440 1125 que
472 1058 757 1115 sententia
783 1062 949 1115 tanto
984 1062 1178 1117 favore
1205 1062 1546 1133 prosequuti
1578 1066 1709 1117 sunt
1736 1067 1793 1117 et
1846 1064 1969 1116 tue-

329 1143 542 1202 bantur
557 1147 907 1217 vicesillius,
935 1150 1525 1221 quamquamjustitia
1558 1150 1968 1205 canonicorum

328 1233 476 1302 parti
512 1235 754 1307 faveret,
781 1242 840 1293 ut
877 1239 947 1294 de
999 1239 1241 1295 maxima
1306 1238 1666 1295 dissensione
1706 1239 1774 1293 ad
1815 1238 1972 1307 pacis

327 1321 598 1377 unionem
633 1324 946 1397 rediretur,
981 1332 1039 1381 et
1061 1327 1196 1383 talis
1216 1343 1317 1382 eos
1349 1327 1660 1383 concordia
1693 1326 1965 1395 sociaret,

325 1409 419 1464 cui
455 1414 721 1481 quamvis
750 1430 886 1483 egre
908 1431 937 1471 a
962 1417 1257 1472 canonicis
1289 1432 1592 1472 assensum
1620 1420 1795 1471 esset.
1833 1415 1969 1480 Quae

327 1512 454 1555 eum
491 1503 721 1558 tandem
748 1506 1140 1561 obstinatione
1164 1506 1291 1575 ejus
1334 1507 1388 1561 in
1430 1506 1658 1561 irritum
1710 1504 1962 1561 deducta

329 1587 652 1660 fuisset,ab
676 1594 895 1649 eisdem
940 1599 1069 1666 post
1119 1596 1378 1667 capitulo
1422 1597 1765 1664 abnegatam
1801 1594 1971 1664 justi—

332 1676 490 1745 tiam,
517 1679 585 1734 ad
611 1681 963 1738 audientiam
990 1686 1193 1755 metroi
1221 1683 1422 1739 olitani
1446 1689 1505 1738 et
1524 1683 1802 1753 judicium
1823 1682 1966 1751 ejus,

332 1764 403 1819 de
426 1770 862 1826 communitatis
886 1771 1306 1843 dilapidatione
1328 1774 1477 1828 unde
1494 1774 1971 1840 agebatur,voca-

2075 620 2152 690 gii
2183 620 2392 676 cubilis
2425 619 2639 675 decore
2671 616 3039 687 obnubilato,
3064 614 3205 686 regii
3230 614 3506 683 germinis
3532 616 3725 688 splen-

2076 709 2217 764 dore
2230 709 2553 775 obfuscato,
2572 705 2770 762 comiti
2790 720 2894 761 suo
2912 704 3315 776 Audegavensi
3334 720 3571 760 uxorem
3588 708 3723 763 sub-

2078 797 2276 867 ripuit,
2300 796 2467 851 militi
2484 794 2684 866 utique
2699 809 2803 851 suo
2825 793 2915 849 cui
2933 792 3100 848 fidem
3120 794 3491 863 promiserat,
3518 798 3575 849 et
3592 810 3723 851 ear-

2078 886 2167 941 nis
2189 884 2697 953 consanguinitate
2716 882 3071 954 propinquo:
3092 882 3237 937 adeo
3257 887 3318 937 ut
3338 896 3409 936 ex
3429 897 3534 937 una
3556 890 3721 953 parte

2079 972 2133 1026 in
2172 971 2367 1039 tertio,
2393 969 2583 1027 exalia
2612 970 2667 1025 in
2700 972 2907 1039 quarta
2928 967 3390 1039 propinquitatis
3440 982 3721 1039 sanguine

2080 1063 2478 1131 necterentur,
2500 1064 2555 1115 et
2584 1057 3044 1128 federaconjugii
3070 1072 3197 1127 quae
3212 1072 3280 1113 ne
3306 1056 3724 1115 dirimerentur

2080 1149 2296 1216 regalis
2327 1147 2726 1218 gladiusulter
2750 1148 3033 1201 hactenus
3059 1145 3331 1214 inhibuit,
3360 1145 3644 1218 impudica
3659 1152 3724 1203 et

2083 1237 2450 1293 incontinens
2476 1237 2633 1304 regis
2658 1233 3179 1291 dissolvitlascivia
3230 1233 3517 1305 impudica
3549 1241 3607 1292 et
3640 1236 3725 1292 in-

2083 1340 2379 1395 reverens,
2416 1324 2729 1381 scindenda
2763 1328 2823 1379 et
2853 1323 3173 1379 dirimenda
3215 1326 3301 1379 tot
3336 1322 3500 1379 annis
3539 1324 3720 1380 violat

2080 1415 2663 1483 obstinatia.Verum,
2692 1413 2828 1485 quid
2864 1412 3093 1480 mirum,
3126 1412 3172 1469 si
3207 1412 3260 1467 in
3297 1412 3470 1468 ﬂuvio
3515 1413 3719 1483 seculi,

2083 1503 2136 1559 in
2170 1508 2437 1560 torrente
2467 1503 2669 1559 ﬂuoris
2694 1502 2860 1571 regii,
2894 1502 3204 1558 Leviathan
3238 1502 3511 1572 antiquus
3551 1517 3720 1574 quem

2083 1594 2393 1648 absorbeat
2410 1592 2627 1649 invenit
2647 1609 2659 1657 ;
2676 1592 2773 1661 qui
2792 1591 2845 1645 in
2866 1591 3148 1646 descensu
3162 1590 3432 1646 Iordanis
3459 1591 3721 1662 preeiosa

2082 1686 2141 1737 et
2163 1681 2349 1737 electa
2382 1681 2555 1752 rapit,
2586 1682 2639 1736 in
2662 1680 2865 1735 ordine
2888 1679 3291 1751 episcoporum
3325 1679 3420 1749 qui
3466 1694 3720 1750 praesse

2083 1770 2297 1826 debent
2323 1771 2478 1841 ipsos
2504 1769 2890 1840 praesidentes
2906 1768 2948 1825 si
2961 1768 3012 1824 bi
3028 1768 3348 1823 substernit
3374 1769 3529 1824 ‘?Rex
3547 1768 3720 1838 regiae

335 1856 431 1908 tus
446 1860 557 1909 est.
579 1856 737 1921 Quod
762 1860 1008 1930 respuit,
1034 1862 1178 1915 etde
1217 1861 1397 1932 priori
1415 1861 1771 1930 benignitate
1786 1858 1971 1915 eardi-
2000 1894 2053 1954 Β
2083 1859 2375 1915 castitatis
2389 1874 2543 1923 osm',
2564 1858 2705 1927 regii
2723 1858 2876 1913 thori
2897 1856 3190 1913 violentus
3214 1856 3722 1925 etl‘ractor,diade-

333 1940 546 1998 nalium
564 1948 962 2017 confidens,ad
982 1950 1345 2017 designatum
1363 1949 1769 2004 Valentinensc
1784 1948 1972 2003 conci-

331 2027 468 2086 lium
494 2034 821 2091 eosibidem
845 2052 1234 2108 responsurus
1252 2039 1737 2093 ctsatisfacturus
1766 2037 1971 2091 invita-

333 2119 438 2189 vit,
471 2126 530 2176 et
561 2121 829 2180 nolentes
859 2124 942 2181 ire
962 2126 1150 2194 coegit
1175 2126 1520 2181 invitatione
1566 2140 1687 2193 sua,
1746 2123 1861 2179 illis
1910 2128 1965 2179 et

338 2223 441 2278 pro
462 2209 692 2280 publico
706 2213 1370 2284 dampnocommunitati
1390 2230 1590 2271 eorum
1608 2214 1769 2269 illato
1783 2218 1840 2268 et
1869 2230 1968 2283 pro

336 2297 581 2366 privatis
598 2299 825 2369 injuriis
841 2303 1130 2359 hominum
1147 2304 1275 2374 ejus
1294 2303 1713 2372 rejicientibus,
1733 2308 1790 2358 et
1806 2318 1969 2373 aper-

329 2389 421 2440 tos
436 2388 800 2457 scinimicos,
836 2406 907 2446 ex
922 2391 1028 2447 hoc
1054 2392 1295 2448 maxime
1320 2392 1450 2462 quia
1476 2392 1546 2447 dc
1571 2394 1745 2447 rebus
1776 2391 1969 2447 dome-

331 2474 497 2531 sticis
522 2476 591 2532 ad
612 2480 922 2535 concilium
942 2486 1177 2535 etcxtra
1206 2481 1562 2552 provinciam
1587 2482 1965 2548 vombantur,

337 2567 824 2627 protestantibus.
846 2568 1094 2625 Dolenda
1118 2569 1609 2625 hominismiscria
1627 2569 1721 2639 qui
1748 2568 1967 2624 nullum

337 2666 603 2722 umquam
640 2655 867 2727 dilexit,
893 2673 920 2712 a
952 2658 1177 2713 nemine
1201 2658 1454 2714 dilectus
1486 2664 1598 2727 est,
1646 2657 1786 2713 nulli
1832 2658 1884 2712 in
1908 2672 1969 2712 se

336 2743 600 2809 peecanti
638 2744 873 2814 ignovit,
892 2744 1034 2801 nulli
1070 2750 1201 2816 post
1225 2746 1367 2801 iram
1389 2746 1972 2802 benedictionemtri-

335 2828 481 2899 buit,
518 2830 571 2885 in
606 2832 727 2887 sola
763 2835 1022 2903 pecunia:
1045 2835 1458 2905 aggregatione
1492 2850 1653 2905 spem
1679 2850 1971 2891 suamom-

341 2930 467 2972 nem
493 2920 900 2976 constituens!
932 2924 1052 2978 Non
1067 2922 1343 2979 credatur
1359 2923 1547 2991 nobis,
1576 2923 1623 2977 si
1646 2938 1755 2978 non
1782 2923 1835 2979 in
1859 2924 1968 2980 hoc

332 3021 445 3060 vox
468 3021 578 3062 una
605 3015 889 3064 consonat
912 3011 1187 3066 omnium.
1240 3012 1355 3066 Nec
1393 3016 1656 3067 nostrum
1691 3018 1804 3079 est,
1856 3012 1967 3067 etsi

332 3091 439 3149 lesi
473 3110 692 3166 sumus,
713 3096 854 3153 lesio
871 3099 1183 3155 maledicto
1210 3098 1483 3154 talionem
1510 3098 1852 3169 rependere,
1871 3100 1967 3170 qui

330 3180 548 3240 scimus
584 3185 637 3240 in
672 3200 778 3241 nos
812 3187 1194 3258 peccantibus
1217 3202 1320 3243 nos
1363 3187 1577 3242 debere
1622 3187 1966 3255 ignoscere;

2084 1962 2169 2003 ma
2184 1948 2257 2003 tis
2274 1947 2414 2016 regii
2434 1962 2648 2018 procax
2664 1945 3064 2014 conculcator,
3080 1944 3189 2001 etsi
3209 1944 3395 2015 potuit
3421 1945 3671 2013 reginam
3688 1960 3720 2001 a

2083 2036 2255 2091 thoro
2280 2040 2336 2090 et
2371 2050 2587 2090 corona
2606 2034 2865 2089 indebite
2885 2032 3159 2103 dejicere,
3179 2047 3289 2088 non
3309 2036 3537 2104 poterat
3562 2032 3722 2088 adul-

2081 2128 2263 2179 teram
2298 2124 2350 2178 in
2376 2122 2521 2178 solio
2545 2122 2707 2191 regni
2727 2123 2869 2177 bene
2882 2121 3135 2177 dictione
3152 2120 3402 2189 firmare,
3427 2120 3535 2176 nisi
3560 2120 3614 2175 in
3628 2135 3721 2176 or-

2080 2212 2212 2267 dine
2243 2212 2651 2283 episcoporum
2683 2209 3001 2280 complices
3014 2209 3122 2264 sibi
3145 2208 3481 2278 invenisset,
3500 2208 3588 2263 vel
3606 2208 3720 2264 sibi

2081 2299 2204 2370 ipse
2223 2300 2536 2355 miserabili
2554 2300 2966 2371 desperatione
2985 2312 3325 2369 promovere
3344 2297 3598 2365 fecisset,
3622 2298 3718 2368 qui

2082 2388 2401 2444 voluntatis
2423 2390 2549 2457 ejus
2564 2394 2978 2458 exequutores,
2995 2391 3051 2441 et
3075 2386 3289 2455 reginze
3318 2400 3475 2441 novze
3495 2386 3625 2440 novi
3641 2388 3721 2442 fo-

2083 2482 2207 2531 rent
2236 2481 2586 2533 sacratorcs.
2616 2476 3033 2546 Oimpudentia
3054 2477 3064 2529 !
3085 2473 3721 2546 omiserabilisdisper-

2082 2566 2166 2622 sio
2201 2565 2454 2637 lapidum
2490 2565 2808 2622 sanctuarii
2843 2564 2897 2619 in
2929 2564 3122 2636 capite
3148 2564 3498 2635 platearum!
3534 2564 3695 2632 (1099

2081 2655 2127 2710 si
2163 2656 2361 2725 regina
2385 2654 2672 2710 immerito
2688 2653 2982 2723 abjicitur,
3009 2652 3146 2723 quid
3169 2658 3262 2707 est
3286 2653 3438 2722 quod
3454 2653 3682 2708 adulter

2083 2745 2236 2813 quod
2268 2749 2517 2812 cognato
2544 2743 2767 2813 juncta,
2822 2742 3030 2797 marito
3088 2739 3440 2797 reclamante
3486 2742 3679 2812 vimqu
3711 2756 3747 2797 e

2080 2848 2276 2904 passo.
2312 2832 2803 2888 subintrodicitur
2831 2828 3203 2900 ?(Fol.1l4’).
3238 2830 3292 2884 Si
3323 2830 3408 2886 vis
3432 2845 3587 2901 regia
3621 2831 3722 2901 jus

2081 2922 2352 2991 abnegat,
2390 2922 2475 2976 fas
2508 2920 2759 2989 subruit,
2806 2920 2966 2975 nefas
2996 2917 3236 2989 attollit,
3264 2918 3400 2989 quid
3418 2933 3555 2988 rogo
3601 2925 3715 2989 est,

2082 3010 2236 3081 quod
2270 3011 2433 3067 nefas
2458 3009 2826 3066 benedicitur
2859 3027 2874 3076 ;
2904 3014 2963 3064 et
2996 3008 3051 3063 in
3082 3008 3301 3079 templo
3348 3008 3722 3079 sacrilegium

2081 3098 2396 3167 attollitur,
2420 3098 2771 3155 adulterium
2790 3102 3077 3165 sacratur,
3106 3096 3475 3167 impudieicia
3498 3113 3726 3168 promo-

2079 3192 2269 3256 vetur,
2306 3187 2485 3243 ethoc
2521 3202 2622 3258 per
2655 3200 2858 3242 manus
2878 3186 3326 3257 episcoporum?
3354 3185 3608 3255 Nequius
3628 3186 3725 3243 hic

326 3271 424 3325 sed
462 3287 565 3328 nec
597 3249 866 3343 congruit
888 3275 1124 3331 veritati
1149 3278 1204 3331 et
1253 3276 1456 3347 pietati
1502 3249 1964 3347 :eeelesiasticze,
2000 3249 2049 3311 δ
2079 3249 2296 3346 aliquid
2324 3249 2712 3346 video,lquam
2746 3274 2798 3330 in
2826 3249 3723 3346 tempore-beatipapmblicholai

326 3360 396 3415 de
430 3360 520 3417 his
553 3362 763 3432 quibus
787 3364 841 3419 in
866 3379 928 3421 se
955 3365 1334 3436 peccantibus
1359 3364 1668 3433 ignoverit,
1699 3358 1837 3420 falsa
1866 3381 1968 3437 pro

324 3450 478 3505 veris
492 3450 863 3522 concinnare,
890 3453 1021 3522 quia
1046 3468 1180 3508 vera
1203 3452 1442 3509 dilectio
1493 3467 1522 3507 a
1557 3453 1669 3508 fide
1692 3454 1815 3509 veri
1841 3467 1967 3510 nes-

319 3537 401 3591 cit
433 3537 685 3595 deviare.
712 3540 949 3596 Tribuat
993 3540 1076 3596 illi
1120 3541 1397 3597 Dominus
1445 3546 1528 3610 ut,
1586 3540 1717 3611 quia
1773 3542 1965 3612 ceptis

319 3625 440 3681 suis
459 3627 645 3682 omnia
674 3626 916 3684 adversa
942 3629 1285 3699 responderi
1315 3628 1497 3695 videt,
1525 3643 1635 3684 non
1662 3630 1876 3685 adiciat
1903 3635 1965 3686 ut

316 3712 562 3769 similem
590 3714 873 3786 principio
900 3716 1067 3772 ﬁnem
1114 3717 1621 3787 faciat,setSperet
1650 3718 1704 3772 in
1733 3718 1963 3774 nomine

270 3820 278 3830 ·
317 3801 564 3870 Domini,
593 3819 704 3859 non
738 3803 791 3858 in
828 3804 1052 3861 incerto
1076 3804 1431 3875 divitiarum,
1459 3810 1515 3859 et
1569 3804 1853 3862 innitatur
1871 3822 1963 3862 su-

319 3905 421 3961 per
453 3890 683 3947 domino
707 3894 821 3948 Deo
854 3908 979 3948 suo.
1010 3897 1206 3949 Amen.

388 3980 455 4034 Et
479 3980 750 4049 quoniam
783 3982 942 4037 viros
974 3982 1212 4038 virtutis
1233 3983 1523 4040 memorias
1546 3984 1960 4042 commendare

314 4067 709 4135 gratissimum
728 4070 995 4126 omnibus
1011 4074 1068 4127 et
1096 4070 1236 4127 utile
1261 4072 1637 4137 arbitramur,
1666 4087 1778 4128 non
1800 4074 1871 4128 ab
1897 4087 1959 4128 re

314 4156 548 4213 videtur
566 4158 754 4227 nobis,
772 4158 817 4214 si
843 4159 1029 4216 zelum
1055 4160 1258 4216 horum
1278 4160 1603 4231 legatorum
1629 4169 1836 4217 contra
1860 4162 1960 4217 im-

316 4244 754 4315 pudicissimum
771 4247 1018 4319 Philippi
1034 4248 1190 4319 regis
1213 4250 1563 4306 Francorum
1581 4250 1954 4317 adulterium,

316 4334 588 4390 secundae
618 4335 946 4392 Jhezabelis
965 4337 1263 4393 veneficiis
1287 4352 1317 4392 a
1351 4354 1491 4393 vero
1516 4343 1574 4393 et
1599 4339 1784 4409 justo,
1828 4338 1957 4393 utili

315 4424 371 4473 et
398 4420 641 4478 honesto
673 4422 997 4494 depravati,
1021 4424 1221 4495 paucis
1253 4424 1638 4494 explicemus.
1671 4425 1781 4480 Nec
1817 4424 1959 4479 indi-

312 4513 529 4577 gnetur
550 4525 686 4580 erga
717 4527 823 4568 nos
849 4512 1155 4583 quispiam,
1183 4512 1335 4583 quod
1361 4512 1524 4582 quasi
1560 4512 1719 4581 regia
1739 4527 1768 4567 a
1791 4513 1959 4569 nobis

2078 3365 2135 3420 in
2166 3364 2468 3433 Tietberga
2501 3364 2697 3432 regina
2728 3362 3032 3434 repudiata
3058 3368 3111 3417 et
3134 3361 3720 3419 Waldradaadultera

2078 3453 2529 3527 subintrodueta
2562 3466 2592 3507 a
2619 3452 2911 3519 Lothario,
2944 3451 3196 3507 Lotharii
3233 3451 3603 3522 imperatoris
3620 3453 3724 3521 qui

2077 3542 2393 3597 monachus
2418 3541 2705 3607 factusest
2724 3540 2856 3609 filio,
2878 3541 3031 3610 quia,
3063 3539 3173 3595 etsi
3192 3538 3267 3595 ibi
3305 3538 3478 3595 fallax
3498 3539 3724 3611 episco-

2079 3627 2603 3701 porumjudicium,
2629 3629 2672 3685 si
2702 3629 2915 3699 regina:
2939 3626 3550 3697 innocentisdcjectio,
3570 3627 3619 3684 si
3641 3628 3722 3684 lc-

2073 3718 2260 3789 gitimi
2277 3718 2429 3773 thori
2444 3717 2782 3787 divortium,
2800 3717 2848 3772 si
2877 3716 3366 3788 pelicisexaltatac
3380 3714 3610 3771 “aiutra
3628 3732 3714 3772 re-

2072 3805 2236 3878 gales
2267 3806 2432 3863 aulas
2469 3804 2883 3877 prostibulum,
2903 3820 3015 3862 non
3030 3804 3127 3860 illa
3153 3810 3345 3860 tamen
3361 3803 3716 3875 virojuneta,

2072 3910 2184 3951 non
2210 3908 2239 3949 a
2272 3893 2456 3950 latere
2485 3893 2618 3965 viri,
2651 3893 3063 3963 consanguinei
3098 3897 3153 3947 et
3173 3892 3376 3948 militis
3397 3896 3581 3964 rapta,
3604 3907 3716 3949 non

2071 3983 2128 4039 in
2161 3999 2225 4039 ea
2263 3982 2595 4053 nuptiarum
2618 3982 2911 4053 utrimque
2937 3985 3071 4037 sunt
3107 3982 3302 4036 federa
3336 3980 3571 4048 violata,
3615 3981 3715 4037 sed

2070 4072 2505 4129 eoneubinariaa
2519 4070 2939 4127 oblectationis
2958 4070 3212 4140 antiquas
3231 4069 3720 4141 gurgesinexple-

2072 4162 2208 4217 bilis
2242 4162 2703 4232 intemperanter
2718 4159 3009 4216 memorize
3035 4159 3335 4228 reductus,
3360 4159 3493 4215 dum
3508 4174 3717 4216 concu-

2074 4250 2374 4321 pisccntize
2394 4262 2655 4304 aenerves
2697 4249 2855 4303 laxat
2879 4247 3157 4317 habenas,
3191 4246 3417 4303 necscit
3442 4262 3714 4303 revocare

2071 4338 2317 4407 solutas,
2336 4338 2447 4393 sibi
2466 4341 2732 4405 mortem,
2750 4350 2947 4405 regno,
2964 4335 3289 4405 horrorem,
3322 4335 3613 4407 episcopis
3624 4350 3717 4391 ca-

2071 4425 2413 4495 lamitatem,
2431 4424 2815 4496 optimatibus
2844 4422 3236 4480 miserabilem
3259 4423 3486 4479 induxit
3508 4439 3707 4480 necem

2069 4519 2126 4570 et
2150 4513 2680 4571 coul‘usionem.llic
2694 4512 2885 4569 omnia
2899 4513 3161 4582 confusa,
3187 4511 3376 4567 omnia
3391 4513 3710 4582 horrentia,

313 4601 591 4668 carpatur
612 4600 751 4670 vita,
774 4605 875 4656 aut
899 4600 1192 4657 laceretur
1215 4604 1393 4656 tantae
1413 4599 1737 4668 majestatis
1752 4602 1842 4656 vel
1868 4617 1958 4657 no-
1986 4603 2039 4665 D
2070 4604 2259 4659 omnia
2293 4601 2582 4659 diabolico
2614 4607 2744 4657 astu
2770 4600 3209 4671 etmalignitate
3230 4605 3530 4672 corrupta.
3550 4602 3716 4656 luve-

313 4684 485 4741 minis
508 4686 805 4744 excellens
829 4688 1174 4744 auctoritas.
1202 4689 1323 4742 Non
1347 4693 1434 4742 est
1456 4692 1672 4745 nostra;
1696 4688 1957 4746 volunta-

313 4774 392 4829 tis
431 4778 526 4830 aut
552 4774 757 4845 studii,
788 4775 843 4829 in
869 4774 958 4831 his
984 4774 1078 4831 vel
1106 4779 1340 4847 tempus
1362 4776 1692 4845 expendere
1723 4777 1811 4833 vel
1835 4783 1957 4834 stu-

311 4861 467 4917 dium
500 4865 759 4919 atterere
794 4880 807 4928 ;
843 4864 947 4918 sed
978 4863 1233 4919 virorum
1268 4864 1418 4919 facta
1463 4864 1656 4933 fortia,
1684 4879 1812 4935 quas
1830 4866 1953 4923 sine

308 4948 444 5020 illis,
481 4965 724 5021 quorum
740 4951 1176 5021 comparatione
1201 4951 1370 5006 fortia
1404 4956 1559 5023 sunt,
1587 4958 1645 5008 et
1679 4956 1954 5026 cumqui-

310 5038 419 5093 bus
433 5038 795 5095 decertatum
810 5044 921 5108 est,
939 5039 1246 5095 memorari
1262 5044 1361 5096 aut
1375 5041 1471 5096 vix
1491 5046 1590 5098 aut
1613 5042 1951 5099 nullatenus

310 5130 572 5195 possunt,
607 5140 637 5181 a
663 5130 868 5181 nostro
891 5140 1002 5181 non
1025 5126 1278 5197 patimur
1301 5127 1542 5185 alienari
1565 5129 1786 5199 labore,
1822 5133 1882 5187 ut
1904 5132 1948 5187 si

308 5212 478 5268 fortia
505 5212 718 5269 audere
739 5213 1064 5285 nequimus,
1086 5213 1276 5271 saltim
1303 5217 1539 5272 fortium
1564 5218 1706 5272 bene
1725 5222 1852 5273 acta
1878 5219 1953 5273 ri-

309 5314 551 5358 memur.
583 5302 687 5371 (Cf.
712 5305 826 5375 Leg
851 5318 887 5375 ι,
928 5307 1071 5376 196).
1100 5304 1154 5359 Si
1181 5305 1352 5362 sileat
1378 5306 1642 5376 seedula,
1672 5312 1791 5363 tota
1817 5324 1951 5365 con-

306 5388 580 5444 clamabit
615 5392 875 5461 Francia,
902 5392 1076 5449 immo
1110 5395 1569 5450 totusOccidcns
1594 5411 1701 5452 una
1729 5395 1950 5453 intona-

310 5474 394 5531 bit
428 5477 573 5533 fama
607 5479 758 5548 quod
782 5495 907 5551 rex,
940 5479 1200 5550 legitimo
1229 5481 1501 5538 abdicato
1557 5483 1943 5555 matrimonio,

2070 4692 2176 4761 nit,
2211 4692 2464 4762 inquam,
2492 4705 2591 4746 rex
2628 4690 2741 4745 iste
2774 4689 2828 4744 in
2852 4689 3166 4761 episcopis,
3203 4704 3349 4759 quos
3376 4689 3485 4745 sibi
3531 4689 3713 4745 soeia-

2068 4783 2178 4849 ret,
2208 4795 2350 4850 quos
2365 4778 2507 4835 tanti
2540 4778 2829 4847 sacrilegii
2853 4778 3158 4833 ministros
3183 4777 3461 4848 efﬁceret,
3498 4778 3713 4849 Philip-

2069 4884 2201 4939 pum
2234 4870 2577 4923 Trecenscm
2610 4866 2972 4938 episcopum,
3002 4872 3058 4922 et
3097 4865 3434 4922 Walterium
3472 4865 3715 4922 Melden-

2069 4970 2190 5011 sem
2218 4973 2233 5020 ;
2266 4956 2358 5012 cui
2395 4957 2470 5012 ob
2500 4956 2606 5011 hoc
2638 4956 3042 5026 episcopatum
3067 4954 3250 5023 dedit,
3279 4960 3343 5011 ut
3374 4954 3709 5025 sacrationi,

2064 5043 2233 5113 cujus
2262 5044 2566 5100 Trecensis
2598 5047 2753 5099 esset
2778 5047 3078 5113 operator,
3114 5042 3206 5098 hic
3240 5042 3389 5099 foret
3411 5046 3715 5100 consenta-

2069 5147 2212 5189 neus
2241 5136 2298 5188 et
2334 5133 2620 5188 minister.
2645 5132 2752 5187 Sed
2781 5131 2917 5201 quid
2948 5131 3710 5202 suecensemusepiscopos,

2067 5220 2280 5291 quibus
2297 5221 2487 5291 pietas
2505 5219 2831 5292 apostolica
2856 5220 3035 5276 errati
3052 5219 3716 5277 tribuitremissionem?

2064 5310 2239 5366 Multa
2274 5310 2349 5365 bii
2381 5325 2411 5365 a
2445 5309 3325 5381 domnoepiscopoLugdunensi
3347 5313 3716 5381 tunetempo-

2064 5399 2147 5454 ris
2181 5398 2374 5469 legato
2416 5400 2687 5455 Romana:
2747 5396 3030 5453 aacclesiaa
3071 5398 3309 5454 coerciti
3364 5398 3708 5465 invectione,

2060 5486 2262 5557 multa,
2298 5486 2404 5543 nisi
2440 5486 2549 5558 ipsi
2573 5486 2679 5543 sibi
2708 5487 3150 5557 prteeavissent,
3179 5486 3408 5542 multati
3462 5487 3712 5561 fuissent

1685 5583 1773 5635 VA
1786 5581 1920 5636 illIE
1963 5583 2363 5640 LECTIONES.

376 5641 444 5675 ⁸⁸³
465 5642 779 5702 exaltatam
802 5646 1001 5719 primo
1029 5647 1317 5721 scriptum
1320 5648 1528 5721 fuisse
1554 5649 1808 5708 videtur.
