3894 6402
152 372 265 433 885

1385 364 1884 431 CHRONICON.
1919 400 1998 414 -
2024 350 2179 432 LIB.
2226 366 2300 432 II.

3428 371 3549 435 386

153 503 481 564 severitate.
503 501 631 573 Sed,
658 504 719 558 ut
748 497 972 572 praefati
998 515 1216 571 sumus,
1244 502 1496 560 Romana
1520 502 1711 574 pietas
1730 506 1787 557 et
1824 517 1872 577 Α
1908 505 2128 567 tcs,nec
2160 501 2474 574 aliquando
2505 518 2534 560 a
2557 501 2729 561 laude
2752 504 2850 560 Dei
2866 510 2921 560 et
2946 506 3363 576 praedicatione
3392 508 3546 565 veri-

152 593 597 651 erratadonavit
623 597 683 648 et
716 591 1060 647 remissione
1094 606 1197 647 sua
1242 592 1532 648 infamiam
1556 606 1791 663 supera-

156 683 252 739 vit.
280 681 436 737 Adeo
483 686 546 736 ut
588 680 1045 751 compelleretur
1077 681 1555 751 archiepiscopus
1576 679 1729 735 datis
1760 693 1789 734 a

155 774 325 826 Roma
351 771 459 826 sibi
487 769 721 839 littoris,
741 774 1055 839 utrumque
1069 770 1470 825 communione
1490 769 1790 840 suscipere

155 865 210 915 et
259 857 479 915 osculo.
534 856 695 924 Quod
727 872 799 912 ex
850 872 962 927 quo
993 857 1228 928 pietatis
1263 859 1417 913 fonte
1448 856 1787 923 manaverit,

158 954 357 1019 querat
376 946 472 1017 qui
498 945 747 1015 volet,et
771 945 819 1001 si
844 948 1043 1015 potest
1074 944 1382 1014 intelligat.
1410 946 1621 1014 Regem
1654 960 1791 1014 quo-

158 1036 472 1108 queipsum
520 1034 722 1104 pelicis
764 1049 884 1090 suae
928 1034 1343 1105 prostitutione
1386 1034 1723 1105 superbum,
1758 1048 1788 1088 a

157 1123 400 1195 reproba
433 1123 692 1192 ejusdem
719 1123 1129 1193 conjunctione
1150 1127 1521 1192 scquestrare
1543 1128 1789 1192 tempta-

156 1213 253 1283 vit,
296 1210 606 1267 interdicta
654 1210 737 1265 illi
760 1225 974 1267 corona
997 1210 1105 1266 nisi
1148 1209 1437 1266 obediret.
1463 1210 1646 1280 (1094)
1676 1208 1783 1264 Sed

156 1300 340 1357 nescit
365 1299 634 1371 impietas
650 1299 798 1354 mala
823 1313 949 1370 quae
975 1298 1132 1368 fecit,
1159 1298 1270 1353 nisi
1294 1314 1423 1354 cum
1448 1314 1552 1370 pro
1569 1298 1785 1353 eisdem

157 1388 412 1461 peccatis
438 1388 681 1458 czeperit
715 1387 833 1457 jam
872 1388 1085 1459 puniri.
1115 1392 1302 1458 (1095)
1337 1388 1437 1443 Diu
1460 1387 1529 1442 de
1554 1387 1644 1443 his
1673 1391 1788 1442 tra-

154 1483 371 1533 ctatum
394 1483 506 1547 est,
528 1476 637 1531 Sed
660 1476 852 1532 renuit
883 1476 1211 1547 apostolico
1244 1476 1460 1532 mederi
1495 1476 1783 1545 antidoto,

152 1567 242 1624 cui
287 1565 506 1622 veritas
545 1564 901 1634 etjudicium
925 1564 992 1619 ad
1036 1565 1343 1620 arbitrium
1379 1565 1594 1636 pendet
1656 1564 1787 1619 femi

153 1669 352 1721 neum;
377 1668 679 1724 usquequo
702 1654 933 1709 Urbano
963 1669 1111 1725 papa
1137 1654 1458 1709 decedente
1488 1653 1791 1709 Paschalis

153 1741 517 1811 succederet,
551 1746 609 1798 et
643 1743 748 1798 has
777 1742 1063 1799 aecclesiae
1115 1743 1417 1798 columnas
1448 1743 1518 1799 de
1578 1742 1792 1811 quibus

1904 591 2045 646 tatis
2083 592 2417 663 reticentes,
2464 595 2617 663 quod
2651 608 2792 649 voce
2824 596 3164 665 proscquuti
3194 603 3383 669 erant,
3416 615 3544 655 san-

1903 679 2076 748 guine
2100 681 2465 751 confirmare,
2485 682 2532 736 si
2552 682 3263 751 sitnecesse,gestientes.
3287 685 3542 751 Quorum

1901 768 2233 825 constantia
2264 770 2471 825 dcvota
2497 774 2553 826 et
2586 771 2819 826 devotio
2854 772 3327 829 constantissime
3360 776 3550 832 furen-

1904 855 2048 910 tium
2074 857 2224 912 facta
2249 862 2342 912 est
2376 859 2667 929 repressio
2704 863 2760 914 et
2786 859 2855 914 ad
2879 859 3259 930 penitentiam
3282 864 3546 920 cordium

1903 942 2224 1001 inclinatio.
2246 946 2403 1001 Adeo
2431 948 2768 1003 ut-comitcs
2790 952 2850 1002 et
2881 953 3166 1018 quotquot
3192 955 3358 1007 antea
3389 967 3552 1021 gras-

1901 1032 2182 1087 sabantur
2216 1033 2271 1088 in
2323 1035 2663 1091 confusione
2724 1050 2923 1091 eorum
2983 1036 3271 1093 humiliati
3320 1039 3434 1095 sint
3494 1042 3550 1096 in

1901 1128 2221 1191 conspectu
2252 1122 2485 1179 illorum
2530 1124 2930 1181 satisfactione
2992 1126 3293 1196 praemissa
3318 1132 3374 1183 et
3409 1144 3553 1200 prae-

1901 1210 2061 1263 tenta
2096 1211 2453 1268 obedientia.

1970 1298 2299 1355 Tractatum
2323 1306 2416 1356 est
2442 1302 2497 1356 in
2524 1302 2771 1358 concilio
2791 1302 2993 1359 eodem
3009 1302 3079 1357 de
3093 1303 3441 1374 expulsione
3455 1307 3557 1362 ab-

1902 1386 2057 1441 batis
2090 1389 2278 1445 sancti
2307 1390 2551 1459 Remigii
2578 1391 2792 1461 injusta
2828 1396 2883 1445 et
2930 1392 3245 1447 Burchardi
3270 1394 3553 1451 substitu-

1902 1474 2058 1530 tione
2089 1475 2321 1547 illicita,
2354 1484 2413 1532 et
2464 1494 2593 1534 cum
2627 1478 2723 1535 diu
2757 1493 2817 1533 re
2852 1480 3132 1537 ventilata
3178 1484 3551 1540 conversatio

1903 1562 2031 1632 ejus
2054 1570 2275 1635 sancta,
2310 1568 2588 1623 introitus
2614 1567 2925 1638 legitimus,
2951 1570 3240 1639 promotio
3262 1574 3439 1640 atque
3463 1587 3553 1629 sa~

1903 1654 2091 1708 cratio
2123 1654 2358 1710 inventa
2410 1655 2610 1711 fuisset
2661 1657 2953 1713 autentica
2985 1662 3040 1712 et
3090 1658 3388 1729 canonica,
3423 1675 3551 1731 quae

1907 1741 2082 1796 etiam
2107 1741 2327 1798 litteris
2352 1743 2542 1799 domui
2569 1760 2729 1815 papae
2756 1745 2969 1800 Urbani
2995 1746 3404 1817 roborabatur,
3430 1749 3553 1819 qui-

153 1832 364 1902 agitur,
417 1830 493 1887 ad
540 1830 754 1888 Callias
786 1832 1128 1901 destinaret,
1164 1847 1311 1902 quos
1335 1832 1464 1901 jure
1495 1831 1794 1887 columnas
1825 1869 1879 1928 B
1910 1829 2020 1887 bus
2051 1831 2259 1887 merito
2285 1831 2426 1888 ﬁdes
2474 1833 2873 1902 adhiberetur,
2920 1848 3049 1888 cum
3070 1834 3185 1904 jam
3218 1834 3344 1905 ipsa
3375 1837 3551 1892 etiam

152 1919 433 1976 ecclesiae
465 1918 656 1975 dictos
685 1934 758 1975 ex
790 1920 929 1991 ipsa
963 1919 1052 1975 sui
1106 1919 1447 1974 infirmitate
1489 1925 1546 1974 et
1600 1920 1796 1975 incon-

151 2022 323 2065 cussa
349 2008 522 2064 animi
547 2009 788 2079 virtute,
807 2009 903 2079 qui
919 2023 1099 2080 opera
1113 2023 1313 2065 eorum
1335 2008 1586 2065 solerter
1612 2008 1797 2064 intue-

151 2102 265 2167 tur,
290 2096 570 2165 colligere
595 2101 807 2168 potest.
836 2097 923 2152 Hii
950 2101 1078 2168 post
1096 2097 1404 2154 consilium
1424 2098 1795 2153 Valentinum

152 2200 253 2258 per
284 2200 346 2241 se
380 2186 544 2257 ipsos
573 2201 708 2256 rege
736 2192 1052 2257 convento,
1090 2201 1229 2263 cum,
1269 2187 1485 2243 nullam
1511 2187 1563 2243 in
1598 2188 1795 2243 verbis

151 2273 240 2329 vel
263 2274 496 2330 actibus
532 2274 658 2343 ejus
689 2275 1120 2346 correptionem
1155 2274 1240 2331 vel
1278 2274 1679 2346 penitentiam,
1718 2276 1796 2331 fo-

151 2361 360 2418 diendo
412 2362 567 2419 circa
600 2365 870 2419 arborem
922 2362 1339 2420 infructuosam
1372 2369 1431 2417 et
1482 2364 1794 2434 cophinum

150 2450 837 2521 stcrcorisaggregando,
853 2452 1246 2522 reperissent:
1266 2467 1375 2507 non
1401 2453 1555 2523 passi
1577 2457 1793 2507 tantam

151 2538 345 2595 videre
378 2540 440 2594 in
458 2539 724 2595 :ecclesia
766 2539 1052 2596 catholica
1087 2540 1455 2609 ignominiam
1479 2546 1537 2595 et
1561 2541 1797 2596 concul-

149 2628 460 2697 cationem,
523 2628 821 2683 menhrum
866 2627 1160 2699 putridum
1197 2629 1252 2684 in
1307 2628 1557 2684 concilio
1610 2629 1796 2684 Picta-

150 2716 354 2771 vensia
389 2729 674 2786 compage
706 2716 970 2786 corporis
993 2716 1205 2771 Christi
1238 2716 1433 2785 gladio
1466 2717 1796 2773 anathema-

153 2802 225 2858 tis
243 2802 570 2873 praecidere
602 2819 713 2858 non
748 2808 1100 2860 metuerunt.
1131 2806 1311 2875 (llOO,
1339 2804 1464 2860 Oct.
1501 2807 1616 2877 20.)
1651 2804 1795 2861 Ade-

154 2896 240 2946 rat
266 2891 342 2947 ibi
389 2906 589 2948 comes
626 2892 1007 2959 Pictavensis,
1033 2908 1251 2949 summa
1284 2908 1455 2964 prece
1489 2908 1591 2949 eos
1623 2894 1796 2964 depo-

154 2993 319 3035 scens
347 2994 419 3035 ne
449 2979 742 3036 dominum
788 2995 953 3037 suum
1004 2982 1597 3038 excommunicarent.
1651 2983 1795 3038 Ade-

155 3071 281 3123 rant
307 3072 364 3122 et
399 3068 662 3140 episcopi
724 3067 1039 3125 identidem
1094 3070 1395 3137 facientes,
1432 3073 1487 3124 et
1519 3086 1648 3126 cum
1683 3085 1791 3126 non

154 3154 537 3226 impetrarent
567 3156 721 3226 quod
738 3156 1033 3227 volebant,
1057 3173 1085 3213 a
1109 3173 1387 3214 consessu
1422 3164 1481 3214 et
1501 3159 1630 3215 loco
1660 3174 1796 3214 cou-

1910 1933 2044 1990 pars
2076 1919 2308 1975 inimica
2340 1921 2827 1976 restaurationem
2861 1923 2985 1992 ejus
3017 1937 3129 1977 non
3172 1925 3548 1993 reprobaret:

1912 2023 2017 2077 pro
2042 2009 2387 2078 quibusdam
2418 2009 2636 2064 litteris
2669 2010 2956 2079 confictis,
2995 2011 3155 2080 quasi
3190 2026 3220 2066 a
3252 2011 3390 2067 sede
3421 2027 3555 2083 apo-

1911 2096 2118 2152 stolica
2144 2096 2407 2166 directis,
2435 2097 2489 2152 in
2510 2098 2724 2168 quibus
2743 2097 3072 2154 cardinales
3095 2113 3200 2154 nec
3224 2098 3425 2155 stilum
3448 2101 3556 2155 Ro-

1910 2198 2136 2241 manum
2172 2199 2278 2240 nec
2340 2199 2748 2256 pergamenum
2784 2188 3100 2241 Romanum
3136 2188 3551 2258 agnoscebant,

1909 2273 2154 2328 maxime
2186 2288 2316 2329 cum
2350 2274 2406 2328 in
2438 2272 2547 2328 fine
2579 2289 2776 2330 earum
2802 2274 3199 2345 subscriptum
3225 2276 3403 2330 foret:
3450 2277 3556 2333 Va-

1912 2362 2038 2430 lete,
2077 2362 2229 2432 quod
2267 2362 2521 2417 Romana
2546 2377 2656 2417 non
2709 2362 2881 2417 habet
2911 2364 3254 2432 auctoritas,
3283 2378 3386 2434 pro
3435 2363 3553 2419 illis

1911 2449 2143 2519 inquam
2156 2451 2387 2506 confuta
2398 2449 2524 2505 ndis
2541 2450 2865 2520 judicatum
2884 2458 2977 2506 est
2991 2451 3061 2506 ad
3077 2451 3273 2507 sedem
3298 2451 3552 2508 eundum

1909 2538 2309 2608 apostolicam,
2360 2538 2703 2608 quibusdam
2736 2539 2833 2609 qui
2870 2540 3055 2609 primo
3087 2538 3550 2610 appellaverant,

1909 2641 2015 2681 nec
2042 2640 2382 2682 concessum
2413 2632 2544 2680 erat
2575 2627 2682 2696 eis,
2707 2626 2764 2681 id
2787 2641 2923 2697 egre
2950 2628 3302 2693 ferentibus;
3328 2628 3543 2697 quibus

1909 2718 2101 2769 tamen
2134 2714 2390 2770 evidenti
2425 2714 2652 2770 ratione
2704 2729 3045 2786 responsum
3077 2720 3186 2785 est,
3220 2715 3329 2772 etsi
3377 2716 3551 2772 satis-

1910 2804 2125 2859 factum
2166 2818 2278 2859 non
2302 2809 2413 2859 est.

1980 2891 2263 2957 Quantam
2297 2896 2487 2948 autem
2534 2892 2661 2947 fidei
2718 2892 2940 2961 frugem
2970 2891 3159 2948 virilis
3204 2892 3300 2947 illa
3336 2908 3551 2964 propu-

1907 2980 2198 3049 gnationis
2228 2979 2487 3036 caelestis
2530 2994 2695 3049 seges
2722 2977 3009 3047 attulerit,
3061 2980 3192 3036 hinc
3220 2980 3418 3050 eolligi
3449 2996 3549 3052 po-

1907 3071 2020 3124 test
2055 3068 2211 3138 quod
2262 3074 2486 3139 postea,
2521 3084 2650 3124 cum
2713 3068 2861 3139 apud
2900 3068 3097 3124 urbem
3129 3070 3417 3125 Senonum
3451 3083 3553 3126 rex

1906 3170 2038 3212 cum
2062 3157 2261 3224 regina
2292 3172 2394 3212 sua
2427 3171 2529 3227 per
2564 3160 2627 3213 15
2652 3157 2771 3211 fere
2799 3157 2925 3211 dies
2961 3161 3288 3213 remoratus
3320 3157 3548 3226 fuisset,

153 3242 290 3313 cilii,
328 3244 482 3300 idem
512 3259 709 3300 comes
740 3249 798 3299 et
830 3246 921 3300 sui
972 3246 1155 3302 minas
1201 3246 1579 3316 intendendo,
1615 3246 1793 3317 aliqui
1828 3220 1876 3281 (ἶ
1905 3244 2127 3300 clausis
2161 3249 2284 3300 tota
2318 3245 2461 3300 urbe
2492 3244 2794 3313 mcclesiis,
2829 3244 2984 3300 nulla
3012 3246 3164 3300 facta
3194 3249 3287 3299 est
3316 3245 3366 3300 ei
3400 3245 3553 3300 chri-

157 3344 385 3400 quoque
418 3344 492 3386 ex
521 3330 833 3403 episcopis,
871 3333 1036 3388 multi
1065 3347 1137 3388 ex
1166 3333 1419 3401 clericis,
1470 3333 1795 3390 innumera-

157 3417 298 3475 biles
337 3434 411 3475 ex
458 3418 641 3489 laycis
688 3419 976 3477 exierunt.
1012 3421 1103 3476 Sic
1134 3422 1336 3477 ordine
1366 3422 1620 3492 turbato,
1658 3436 1797 3493 pace

156 3504 208 3560 in
239 3507 501 3563 tumultu
533 3522 721 3578 versa,
772 3508 855 3564 illi
903 3516 1309 3566 remanserunt
1341 3510 1438 3580 qui
1469 3510 1674 3566 Finees
1710 3526 1799 3565 ze-

155 3591 269 3649 lum
303 3595 523 3651 imitari
554 3596 918 3666 gestiebant;
943 3601 999 3652 et
1025 3597 1174 3653 sicut
1199 3597 1296 3653 ille
1325 3603 1584 3654 scortum
1608 3600 1800 3655 Zama-

156 3681 253 3739 riaa
301 3699 433 3740 cum
489 3684 755 3740 Chorami
792 3685 1098 3741 Madianita
1129 3685 1323 3755 gladio
1350 3686 1611 3758 pupugit,
1647 3688 1800 3743 furo-

156 3785 390 3842 remque
418 3774 643 3829 Domini
677 3773 951 3844 placavit,
987 3774 1073 3830 sic
1095 3778 1156 3830 et
1188 3775 1304 3846 isti,
1338 3790 1450 3831 non
1481 3776 1653 3832 veriti
1690 3776 1799 3831 fre.

156 3858 354 3915 mitum
390 3862 909 3932 perstrepentium,
964 3863 1392 3919 adulterantem
1443 3879 1638 3934 regem
1670 3879 1801 3920 cum

155 3946 419 4005 adultera
436 3964 609 4021 quem
637 3951 935 4021 corrigere
967 3952 1376 4023 nequiverunt,
1410 3953 1803 4010 excommuni-

155 4037 403 4093 cationis
425 4038 681 4110 pugione
697 4040 1043 4110 perfossum,
1063 4041 1352 4111 vitamquae
1372 4041 1425 4096 in
1442 4042 1670 4098 Christo
1684 4046 1799 4112 est,

154 4129 450 4181 extorrem
472 4126 873 4183 reddiderunt.
897 4128 1015 4183 Hoc
1028 4132 1219 4184 autem
1237 4132 1428 4185 actum
1442 4133 1550 4200 est,
1571 4129 1801 4200 quando

150 4210 263 4279 jam
284 4222 414 4270 erat
442 4214 786 4271 solvendum
817 4216 1148 4273 concilium.
1173 4218 1412 4288 Jamque
1433 4218 1560 4274 laus
1582 4217 1801 4273 Christi

163 4298 216 4355 in
240 4316 341 4357 ore
362 4317 566 4360 eorum
582 4304 677 4373 qui
692 4304 963 4360 astabant
976 4319 1082 4375 pro
1099 4304 1451 4362 demissione
1465 4305 1714 4376 concilii,
1738 4308 1799 4362 ut

159 4390 461 4463 morisest,
477 4392 811 4462 resonabat,
829 4396 888 4448 et
902 4398 1086 4457 aestus
1108 4394 1296 4450 turbae
1311 4394 1723 4451 tumultuantis
1739 4398 1801 4450 ut

158 4475 347 4535 fervor
371 4480 551 4535 maris
582 4480 1029 4537 incandescebat
1052 4497 1158 4553 pro
1181 4482 1395 4538 domini
1420 4498 1509 4538 θυι
1533 4482 1690 4552 regis
1704 4497 1804 4538 ex-

1907 3333 2176 3389 stianitas
2207 3334 2378 3402 (“216),
2426 3333 2481 3387 in
2515 3336 2737 3388 tantum
2767 3334 2828 3387 ut
2860 3331 3189 3388 Jhezabelis
3222 3333 3385 3388 furor
3415 3348 3555 3389 usus

1908 3422 2167 3476 novitate
2201 3421 2437 3493 profana
2466 3436 2668 3477 manus
2693 3421 2898 3491 impias
2923 3421 2978 3475 in
3008 3422 3182 3477 Deum
3204 3422 3548 3492 extendens,

1910 3510 2103 3566 missis
2136 3510 2572 3580 apparitoribus
2602 3509 2922 3565 aecclesiam
2973 3510 3286 3579 frangeret,
3319 3515 3378 3564 et
3399 3509 3455 3564 in
3486 3523 3551 3564 ea

1911 3597 2023 3653 sibi
2055 3598 2289 3652 missam
2321 3612 2349 3652 a
2383 3597 2472 3653 sui
2504 3597 2793 3653 similibus
2824 3597 2937 3652 dici
2970 3602 3225 3666 cogeret.
3254 3599 3332 3652 Ve
3355 3597 3541 3653 huma-

1910 3701 1998 3741 nae
2056 3685 2458 3756 impudentiae!
2504 3684 2831 3754 lnerubida,
2891 3685 3125 3741 servilis
3155 3690 3215 3741 et
3262 3701 3378 3741 non
3410 3685 3556 3755 regii

1912 3774 2087 3830 animi
2120 3773 2439 3842 cavillatio,
2474 3775 2728 3830 Romana
2761 3786 2863 3830 usa
2896 3773 3155 3843 levitate,
3189 3788 3341 3830 nunc
3371 3788 3556 3844 usque

1914 3862 2173 3931 reginam
2207 3876 2368 3918 suam
2406 3866 2627 3931 tuetur,
2670 3866 2730 3917 et
2761 3861 3139 3918 dedecorosis
3194 3861 3559 3933 amplexibus

1913 3951 2137 4006 erroris
2159 3955 2216 4005 et
2246 3949 2625 4021 impudicitiae
2649 3950 2873 4007 cstibus
2896 3965 3201 4021 succensa,
3225 3965 3454 4006 coronae
3478 3950 3561 4005 di-

1911 4040 2194 4109 gnitatem
2244 4037 2588 4115 dedecorat;
2635 4041 2852 4093 etcum
2885 4038 3022 4092 olim
3072 4039 3145 4094 ad
3199 4039 3557 4094 exorandum

1914 4129 2090 4183 Deum
2119 4126 2370 4196 gentiles
2394 4141 2581 4194 reges,
2607 4130 2664 4180 et
2688 4127 3061 4197 absquejugo
3084 4126 3245 4196 leges
3264 4126 3555 4197 dederint,

1913 4220 1973 4270 et
2005 4214 2580 4285 blasphematoribus
2606 4228 2710 4268 seu
2732 4215 3237 4285 contemptoribus
3252 4215 3351 4270 Dei
3378 4214 3561 4271 vindi-

1911 4307 2063 4358 ctam
2100 4302 2541 4371 intentaverint,
2577 4301 2670 4357 hic
2709 4302 3235 4370 regniFrancorum
3277 4318 3560 4375 propaga-

1913 4391 2383 4462 tor,christianze
2418 4389 2564 4459 legis
2579 4396 3001 4462 propugnator,
3018 4392 3316 4447 contraria
3343 4406 3559 4463 praece-

1914 4480 2031 4551 ptis
2046 4479 2549 4551 praedecessorum
2577 4479 2825 4549 peragit,
2861 4478 3007 4548 legis
3036 4485 3254 4535 sancta)
3283 4484 3342 4535 et
3356 4481 3561 4537 Roma-

157 4567 1057 4639 communicationeinsanientis,
1076 4584 1205 4626 cum
1221 4570 1799 4641 quidamepopuloin
1829 4577 1885 4638 D
1913 4584 2118 4627 norum
2133 4568 2469 4639 pontificum
2500 4570 2723 4623 statuta
2751 4567 3056 4623 convellit:
3083 4572 3161 4638 et,
3198 4568 3349 4638 quod
3388 4567 3557 4639 pejus

156 4656 565 4725 superioribus
583 4657 916 4714 consistens
930 4658 1213 4715 aecclesize
1228 4658 1478 4730 lapidem
1496 4659 1660 4730 jecit,
1678 4674 1801 4716 car-

159 4739 382 4800 dinales
404 4745 580 4802 ferire
595 4745 818 4818 volens,
843 4748 1012 4819 cujus
1036 4748 1152 4803 ictu
1176 4746 1428 4803 clericus
1449 4746 1682 4817 quidam
1701 4748 1799 4818 qui

158 4832 385 4889 astabat
432 4834 625 4905 capite
677 4834 828 4892 illiso
888 4836 1304 4908 prosternitur.
1367 4836 1655 4906 Sanguine
1688 4851 1801 4892 ma-

157 4924 295 4975 nent
313 4919 385 4954 ⁴³⁴
407 4923 761 4996 pavimenta,
795 4924 1048 4981 clamore
1081 4925 1321 4982 confuso
1367 4926 1570 4981 domus
1602 4925 1801 4996 imple-

158 5009 272 5078 tur,
298 5009 498 5065 furore
519 5016 577 5066 et
604 5012 828 5068 insania
852 5013 1012 5071 intus
1035 5018 1092 5068 et
1115 5018 1282 5070 extra
1307 5014 1555 5070 ministri
1584 5018 1801 5071 satana":

159 5093 580 5155 debachantur.
616 5101 843 5157 Manent
892 5101 1157 5158 colunnaa
1205 5102 1421 5158 Christi
1455 5103 1801 5174 immobiles,

158 5188 404 5241 mortem
428 5186 479 5242 si
508 5187 785 5246 Dominus
801 5189 1006 5259 jubeat
1030 5191 1306 5262 intrepidi
1325 5193 1716 5264 opperientes,
1742 5197 1802 5249 et

158 5270 228 5327 ad
252 5288 393 5332 saxa
417 5275 676 5334 volantia
700 5279 896 5337 mitris
918 5278 1129 5338 ablatis
1149 5281 1343 5352 capita
1362 5281 1516 5338 nuda
1538 5285 1806 5352 retegen-

1912 4662 2023 4729 est,
2056 4658 2272 4714 eisdem
2305 4656 2828 4728 patrocinantibus,
2861 4655 2909 4710 si
2940 4655 3055 4713 dici
3092 4656 3229 4712 licet
3264 4656 3418 4726 quod
3451 4671 3557 4728 pu-

1912 4745 2381 4817 det,ignomini;e
2422 4760 2543 4802 suae
2585 4745 2845 4800 defendit
2884 4759 3111 4815 causas,
3144 4744 3558 4801 excusationes

1914 4834 2247 4907 praetendit,
2264 4838 2324 4889 et
2337 4848 2367 4890 a
2381 4833 2592 4904 quibus
2608 4833 2735 4902 cogi
2751 4833 3035 4889 debuerat
3070 4838 3135 4888 ut
3156 4832 3267 4889 resi
3279 4832 3555 4904 pisceret,

1913 4923 2134 4980 eisdem
2156 4920 2487 4980 faventibus
2526 4921 2869 4978 admonetur
2916 4928 2979 4977 ut
3010 4922 3068 4977 in
3099 4921 3407 4992 iniquitate
3434 4936 3560 4992 per-

1916 5013 2105 5070 duret.
2134 5013 2267 5081 Agit
2291 5011 2401 5067 hoc
2423 5010 3039 5068 Romana‘a‘avariciae
3062 5024 3275 5080 gurges
3305 5009 3563 5081 inexple-

1916 5102 2071 5173 bilis,
2088 5101 2186 5173 qui
2211 5100 2347 5157 dum
2372 5099 2570 5171 nequit
2594 5099 2840 5172 expleri,
2865 5100 3023 5157 novit
3050 5098 3558 5161 resecandatueri.

1915 5192 2127 5249 Verum
2160 5191 2233 5247 de
2259 5189 2350 5247 bis
2379 5190 2489 5247 ista
2514 5189 2823 5247 sufﬁciant.

1989 5278 2132 5351 (Fol.
2168 5278 2312 5352 145.)
2372 5281 2538 5337 Anno
2592 5278 2703 5336 inc.
2739 5278 2890 5337 dom.
2953 5282 3110 5351 1101,
3139 5277 3431 5336 Iohannes
3459 5277 3569 5336 Tu-

978 5426 983 5429 -
1528 5395 1766 5452 νΑΒυΕ
1807 5396 2208 5452 LECTIONES.

223 5475 291 5510 ⁴³⁴
318 5479 415 5538 ita
443 5494 492 5537 ο.
528 5481 647 5541 loco
678 5486 929 5540 manant.
963 5482 1033 5516 ⁴³⁶
1056 5497 1171 5542 eoa:
1199 5497 1239 5542 α
1268 5483 1491 5544 Labboo
1516 5484 1939 5556 praetermissa.

1749 5580 1971 5639 ΝΟΤᾸΕ.

228 5644 378 5719 (216)
413 5646 454 5702 Ι.
490 5660 541 5704 e.
573 5650 772 5708 missa.
