3894 6410
159 416 278 482 889

1381 404 1876 481 CHRONICON.
1911 444 1987 456 --
2016 401 2173 472 LIB.
2206 404 2280 473 II.

3445 378 3565 482 seu

164 553 278 604 tam
311 549 583 605 idoneum
628 554 922 621 pastorem
972 548 1221 621 providit
1250 567 1265 617 ;
1299 549 1386 605 sin
1421 547 1613 615 aliter,
1647 556 1813 613 egre-
1842 544 1892 602 A
1926 539 2219 612 capitibus
2266 542 2321 598 in
2364 543 2476 599 ima
2526 543 2829 615 demersis,
2856 544 3064 616 infixit,
3095 552 3155 603 ut
3204 547 3301 603 vix
3329 548 3569 606 cubitus

164 638 358 694 diatur
372 638 525 708 ignis
539 640 609 694 de
624 638 976 708 Norigaudo,
994 643 1050 695 et
1076 640 1317 694 devoret
1342 652 1472 694 eum
1496 650 1627 693 cum
1650 633 1808 699 suis;

159 727 501 795 egrediatur
533 726 682 796 ignis
713 726 784 781 de
816 728 1076 797 Gyrardo
1126 732 1186 781 et
1236 727 1347 782 sibi
1400 725 1718 793 commissi,
1752 730 1813 779 et

160 817 470 870 consumat
506 814 896 884 Norigaudum
926 830 1058 871 cum
1092 814 1561 871 ordinationibus
1593 813 1734 868 suis.

234 902 373 957 Post
407 903 515 957 hoc
548 903 762 959 missus
788 907 880 958 est
914 903 1142 972 legatus
1176 903 1229 957 in
1268 902 1560 959 Franciam
1586 900 1717 957 Milo
1740 914 1813 955 ex

166 990 523 1046 monasterio
554 990 741 1046 sancti
775 990 966 1044 Albini
1014 992 1301 1061 (2l8)......
1354 989 1424 1023 ⁴³⁶
1468 990 1806 1061 episcopus.

166 1076 268 1132 Hic
302 1076 449 1133 fecit
477 1081 541 1134 ut
566 1078 712 1133 infra
738 1078 1032 1134 civitatem
1058 1079 1403 1148 Norgaudus
1424 1080 1808 1149 reciperetur,

165 1170 222 1220 et
257 1166 544 1236 quandam
578 1166 953 1222 concordiam
989 1166 1141 1222 inter
1163 1182 1292 1222 eum
1317 1170 1373 1220 et
1400 1166 1712 1222 canonicos
1737 1167 1814 1222 fe-

167 1252 246 1308 cit
274 1270 289 1319 ;
314 1254 456 1309 fecit
475 1254 650 1310 etiam
680 1259 745 1310 ut
776 1254 831 1310 in
864 1254 1124 1325 capitulo
1157 1254 1519 1310 Cluniacensi
1554 1254 1815 1326 suscipe-

167 1344 351 1410 retur,
368 1346 428 1397 et
450 1342 764 1413 episcopus
781 1342 1227 1413 acclamaretur,
1247 1344 1395 1399 facta
1421 1343 1475 1398 in
1499 1343 1698 1398 eodem
1723 1357 1816 1398 ca-

169 1427 354 1498 pitulo
369 1430 636 1485 cessione
658 1430 1037 1501 quarumdam
1060 1430 1460 1487 aacclesiarum
1475 1445 1809 1487 numero....

163 1513 232 1549 ⁸³⁷
262 1517 484 1587 absque
515 1516 688 1574 laude
715 1518 1151 1588 canonicorum,
1186 1523 1241 1574 et
1273 1532 1474 1574 eorum
1517 1519 1614 1589 qui
1646 1524 1815 1574 erant

164 1617 295 1659 cum
325 1605 530 1660 eodem
565 1606 892 1677 Norgaudo,
928 1610 987 1662 et
1019 1621 1220 1663 eorum
1271 1608 1366 1677 qui
1417 1611 1622 1663 contra
1683 1623 1813 1664 eum

168 1697 453 1748 venerant
481 1707 692 1751 causas
718 1695 905 1751 acturi
940 1696 996 1749 in
1029 1695 1341 1767 praesentia
1373 1695 1549 1764 legati
1581 1694 1666 1750 ‘3'.

239 1779 383 1851 (F01.
420 1780 586 1853 145³.)
638 1785 800 1839 Anno
847 1783 956 1839 inc.
989 1784 1140 1839 dom.
1178 1787 1333 1854 1099,
1372 1783 1537 1853 (Aug.
1572 1786 1627 1855 2)
1668 1783 1816 1839 obiit

1926 644 2076 685 unus
2107 630 2178 685 de
2207 633 2370 687 tanta
2403 646 2601 688 earum
2623 632 3042 701 longitudinem
3069 635 3209 691 foris
3232 642 3564 708 appareret,

1926 718 2077 787 quod
2107 723 2166 773 et
2198 708 2497 789 permanet
2533 736 2717 791 usque
2751 723 2807 777 in
2838 723 3179 781 hodiernum
3222 723 3392 781 diem.
3420 725 3571 793 Qua-

1925 806 2063 862 dros
2085 807 2258 863 etiam
2284 822 2463 880 super
2480 810 2626 866 muri
2643 810 3011 868 altitudinem
3026 813 3193 883 sitos,
3212 828 3388 886 supra
3415 830 3563 885 quos

1928 898 2145 949 tectum
2177 897 2501 953 stabilitum
2553 905 2702 968 erat,
2740 914 2922 971 usque
2957 899 3028 955 ad
3063 905 3285 973 septem
3317 902 3568 960 miliaria

1925 982 2158 1039 evolare
2188 984 2347 1055 fecit,
2384 987 2539 1056 quod
2573 1001 2726 1043 nunc
2760 1003 2945 1059 usque
2996 1003 3239 1046 cernere
3287 991 3571 1062 possibile

1923 1075 2013 1126 est
2040 1088 2053 1134 ;
2085 1071 2191 1127 fuit
2226 1077 2417 1129 autem
2451 1076 2606 1130 circa
2636 1075 2836 1132 horam
2870 1075 2984 1132 diei
3017 1092 3244 1134 nonam.
3270 1080 3332 1134 In
3365 1079 3567 1136 eadem

1924 1160 2099 1214 etiam
2122 1160 2384 1217 aecclesia
2404 1161 2640 1231 jacebat
2654 1164 2887 1234 quidam
2903 1164 3141 1222 edituus
3154 1181 3282 1222 cum
3300 1167 3416 1223 alio
3431 1181 3571 1238 quo-

1925 1246 2053 1302 dam
2084 1248 2139 1302 in
2169 1248 2322 1304 lecto
2353 1265 2489 1321 uno,
2526 1256 2585 1307 et
2617 1251 2772 1308 inter
2803 1252 3053 1310 medium
3087 1268 3313 1324 eorum,
3341 1255 3571 1326 cumja-

1925 1340 2128 1391 cerent
2158 1336 2414 1393 distante
2447 1338 2600 1394 inter
2631 1354 2694 1395 se
2727 1341 2948 1412 spacio,
2978 1356 3086 1398 una
3112 1343 3366 1399 trabium
3394 1347 3571 1400 vento

1925 1430 2052 1479 acta
2082 1439 2188 1495 per
2220 1425 2470 1482 medium
2504 1427 2640 1484 lecti
2672 1432 2892 1485 terram
2926 1430 3185 1501 intravit,
3214 1435 3276 1487 ut
3300 1432 3396 1489 vix
3418 1446 3572 1489 sum-

1927 1512 2099 1568 mitas
2128 1513 2253 1583 ejus
2284 1522 2618 1586 appareret,
2654 1530 2761 1572 nec
2793 1518 2930 1573 lesit
2955 1520 3239 1591 jacentes,
3274 1520 3384 1576 nisi
3416 1521 3569 1592 quod

1929 1599 2137 1657 timore
2169 1616 2314 1672 pene
2345 1604 2656 1659 exanimati
2697 1610 2852 1662 sunt.
3335 1608 3341 1623 ’

1998 1690 2059 1744 In
2090 1690 2291 1746 eadem
2322 1692 2564 1747 civitate
2597 1694 2864 1765 speciosa
2896 1699 2957 1751 et
2989 1696 3294 1767 populosa,
3319 1712 3451 1754 cum
3478 1711 3571 1753 es-

1928 1783 2060 1833 sent
2083 1778 2249 1835 multi
2272 1794 2447 1836 canes
2469 1782 2540 1837 ad
2564 1783 2963 1840 observandas
2983 1784 3200 1855 domos,
3228 1787 3325 1856 qui
3351 1789 3569 1857 quanto

167 1868 434 1926 Urbanus
458 1884 625 1942 papa,
651 1872 943 1929 successit
968 1871 1280 1927 Paschalis.
1301 1872 1456 1927 Obiit
1480 1873 1655 1927 etiam
1678 1872 1815 1927 Wil-
1845 1892 1897 1952 Β
1931 1865 2232 1923 breviores
2266 1874 2400 1924 sunt
2431 1884 2697 1941 corpore,
2725 1875 2888 1927 tanto
2914 1877 3048 1928 sunt
3074 1873 3321 1930 acrioris
3342 1879 3399 1929 et
3424 1875 3568 1930 fero-

166 1954 584 2027 lelmusjunior
603 1973 707 2014 rex
729 1959 1064 2030 Anglorum.
1093 1960 1218 2027 Quo
1239 1961 1414 2016 etiam
1438 1975 1589 2016 anno
1612 1961 1666 2015 in
1708 1965 1815 2016 An-

165 2043 280 2114 glia
307 2045 440 2103 fons
461 2061 661 2104 verum
687 2049 1027 2118 sanguinem
1052 2048 1270 2105 olidum
1292 2053 1353 2104 et
1377 2053 1677 2120 putantem
1702 2064 1814 2105 ma-

168 2146 306 2188 nare
335 2134 500 2191 visus
530 2140 643 2191 est.
668 2136 752 2192 Ad
786 2136 938 2207 quod
970 2137 1371 2207 spectaculum
1396 2152 1526 2193 cum
1550 2138 1670 2193 fere
1691 2142 1816 2193 tota

168 2220 352 2277 insula
382 2224 768 2294 cucurrisset,
796 2223 1029 2280 insolita
1055 2226 1139 2280 rei
1172 2225 1433 2281 novitate
1465 2226 1812 2297 stupefacta,

166 2322 269 2364 rex
301 2310 589 2381 praefatus
617 2311 875 2382 advenit,
899 2317 959 2369 et
989 2312 1157 2383 vidit,
1181 2327 1284 2369 nec
1311 2318 1503 2369 tamen
1528 2314 1580 2368 ei
1601 2313 1819 2385 profuit

165 2398 406 2455 vidisse.
434 2401 791 2456 Autumabat
810 2402 1021 2470 vulgus
1046 2402 1454 2473 promiscuum,
1481 2406 1815 2473 portentum

168 2485 326 2542 istud
358 2493 611 2544 mortem
637 2489 793 2559 regis
815 2490 1187 2561 portendere,
1214 2492 1365 2561 quod
1392 2492 1564 2547 etiam
1588 2492 1638 2546 ei
1664 2492 1818 2547 dice-

170 2572 384 2631 batura
400 2576 829 2642 referentibus;
846 2577 949 2633 sed
974 2578 1142 2634 homo
1163 2579 1465 2649 secularis,
1484 2586 1544 2635 et
1568 2580 1621 2635 in
1646 2594 1815 2650 quem

167 2661 341 2718 timor
372 2663 477 2719 Dei
515 2678 625 2719 non
657 2665 973 2733 ceciderat,
1001 2666 1406 2737 voluptatibus
1428 2669 1623 2724 carnis
1642 2671 1698 2722 et
1724 2684 1818 2723 su-

169 2750 381 2821 perbiae
397 2750 719 2821 deditus,di
731 2752 991 2809 vinorum
1010 2759 1432 2825 praceptorum
1448 2760 1817 2826 contemptor

168 2842 223 2893 et
251 2837 652 2910 adversarius,
676 2840 772 2909 qui
801 2845 989 2896 tamen
1022 2842 1168 2898 satis
1200 2843 1342 2911 regii
1376 2843 1583 2899 fuisset
1620 2844 1814 2914 animi,

170 2926 217 2983 si
248 2942 358 2983 non
390 2929 571 2982 Deum
606 2929 1041 2998 postposuisset
1066 2929 1218 2985 fastu
1242 2931 1403 3000 regni
1430 2930 1689 3001 inﬂatus,
1711 2946 1817 2987 nec

171 3015 472 3084 cogitabat
502 3029 566 3069 se
596 3016 965 3071 moriturum.
994 3017 1130 3073 Ideo
1155 3033 1284 3074 cum
1309 3019 1670 3090 temporibus
1691 3020 1818 3089 ejus

175 3102 433 3158 miranda
468 3103 524 3157 in
553 3102 760 3172 Anglia
791 3104 1202 3177 contigissent,
1227 3107 1453 3162 Domzni
1477 3110 1821 3164 recordatus

175 3204 281 3246 non
306 3196 421 3268 est,
439 3180 615 3247 immo
639 3206 743 3247 nec
766 3192 857 3247 sui
883 3192 1091 3263 ipsius,
1117 3208 1247 3249 cum
1270 3196 1446 3250 etiam
1470 3196 1818 3265 quibusdam

768 3243 857 3247 η,
884 3243 1091 3263 τμη,
1122 3243 1247 3249 ___
1474 3243 1818 3265 νηηη-..

175 3263 651 3347 revelationibus,
688 3294 817 3350 qua)
847 3284 1037 3337 tamen
1084 3282 1137 3337 ei
1185 3297 1297 3338 non
1351 3284 1716 3354 profuerunt,
1748 3284 1820 3339 ad
1854 3243 1902 3306 α

176 3367 351 3422 Deum
364 3368 637 3424 converti
655 3374 1011 3439 moneretur,
1030 3371 1243 3440 quibus
1258 3386 1362 3426 nec
1377 3370 1658 3441 obedivit,
1675 3387 1820 3443 pena

176 3468 300 3525 quas
331 3455 384 3511 ei
413 3454 641 3526 judicio
674 3456 871 3512 divino
894 3457 1298 3515 intentabatur
1320 3459 1691 3530 perterritus.
1718 3462 1823 3515 lm-

174 3541 388 3613 pletum
417 3543 572 3599 enim
605 3548 732 3599 erat
757 3544 812 3599 in
838 3544 937 3602 illo
965 3545 1119 3616 quod
1144 3547 1362 3602 dictum
1386 3550 1474 3602 est
1502 3567 1514 3602 :
1540 3547 1824 3604 Peccator

173 3643 303 3687 cum
329 3632 565 3689 venerit
596 3634 663 3688 in
702 3634 1074 3705 profundum
1118 3636 1430 3703 malorum,
1464 3636 1829 3707 contempnet

174 3716 369 3788 (Prov.
404 3733 564 3789 mu,
601 3720 677 3787 3.)
711 3721 779 3774 Et
829 3720 963 3793 quia
1016 3723 1193 3778 Deum
1244 3721 1525 3794 deseruit,
1561 3728 1822 3780 sanctam

177 3806 497 3863 acclesiam
545 3807 884 3878 Opprimens
924 3814 983 3865 et
1015 3824 1140 3865 eam
1174 3810 1283 3866 sibi
1315 3810 1582 3867 ancillari
1612 3813 1825 3869 consti-

179 3896 361 3965 tuens,
379 3897 542 3951 aDeo
571 3909 803 3967 quoque
834 3896 1157 3954 derelictus
1175 3904 1295 3965 est;
1318 3900 1376 3955 in
1401 3898 1566 3971 silva,
1586 3915 1713 3971 quae
1729 3901 1825 3957 ad—

173 3979 813 4055 jacetWintoniae(219)
833 3985 1059 4041 civitati
1096 3986 1229 4043 dum
1261 3987 1631 4044 venationem
1662 4004 1827 4045 exer-

179 4074 288 4139 cet,
307 4071 526 4141 sagitta
544 4086 574 4128 a
596 4072 845 4143 quodam
869 4087 1206 4145 percussus,
1229 4089 1342 4145 quo
1365 4075 1566 4132 letbali
1584 4076 1826 4133 vulnere

179 4156 391 4214 decidit
413 4163 472 4215 et
496 4160 865 4217 exanimatus
878 4164 991 4232 est,
1010 4162 1333 4233 penitentia
1348 4168 1409 4219 et
1422 4166 1825 4221 communione

178 4255 397 4316 carens,
429 4252 488 4302 et
522 4248 673 4318 apud
708 4249 949 4304 eandem
982 4250 1185 4306 urbem
1213 4250 1499 4321 sepultus.
1533 4252 1825 4323 Tempori-

180 4329 283 4388 bus
309 4332 435 4402 ejus
464 4340 676 4391 ventus
692 4334 1003 4392 vehemens
1027 4337 1099 4394 de
1120 4336 1353 4395 ﬂumine
1374 4338 1636 4395 Tamisia)
1658 4354 1829 4396 exur-

177 4431 317 4488 gens
343 4421 574 4478 ediﬁcia
605 4425 771 4495 plura
807 4425 1124 4493 destruxit,
1150 4441 1255 4483 nec
1286 4426 1599 4497 aliquando
1625 4432 1830 4485 tantus

178 4509 351 4566 turbo
380 4517 689 4568 ventorum
724 4514 1073 4570 sevientium
1105 4514 1207 4571 illo
1237 4515 1475 4572 auditus
1493 4521 1605 4573 est.
1635 4517 1831 4572 Hicir—

1930 1954 2108 2011 cioris
2130 1960 2375 2027 naturae,
2403 1964 2577 2014 nocte
2600 1960 3025 2017 obtenebrante
3043 1967 3177 2017 ante
3202 1961 3433 2019 domum
3455 1977 3573 2020 ma-

1924 2042 2073 2113 joris
2093 2043 2376 2101 aecclesiae
2395 2047 2580 2101 sancti
2606 2047 2768 2103 Pauli
2788 2050 3318 2121 congregabantur,
3336 2050 3419 2105 ita
3435 2050 3577 2107 insi-

1930 2135 2155 2187 stentes
2175 2134 2641 2205 transeuntibus,
2659 2136 2705 2190 si
2731 2150 2900 2206 quem
2925 2137 3075 2192 forte
3094 2137 3476 2195 offendissent
3493 2154 3580 2195 so-

1929 2217 2045 2274 lum
2064 2223 2164 2275 aut
2183 2220 2561 2292 impotentem
2585 2227 2681 2279 aut
2708 2224 2830 2280 sine
2854 2224 3079 2295 baculo,
3098 2225 3372 2283 utnullus
3396 2227 3572 2283 aude-

1929 2313 2021 2363 ret
2052 2309 2271 2378 absque
2304 2310 2584 2367 comitatu
2609 2310 2697 2367 vel
2723 2312 3059 2369 defensione
3078 2328 3179 2384 per
3202 2313 3392 2370 locum
3410 2314 3572 2371 illum

1933 2396 2204 2467 transire,
2234 2399 2559 2468 praesertim
2582 2415 2709 2455 cum
2725 2401 2841 2470 jam
2866 2400 3154 2473 plurimos
3176 2403 3467 2460 morsibus
3490 2409 3574 2459 at-

1928 2489 2317 2553 trectassent;
2343 2493 2400 2541 et
2434 2487 2681 2557 singulis
2711 2489 2981 2546 noctibus
3011 2490 3083 2546 ad
3115 2490 3444 2561 hujusmodi
3477 2506 3574 2548 ex.

1929 2587 2139 2629 cursus
2176 2573 2538 2630 ferebantur.
2562 2578 2684 2630 Jam
2710 2591 2891 2649 prope
2924 2577 3124 2634 nullus
3158 2593 3259 2649 per
3286 2578 3428 2635 illud
3464 2580 3574 2636 iter

1929 2660 2231 2730 agebatur,
2260 2666 2338 2730 et,
2367 2662 2414 2717 si
2444 2664 2534 2719 cui
2572 2664 2720 2719 forte
2753 2664 3113 2721 incumberet
3148 2668 3575 2724 necessitasiti-

1928 2748 2111 2818 neris,
2132 2750 2478 2806 diverticula
2505 2753 2924 2822 querebantur,
2939 2768 3068 2809 cum
3086 2755 3422 2825 congregati
3438 2756 3578 2812 Lun-

1929 2837 2244 2895 donienses
2265 2839 2321 2893 in
2347 2841 2535 2895 banno
2559 2839 2774 2911 placito
2797 2855 2904 2898 suo
2927 2841 3240 2898 clamorem
3265 2858 3442 2915 super
3464 2844 3576 2900 hoc

1929 2924 2020 2979 bis
2048 2929 2258 2996 terque
2292 2926 2574 2996 fecerunt,
2610 2932 2670 2982 et
2715 2942 2847 2984 cum
2897 2930 3293 3000 praeceptione
3345 2930 3480 2987 data
3513 2937 3578 2988 ut

1933 3015 2335 3085 unusquisque
2366 3030 2540 3071 canes
2567 3031 2707 3072 suos
2735 3016 3059 3074 includeret
3086 3018 3360 3074 noctibus
3393 3024 3453 3074 et
3481 3034 3580 3076 cu-

1931 3102 2203 3172 stodiret,
2223 3118 2330 3159 nec
2354 3103 2437 3159 sic
2452 3106 2714 3161 revocari
2732 3106 2803 3161 ab
2819 3106 3054 3177 incepto
3070 3107 3422 3178 potuissent,
3441 3107 3576 3164 data

1932 3192 2221 3246 sententia
2246 3190 2643 3262 adjudicatum
2668 3198 2759 3249 est
2791 3209 2991 3249 omnes
3013 3194 3228 3250 debere
3245 3195 3453 3267 occidi,
3482 3196 3577 3252 die

1933 3289 2162 3346 quoque
2183 3277 2508 3333 constituta
2535 3292 2647 3348 qua
2673 3278 2731 3334 id
2753 3279 2997 3335 deberet
3021 3280 3166 3336 fieri.
3184 3280 3322 3347 Quae
3343 3297 3475 3338 cum
3498 3281 3581 3338 in-

1932 3367 2138 3433 staret,
2173 3368 2343 3420 nocte
2391 3364 2519 3435 ipsa
2573 3381 2701 3435 quae
2736 3366 2888 3423 diem
2924 3368 3317 3438 praecedebat,
3352 3369 3431 3425 ita
3462 3385 3582 3426 om-

1934 3451 2023 3507 nis
2055 3452 2370 3509 multitudo
2392 3469 2598 3509 canum
2626 3453 2858 3511 illorum
2883 3457 3004 3511 fere
3028 3471 3210 3526 usque
3234 3456 3305 3512 ad
3328 3463 3583 3528 quatuor

1934 3539 2089 3595 milia
2145 3540 2477 3613 diffugiens,
2514 3557 2624 3597 non
2676 3545 3024 3613 comparuit,
3062 3544 3348 3601 incertum
3396 3561 3465 3602 an
3523 3547 3578 3603 in

1935 3642 2091 3683 mare
2125 3644 2184 3684 se
2212 3630 2485 3699 jecerint,
2524 3636 2585 3685 ut
2615 3630 2809 3687 nullus
2843 3632 3206 3689 inveniretur
3230 3633 3329 3704 qui
3353 3634 3581 3691 diceret

1936 3730 2049 3786 quo
2102 3716 2377 3787 abierint,
2411 3718 2501 3773 vel
2532 3720 2670 3789 quid
2705 3720 2840 3775 facti
2873 3720 3089 3777 fuerint
3117 3738 3131 3787 ;
3162 3726 3220 3777 et
3254 3722 3333 3778 ita
3371 3722 3583 3779 civitas

1936 3802 2183 3860 liberata
2217 3810 2327 3861 est.

2004 3894 2193 3952 Pudet
2227 3896 2451 3952 referre
2485 3895 2626 3953 illud
2669 3897 2994 3953 inauditum
3046 3897 3263 3955 seculis
3311 3899 3584 3957 omnibus

1937 3974 2283 4052 monstrum,
2304 3985 2460 4055 quod
2484 3990 2624 4042 tunc
2653 3987 2929 4057 temporis
2950 3988 3005 4043 in
3029 3987 3435 4044 eademinsula
3448 4002 3586 4046 con-

1938 4071 2068 4140 tigit
2097 4089 2111 4137 ;
2148 4072 2253 4128 sed
2279 4073 2643 4129 reticendum
2668 4089 2781 4130 non
2798 4080 2909 4144 est,
2940 4080 3000 4130 ut
3025 4076 3375 4146 quicumque
3399 4076 3587 4133 audie-

1938 4159 2035 4229 rit,
2053 4160 2306 4217 tinniant
2335 4176 2507 4217 aures
2528 4162 2681 4231 ejus,
2698 4168 2757 4217 et
2780 4164 3179 4234 Obstupescat,
3196 4169 3255 4220 et
3276 4165 3585 4222 erubescat

1940 4246 2160 4305 talibus
2188 4248 2426 4318 involvi,
2445 4249 2659 4319 quibus
2682 4249 2879 4306 nullus
2904 4266 3172 4321 umquam
3188 4253 3456 4310 irretitus
3470 4259 3583 4325 est,

1939 4335 2048 4391 nisi
2082 4335 2179 4406 qui
2211 4349 2240 4390 a
2270 4338 2388 4392 Deo
2421 4336 2741 4392 derelictus
2780 4337 2835 4391 in
2869 4340 3181 4409 reprobum
3213 4355 3447 4398 sensum
3468 4345 3589 4398 tra-

1941 4423 2103 4481 ditus
2129 4428 2240 4495 est,
2275 4425 2561 4481 hominem
2594 4426 2726 4481 dico
2760 4426 3079 4483 masculum
3112 4443 3142 4483 a
3175 4429 3453 4486 masculis
3484 4431 3589 4486 im-

1948 4516 2389 4584 pregnatum,et
2414 4518 2736 4570 monstrum
2759 4513 2899 4570 illud
2922 4530 3053 4570 cum
3076 4515 3430 4575 dedecorosa
3454 4532 3589 4574 con-

181 4608 350 4655 ruens
379 4601 738 4658 monasterio
769 4607 989 4659 sanctae
1020 4603 1212 4660 Mariae
1243 4603 1298 4658 in
1328 4604 1569 4661 civitate
1604 4604 1831 4662 Lundo-
1860 4601 1912 4661 D
1948 4602 2209 4659 cretione
2232 4617 2417 4674 usque
2440 4602 2511 4658 ad
2545 4602 2808 4673 quaedam
2837 4602 3173 4661 liniamenta
3202 4606 3470 4678 corporis
3493 4605 3590 4663 hu-

181 4683 286 4742 nim
307 4688 655 4760 constituto,
671 4689 770 4746 ubi
794 4690 899 4747 hec
923 4694 1051 4746 acta
1078 4696 1235 4762 sunt,
1253 4695 1477 4748 tectum
1493 4707 1661 4749 omne
1677 4693 1831 4764 deje-

180 4772 279 4843 cit,
309 4776 512 4833 trabes
544 4791 752 4834 novem
780 4792 1021 4835 numero
1053 4779 1137 4836 uti
1167 4785 1336 4836 erant
1366 4785 1709 4853 compactae,
1746 4781 1832 4837 di-

182 4862 472 4920 stantibus
492 4865 649 4923 inter
669 4880 732 4923 se
755 4867 973 4938 spaciis
993 4867 1227 4925 insimul
1250 4869 1559 4941 arripiens,
1596 4869 1828 4940 longius

184 4952 502 5020 asportavit
532 4968 718 5025 usque
747 4955 821 5011 ad
850 4955 1035 5013 forum
1072 4970 1276 5025 passus
1306 4957 1425 5012 fere
1458 4962 1544 5027 50,
1569 4958 1705 5013 etin
1734 4972 1830 5014 eo-

182 5034 308 5092 dem
340 5038 483 5111 foro,
510 5042 664 5112 quod
696 5042 857 5100 dictu
882 5058 1113 5115 quoque
1136 5044 1484 5101 incredibile
1503 5051 1615 5116 est,
1642 5046 1722 5101 ita
1747 5048 1829 5103 di-

184 5126 477 5185 stantibus
489 5130 1009 5204 equaliterspaciis
1023 5136 1086 5189 ut
1104 5138 1270 5191 erant
1288 5139 1634 5208 compactae,
1652 5140 1826 5194 terras

1943 4692 2094 4748 mani
2128 4693 2500 4763 perductum,
2526 4698 2581 4747 et
2618 4691 2907 4748 hominem
2938 4691 3123 4763 illum,
3146 4694 3303 4764 quod
3335 4693 3591 4752 detesta-

1942 4779 2118 4837 bilius
2131 4785 2243 4850 est,
2268 4779 2546 4837 clericum
2571 4780 2641 4836 de
2656 4780 2880 4852 capella
2897 4780 3075 4851 regis,
3093 4783 3330 4838 Petrum
3344 4782 3585 4856 dictum,

1940 4883 2045 4939 per
2073 4883 2283 4924 annum
2310 4870 2602 4939 integrum
2626 4874 2685 4924 et
2707 4884 2777 4925 eo
2800 4869 3054 4941 amplius
3076 4870 3184 4927 hoc
3204 4874 3590 4942 portentuosa

1939 4963 1998 5014 et
2030 4958 2419 5028 ignominioso
2469 4972 2649 5015 onere
2698 4959 3173 5031 dehonestatum,
3207 4966 3267 5016 et
3298 4975 3483 5032 usque
3514 4961 3588 5019 ad

1940 5053 2184 5103 mortem
2213 5046 2587 5119 perductum,
2612 5061 2746 5105 cum
2776 5046 2875 5104 ille
2906 5048 3092 5120 palam
3117 5054 3175 5105 et
3202 5048 3434 5122 publice
3453 5064 3591 5108 con-

1939 5135 2209 5192 fiteretur
2231 5138 2536 5207 peccatum
2559 5150 2749 5209 suum,
2766 5136 2921 5209 quod
2955 5136 3237 5215 sigvellet,
3261 5138 3455 5197 celare
3470 5152 3588 5198 non

1532 5286 1769 5347 VARLE
1810 5288 2214 5350 LECTIONES.

248 5409 317 5446 ⁸⁸⁵
343 5414 639 5475 cathedra
668 5415 828 5476 locus
853 5431 1099 5478 vacuus.
1129 5418 1199 5454 ⁸³⁷
1223 5434 1509 5480 numerus
1538 5425 1733 5483 vacat.
1777 5422 1850 5459 ⁸³⁸
1878 5426 2126 5498 reliqua
2142 5424 2393 5499 pagina
2417 5422 2658 5484 vacant.

1772 5574 1995 5633 ΝΟΤιΕ.

255 5675 403 5757 (218)
437 5680 675 5744 Scilicet
703 5684 1169 5758 Andegavensis.

2022 5689 2172 5769 (219)
2200 5690 2586 5754 Wincliester.
