3894 6408
307 367 420 436 391

1270 367 1638 438 HUGONIS
1681 377 2037 440 ABBATIS
2083 379 2768 444 FLAVINIACENSIS

3617 372 3752 444 392

311 516 530 582 posset,
565 512 622 565 et
654 505 872 580 aperiri
907 507 1018 564 sibi
1056 514 1284 566 uterum
1317 509 1387 565 ad
1441 511 1862 568 detrahendam
1903 519 1960 569 et
1994 515 2046 574 A
2078 516 2267 571 omnis
2299 515 2634 588 iniquitatis
2665 520 2723 570 et
2747 514 3234 572 abbominationis
3255 513 3600 572 inundatio?
3619 515 3743 573 Sed

309 599 622 655 eruendam
639 597 906 652 informis
930 597 1177 667 prodigii
1204 597 1491 653 sarcinam
1515 600 1957 671 deprecaretur,

310 703 414 742 nec
447 686 810 757 impetraret,
845 685 917 740 ad
949 685 1060 740 hoc
1093 701 1276 756 usque
1311 687 1753 762 ingravescente
1783 695 1842 744 et
1877 706 1962 746 re-

307 775 692 832 crudescente
719 774 1110 844 insania,eum
1140 775 1380 832 feminea
1405 777 1525 846 pati
1551 783 1960 847 cogeretur,et

313 871 519 919 natura
546 867 919 934 repugnaret,
939 863 1260 934 perductus
1280 868 1374 920 est
1397 870 1457 919 ut
1478 865 1618 920 mori
1645 866 1695 920 ci
1723 881 1960 922 necesse

310 957 488 1021 esset,
527 951 967 1021 ignominiosam
1001 958 1244 1008 mortem
1293 953 1365 1008 de
1410 954 1789 1022 ignominiosa
1841 955 1959 1010 vita

307 1042 735 1111 consequutus,
749 1046 809 1096 et
823 1045 989 1096 extra
1003 1041 1352 1098 cimiterium
1372 1042 1593 1111 absque
1609 1043 1796 1098 ofﬁcio
1809 1044 1960 1098 chri-

307 1130 514 1186 stianis
537 1129 760 1199 debito,
779 1144 885 1186 suo
909 1135 1100 1185 tamen
1119 1129 1285 1199 jussu
1301 1135 1358 1185 et
1376 1131 1680 1201 petitione,
1698 1131 1960 1202 sepultu-

307 1234 367 1296 ra
401 1219 547 1274 asini
577 1218 866 1290 sepultus.
895 1219 1071 1288 Cujus
1104 1219 1352 1274 cadaver
1385 1223 1673 1290 apertum,
1701 1220 1776 1274 ita
1810 1221 1863 1275 in
1895 1236 1958 1276 se

307 1311 524 1366 habere
558 1309 858 1365 inventum
889 1313 1002 1379 est,
1030 1309 1185 1365 sicut
1218 1307 1462 1364 relatum
1495 1313 1602 1364 est.
1630 1311 1847 1366 Frater
1864 1311 1957 1366 hic

305 1405 432 1454 erat
459 1397 816 1467 Girardi,eui
835 1401 964 1469 post
989 1413 1091 1452 rex
1116 1399 1395 1468 praefatus
1419 1399 1838 1454 Eboracensem
1862 1399 1957 1454 de-

308 1487 392 1542 dit
417 1487 988 1558 archiepiscopatum
1007 1503 1020 1550 ;
1037 1486 1204 1554 cujus
1218 1486 1335 1542 vita
1350 1501 1478 1542 cum
1499 1487 1643 1542 satis
1659 1502 1956 1558 superque

306 1580 467 1632 esset
484 1575 784 1644 notabilis,
801 1573 975 1630 etiam
991 1575 1224 1630 diabolo
1250 1575 1614 1630 sacriﬁcasse
1639 1575 1956 1646 impeteba-

307 1669 421 1720 tur.
451 1663 678 1720 Fuisset
706 1663 878 1719 nimia
901 1663 956 1718 in
980 1677 1180 1719 omnes
1215 1667 1516 1732 magnetes
1556 1664 1683 1732 ejus
1724 1668 1779 1718 et
1819 1664 1956 1720 ami-

305 1767 405 1808 cos
430 1751 736 1808 demonum
757 1751 1085 1822 oppressio,
1104 1752 1230 1807 etin
1247 1766 1450 1808 omnes
1463 1757 1520 1806 et
1535 1753 1949 1824 obsequentes,

307 1840 420 1895 nisi
455 1839 814 1896 camerarius
863 1839 1008 1909 ejus,
1043 1840 1136 1895 cui
1189 1855 1428 1910 porcum
1482 1855 1685 1910 parare
1734 1845 1789 1894 et
1843 1841 1950 1896 sibi
1982 1865 2039 1928 Β

306 1928 578 1985 clanculo
601 1927 796 1984 all‘erri
821 1928 1218 1998 mandaverat,
1247 1929 1590 1984 ammiratus
1617 1929 1756 1998 quid
1778 1928 1951 1984 vellet

308 2018 520 2087 facere,
550 2017 604 2071 in
631 2017 778 2072 locis
805 2017 1198 2073 abditioribus
1223 2032 1282 2072 se
1301 2017 1674 2087 occuluisset,
1701 2033 1830 2073 cum
1867 2033 1956 2073 ro-

303 2110 479 2176 gatus
495 2105 700 2162 fuisset
723 2105 945 2174 egredi,
964 2105 1082 2160 illis
1100 2109 1289 2160 tamen
1312 2105 1457 2162 locis
1482 2105 1552 2161 de
1575 2105 1788 2176 quibus
1809 2105 1956 2161 liber

306 2199 465 2250 esset
497 2193 727 2249 videndi
761 2209 888 2264 quae
923 2195 994 2248 ab
1027 2194 1127 2248 illo
1149 2195 1546 2264 operabantur
1568 2209 1872 2261 accessus;
1897 2199 1953 2250 et

303 2296 433 2339 cum
457 2279 586 2338 eum
607 2297 736 2338 cum
761 2281 1004 2337 demonc
1031 2283 1362 2352 loquentem
1389 2282 1670 2352 audisset,
1687 2283 1853 2351 cujus
1873 2289 1958 2338 ta-

303 2385 431 2427 men
470 2385 670 2426 vocem
703 2370 948 2426 audiens
985 2371 1224 2426 formam
1273 2386 1380 2426 non
1434 2371 1696 2440 vidisset,
1731 2376 1787 2427 et
1822 2377 1955 2443 post

304 2475 434 2516 cum
460 2459 620 2516 illum
646 2460 1676 2530 pernecessariastranslatumjussu
1693 2461 1958 2518 demonis

307 2549 379 2604 ab
411 2548 511 2605 illo
545 2549 807 2619 vidisset,
841 2555 899 2602 et
946 2553 1074 2620 post
1125 2551 1196 2604 ab
1239 2563 1308 2604 eo
1359 2548 1686 2618 adoratum,
1724 2549 1956 2604 infanda

305 2639 480 2694 etiam
513 2637 775 2708 quaedam
828 2639 885 2692 in
925 2637 1318 2694 conciliabula
1362 2637 1460 2694 illo
1497 2638 1782 2708 audisset,
1823 2653 1956 2695 cum

305 2731 435 2798 post
469 2732 714 2782 evocato
744 2726 798 2782 ei
832 2731 1188 2796 praeceptum
1211 2727 1418 2782 fuisset
1442 2727 1740 2782 instruere
1760 2727 1960 2782 convi-

303 2815 824 2885 vium,convocare
844 2828 1044 2868 omnes
1067 2817 1354 2883 quotquot
1380 2821 1582 2884 posset
1601 2815 1672 2869 ad
1695 2815 1952 2886 epulum,

305 2906 366 2958 et
396 2900 468 2956 de
521 2899 619 2956 illo
672 2913 849 2971 porco
897 2900 1166 2956 omnibus
1215 2901 1446 2956 omnino
1493 2901 1954 2971 praelibationem

310 2990 596 3061 quandam
622 3002 852 3059 parare,
879 2991 942 3044 ut
976 2987 1172 3044 nullus
1203 2995 1360 3044 esset
1395 2989 1490 3058 qui
1526 3004 1637 3044 non
1665 2996 1954 3060 gustaret,

310 3078 410 3133 ille
435 3091 676 3148 porcum
702 3076 1307 3133 terrminfodissetzet
1331 3077 1401 3132 de
1426 3077 1542 3134 alio
1567 3079 1718 3148 quod
1744 3093 1958 3149 praece-

311 3171 472 3239 ptum
507 3167 699 3222 fuerat
729 3165 971 3236 implere
1003 3166 1329 3222 studuisset
1352 3186 1379 3246 _:
1415 3166 1514 3221 illo
1552 3167 1630 3221 ita
1668 3176 1728 3222 ut
1759 3182 1958 3237 prece-

308 3262 476 3327 perat
508 3256 722 3311 factum
759 3254 940 3310 fuisse
972 3259 1212 3326 putante
1243 3261 1302 3310 et
1333 3255 1632 3323 credente,
1658 3255 1768 3311 nisi
1793 3271 1822 3310 a
1843 3256 1957 3312 daa-

307 3359 473 3400 mone
506 3344 834 3400 instructus
866 3344 1089 3414 fuisset,
1127 3358 1157 3398 a
1192 3360 1326 3415 quo,
1362 3343 1644 3415 quidquid
1698 3358 1956 3400 camera-

307 3434 431 3492 rius
461 3434 702 3503 fecerat,
735 3432 1098 3504 publicatum
1126 3433 1180 3488 ei
1211 3438 1318 3489 est.
1357 3433 1478 3498 Qua
1511 3433 1581 3488 de
1617 3447 1678 3488 re
1709 3448 1840 3488 cum
1863 3447 1958 3489 ca-

304 3523 593 3579 merarius
625 3522 1028 3592 impeteretur,
1054 3525 1111 3576 et
1142 3523 1268 3593 capi
1305 3522 1703 3592 mandaretur,
1729 3521 1826 3576 ille
1857 3521 1952 3592 qui

304 3610 412 3666 hoc
447 3611 658 3666 timens
688 3609 799 3665 sibi
832 3615 1212 3680 praecaverat,
1239 3609 1434 3678 gladio
1467 3611 1682 3666 educto
1707 3624 1836 3666 sese
1860 3609 1956 3666 de-

307 3697 594 3755 fendendo
619 3697 849 3754 domum
875 3697 1049 3764 venit,
1069 3703 1124 3752 et
1149 3712 1469 3754 conscenso
1492 3713 1643 3768 equo
1667 3712 1834 3767 quem
1859 3714 1955 3771 pa-

307 3790 558 3856 raverat,
583 3784 655 3841 ad
681 3799 876 3855 regem
901 3785 1232 3841 Heinricum
1257 3785 1528 3841 Willelmi
1554 3801 1952 3842 successorem

303 3871 588 3943 confugit,
618 3871 712 3928 cui
747 3871 938 3926 omnia
973 3871 1198 3941 retulit,
1230 3878 1472 3942 paratus
1519 3873 1672 3943 quod
1721 3873 1952 3930 dicebat

308 3961 391 4018 uti
410 3960 740 4031 judicatum
759 3960 966 4016 fuisset
989 3961 1336 4032 approbare.
1361 3963 1474 4017 Hec
1489 3967 1546 4017 et
1561 3962 1674 4018 alia
1689 3962 1950 4032 quaedam

307 4052 675 4107 monstruosa
702 4049 1044 4105 ferebantur
1065 4049 1174 4104 hoc
1194 4063 1342 4105 anno
1365 4050 1434 4106 de
1457 4066 1524 4106 eo
1547 4066 1651 4122 per
1673 4055 1854 4107 totam
1871 4051 1953 4106 in-

306 4138 512 4210 sulam,
537 4137 770 4210 quando
795 4138 872 4194 ibi
899 4138 1130 4208 fuimus,
1155 4145 1210 4193 et
1236 4139 1363 4195 dies
1389 4155 1502 4210 quo
1526 4141 1596 4196 de
1618 4140 1709 4196 his
1738 4146 1797 4196 et
1819 4139 1952 4196 aliis

307 4227 661 4299 disceptatio
674 4227 1012 4298 haberetur,
1029 4233 1086 4283 et
1097 4227 1378 4298 judicium
1396 4231 1650 4299 daretur,
1665 4229 1954 4286 constitu-

305 4321 404 4374 tus
425 4321 573 4388 erat,
591 4330 760 4389 quem
786 4322 976 4372 tamen
999 4332 1113 4372 non
1136 4318 1595 4388 expectavimus.
1619 4318 1736 4372 Hoc
1758 4322 1952 4372 tamen

305 4407 377 4463 de
391 4421 461 4463 eo
476 4407 956 4463 omnibusnotum
971 4413 1119 4477 erat,
1138 4421 1270 4464 esse
1287 4422 1418 4463 eum
1435 4406 1599 4462 malae
1612 4407 1748 4463 vitae
1761 4411 1819 4462 et
1835 4421 1955 4462 om-

305 4495 441 4554 nino
456 4495 719 4568 episcOpi
735 4496 1207 4566 ollicioindignze,
1227 4510 1400 4566 quaaa
1414 4511 1598 4566 puero
1617 4495 1842 4566 impura
1857 4511 1954 4551 ex-

1987 3221 2036 3283 C

2078 620 2184 660 nos
2217 604 2448 660 interim
2483 605 2588 660 hcc
2617 604 2812 660 tristia
2838 609 3208 674 seponentes,
3228 603 3400 675 paulo
3421 605 3742 676 superiora

2077 698 2432 763 repetamus,
2459 697 2514 747 et
2551 693 2706 762 quod
2739 692 3042 748 dulcescat
3096 691 3331 762 spiritui
3384 692 3736 748 referamus.

2147 783 2260 836 Nos
2287 787 2480 837 autem
2515 781 3058 851 praetermittendus
3089 795 3118 835 a
3153 781 3322 836 nobis
3353 786 3444 836 est
3476 780 3737 838 domnus

2075 871 2237 939 Hugo
2261 869 2444 925 abbas
2467 871 2660 924 Sancti
2684 869 2910 926 Martini
2934 869 3010 924 Ed
3023 869 3239 938 uensis,
3266 869 3361 938 qui
3385 869 3456 925 ad
3477 869 3732 927 eandem

2071 959 2396 1016 :ecclesiam
2430 959 2487 1014 in
2517 959 2828 1030 pristinum
2853 964 3072 1015 statum
3094 958 3320 1015 ordinis
3341 962 3399 1014 et
3423 957 3735 1029 religionis

2073 1047 2497 1103 restituendam
2532 1047 2604 1102 de
2625 1046 2878 1104 ecclesia
2905 1047 3237 1103 Divionensi
3261 1051 3486 1118 raptus,
3505 1051 3562 1103 et
3583 1046 3734 1103 inibi

2073 1139 2276 1206 pastor
2299 1136 2628 1204 institutus,
2645 1151 2776 1190 cum
2802 1134 2980 1191 multa
3003 1135 3245 1192 adversa
3269 1150 3475 1207 passus
3494 1135 3734 1204 fuisset,

2069 1228 2126 1278 et
2153 1239 2256 1280 nec
2282 1229 2453 1279 nocte
2475 1239 2580 1280 nec
2602 1223 2696 1279 die
2716 1225 3134 1294 requiesceret,
3159 1237 3288 1280 cum
3309 1224 3484 1279 etiam
3507 1224 3580 1280 de
3602 1239 3737 1280 mo-

2070 1313 2329 1368 nasterio
2361 1312 2573 1382 expelli
2609 1311 2679 1382 ad
2711 1312 2910 1367 horam
2947 1325 3098 1382 quos
3122 1325 3317 1368 secum
3343 1311 3670 1368 adduxerat
3693 1325 3728 1366 a

2069 1401 2308 1458 Divione
2338 1401 2608 1471 vidisset,
2633 1405 2688 1456 et
2716 1407 2848 1472 post
2881 1400 3075 1457 securi
3110 1414 3431 1470 percussus
3461 1413 3607 1472 pene
3628 1413 3729 1456 ce-

2068 1491 2240 1546 rebro
2270 1495 2550 1546 vacuatus
2579 1495 2740 1544 esset
2771 1489 3098 1545 indefessus
3129 1488 3413 1560 perstitit,
3439 1495 3499 1544 et
3521 1489 3726 1544 novis-

2069 1579 2230 1648 sime,
2282 1584 2346 1635 ut
2391 1578 2628 1648 dicitur,
2681 1593 2904 1634 veneno
2964 1578 3142 1634 vitam
3194 1577 3399 1646 ﬁnivit,
3453 1577 3722 1634 bravium

2069 1667 2255 1723 beatae
2291 1665 2674 1737 perennitatis
2707 1665 2971 1736 adeptus.
3009 1666 3070 1720 In
3103 1665 3272 1736 cujus
3317 1664 3480 1721 obitu
3529 1665 3724 1720 omnis

2070 1755 2168 1810 illa
2202 1755 2554 1824 religiositas
2575 1758 2746 1824 cepta
2773 1753 3045 1824 deperiit.
3071 1753 3212 1820 Quis
3236 1759 3426 1810 autem
3448 1752 3576 1822 ejus
3593 1767 3727 1810 suc-

2071 1858 2274 1899 cessor
2294 1843 2602 1900 institutus
2623 1843 2720 1912 sit,
2751 1843 2970 1898 referre
2995 1841 3372 1913 supersedeo,
3389 1842 3522 1913 quia
3543 1840 3619 1898 ad
3635 1841 3728 1896 in-

2067 1933 2282 2004 juriam
2316 1933 2508 1987 domni
2544 1931 2944 2000 Lugdunensis
2974 1931 3178 1987 referri
3213 1934 3427 2002 potest,
3458 1944 3564 1986 nec
3595 1929 3725 1986 sine

2070 2021 2199 2089 ejus
2232 2025 2369 2076 nota
2401 2019 2552 2084 dici;
2587 2034 2716 2075 cum
2751 2019 2869 2089 ille,
2906 2034 3076 2090 quem
3111 2019 3237 2089 ipse
3267 2017 3492 2074 nomine
3525 2023 3722 2087 tenus,

2070 2124 2140 2164 ne
2175 2109 2638 2164 intronizaretur
2669 2107 2856 2163 adhuc
2890 2108 3102 2163 abbate
3127 2108 3378 2176 vivente,
3405 2105 3730 2162 interdixe-

2069 2201 2181 2266 rat,
2219 2202 2282 2252 ut
2313 2197 2554 2266 dicitur,
2587 2195 2676 2252 hic
2723 2210 2792 2250 eo
2847 2195 3092 2263 sciente,
3125 2209 3194 2250 eo
3245 2193 3628 2265 suscipiente,
3653 2208 3729 2249 eo

2069 2288 2359 2340 annuente
2390 2285 2698 2339 ordinatus
2728 2288 2840 2339 est.
2877 2283 2986 2340 Sed
3021 2283 3126 2338 hec
3158 2283 3407 2338 interim.

2140 2377 2303 2428 Anno
2337 2372 2518 2442 igitur
2553 2373 2796 2443 praefato
2845 2373 2918 2426 ab
2969 2371 3082 2428 inc.
3119 2373 3275 2426 Dom.
3314 2374 3450 2427 1099
3481 2369 3730 2426 domnus

2069 2469 2124 2517 et
2153 2466 2319 2534 pater
2346 2467 2546 2516 noster
2569 2460 2913 2531 Rodulpbus
2941 2460 3086 2516 abba
3111 2464 3246 2531 post
3271 2458 3450 2516 multa
3468 2459 3731 2530 peregri-

2071 2551 2324 2606 nationis
2354 2553 2410 2604 et
2437 2549 2700 2606 laborum
2727 2549 3008 2620 pericula,
3037 2563 3169 2604 cum
3189 2549 3257 2604 ad
3279 2551 3496 2604 eterna;
3519 2561 3729 2618 repan-

2071 2639 2314 2694 sationis
2347 2642 2656 2693 vocaretur
2686 2637 2896 2707 gaudia
2920 2637 3290 2708 repromissa,
3315 2636 3372 2692 in
3397 2634 3724 2706 quadrage-

2069 2728 2211 2783 sima
2245 2727 2524 2782 infirmari
2558 2727 2737 2798 cepit.
2771 2727 3104 2782 Morabatur
3157 2731 3295 2782 tunc
3345 2723 3498 2796 apud
3538 2725 3727 2781 Flavi-

2069 2817 2298 2872 niacum
2343 2816 2560 2886 villam,
2596 2816 2899 2872 honestam
2949 2819 3005 2870 et
3057 2814 3332 2886 optimam
3381 2813 3720 2882 monasterii

2069 2905 2298 2974 cellam,
2329 2905 2415 2960 vel
2448 2910 2690 2976 propter
2719 2903 3142 2960 incursantium
3167 2902 3614 2974 occupationum
3635 2903 3724 2958 vi-

2069 2995 2278 3049 tandas
2303 2993 2626 3063 molestias,
2643 2992 2734 3048 vel
2757 2997 2820 3047 ut
2843 2991 3086 3048 liberius
3109 2989 3513 3062 spiritualibus
3534 2989 3723 3048 inten-

2071 3081 2242 3137 deret
2271 3081 2519 3137 theoriis
2549 3086 2609 3136 et
2643 3080 2893 3136 ﬁliorum
2925 3079 3304 3136 utilitatibus.
3339 3080 3409 3134 Et
3456 3077 3719 3149 quamvis

2067 3170 2439 3240 gravissimis
2463 3169 2820 3225 infirmitatis
2840 3183 3138 3239 corporeae
3151 3159 3450 3226 artaretur'
3463 3169 3721 3223 anxieta-

2071 3256 2248 3325 tibus,
2269 3271 2490 3325 pernox
2513 3259 2704 3310 tamen
2731 3255 2784 3310 in
2812 3251 3490 3322 orationibusetvigiliis,
3509 3251 3719 3308 divinis

2073 3343 2360 3406 intererat
2391 3343 2616 3412 ofﬁciis,
2651 3341 2916 3398 diurnale
2947 3357 3048 3398 seu
3100 3340 3440 3397 nocturnale
3470 3339 3718 3396 ofﬁcium

2071 3437 2205 3487 ante
2245 3446 2305 3487 se
2339 3431 2609 3500 religiosa
2644 3431 2952 3487 devotione
2981 3429 3284 3486 celebrare
3308 3428 3544 3498 faciens,
3569 3431 3628 3484 et
3645 3426 3718 3483 ad

2069 3519 2305 3576 missam
2332 3534 2564 3590 semper
2588 3519 2644 3576 in
2669 3519 2928 3576 oratorio
2952 3518 3383 3576 sustentatione
3397 3518 3720 3588 obsequen-

2067 3607 2210 3665 tium
2245 3608 2426 3664 fultus
2456 3607 2746 3673 iens;.ubi
2775 3621 2914 3663 vero
2963 3606 3356 3662 immensitate
3409 3603 3630 3662 doloris
3656 3609 3718 3662 et

2067 3697 2424 3752 infirmitatis
2456 3697 2610 3752 lecto
2654 3696 2709 3752 in
2763 3699 2952 3752 totum
2995 3694 3296 3765 decubuit,
3341 3693 3492 3764 quod
3528 3692 3714 3750 solum

2067 3791 2322 3857 poterat,
2356 3785 2590 3853 aﬂ‘ectu,
2645 3784 2958 3854 desiderio,
2995 3783 3262 3840 manibus
3311 3781 3621 3854 protensis,
3653 3786 3711 3836 et

2065 3875 2253 3932 oculis
2275 3877 2436 3930 totus
2457 3874 2526 3930 ad
2553 3875 2730 3930 Deum
2752 3872 3053 3942 vigilabat,
3071 3886 3176 3928 nec
3201 3872 3272 3928 de
3289 3871 3485 3941 rigore
3506 3883 3714 3942 propo-

2067 3963 2188 4034 siti,
2225 3962 2414 4018 animo
2444 3967 2504 4018 et
2536 3962 2648 4017 fide
2675 3968 2974 4029 constans,
3001 3959 3314 4031 quidquam
3336 3959 3512 4015 minui
3535 3957 3713 4030 patie-

2066 4052 2258 4107 batur.
2296 4053 2364 4106 Et
2389 4052 2506 4122 jam
2538 4052 2686 4106 fama
2721 4050 3078 4106 infirmitatis
3107 4050 3233 4120 ejus
3282 4047 3505 4104 vicinos
3531 4051 3591 4103 et
3617 4046 3712 4102 ab-

2065 4143 2280 4208 sentes,
2315 4141 2485 4210 longe
2515 4140 2690 4196 etiam
2722 4139 2950 4210 positos
2979 4141 3378 4208 pel-terruerat
3407 4134 3626 4204 ﬁdeles,
3651 4139 3708 4191 et

2065 4229 2334 4284 certatim
2359 4230 2729 4286 conﬂuebant
2757 4241 2977 4298 omnes,
3005 4225 3350 4296 mediocres,
3369 4224 3596 4293 divites,
3619 4237 3714 4280 eo-

2067 4317 2258 4388 mites,
2277 4317 2478 4388 duces,
2508 4317 2616 4388 ipsi
2649 4317 2822 4372 etiam
2851 4315 3160 4386 praesules,
3179 4321 3238 4372 ut
3265 4313 3412 4370 tanti
3439 4311 3544 4370 viri
3567 4308 3712 4368 sola-

2069 4409 2274 4462 rentur
2293 4406 2547 4476 alloquio
2569 4409 2626 4461 et
2652 4405 2931 4470 caritate;
2957 4403 3270 4475 dampnum
3291 4402 3444 4459 enim
3466 4399 3576 4457 sibi
3599 4413 3711 4456 ma-

2065 4491 2281 4550 ximum
2315 4492 2687 4564 reputabant,
2711 4491 2759 4547 si
2783 4490 3137 4548 insalutatus
3167 4490 3240 4546 ab
3271 4489 3358 4546 eis
3387 4485 3704 4544 recederet.

305 4584 546 4656 titisset,
584 4600 691 4642 nec
725 4583 1039 4655 aliquando
1071 4583 1536 4641 emendationem
1571 4585 1950 4654 suscepisset.
1983 4580 2037 4642 D
2067 4580 2289 4646 Quibus
2315 4581 2440 4652 ipse
2473 4584 2634 4637 tanta
2654 4579 2989 4649 sedulitate,
3017 4577 3380 4650 dapsilitate,
3401 4573 3705 4643 industria,

303 4673 428 4740 Quo
446 4675 624 4730 etiam
647 4689 797 4730 anno
822 4673 1127 4731 inundatio
1151 4672 1453 4744 sanguinis
1475 4686 1505 4728 a
1529 4675 1772 4743 praefato
1794 4673 1953 4730 fonte

302 4775 539 4818 man-are
553 4763 708 4819 dicta
723 4765 835 4832 est,
853 4776 1022 4832 quam
1036 4767 1230 4817 tamen
1244 4775 1360 4816 non
1372 4760 1710 4818 vidimus.ln
1727 4760 1953 4832 capella

303 4855 500 4906 autem
515 4851 788 4906 omnibus
809 4848 1018 4905 diebus
1040 4848 1349 4906 dominicis
1373 4848 1494 4905 sive
1518 4850 1684 4906 festis
1704 4850 1956 4906 sodomi‘

304 4943 381 4994 tae
413 4936 1013 4996 excommunicantur.
1043 4937 1166 5007 (fol.
1192 4941 1318 5009 146)
1345 4936 1495 4993 Alibi
1527 4951 1760 5008 quoque
1785 4939 1955 4994 enixa

304 5030 390 5083 est
409 5040 585 5082 vacca
613 5027 796 5082 fetum
825 5023 1124 5080 informem
1149 5023 1952 5098 bicipitem,quadricornem,

303 5114 597 5172 ammirari
621 5114 754 5186 quis
777 5117 976 5186 posset
999 5118 1215 5171 tantam
1237 5130 1430 5173 rerum
1453 5117 1794 5187 novitatem,
1821 5115 1953 5183 nisi,

307 5203 462 5275 quod
495 5202 780 5272 mirabile,
819 5203 916 5258 Dei
949 5204 1298 5276 pacientiam
1333 5209 1492 5261 tanta
1524 5205 1818 5261 hominum
1847 5205 1958 5261 cri-

305 5293 456 5348 mina
490 5297 551 5348 et
581 5295 822 5363 peccata
853 5296 1016 5348 tanta
1065 5293 1346 5364 patientia
1398 5293 1712 5362 sustinere,
1748 5299 1810 5349 ut
1839 5293 1954 5364 jam

301 5393 452 5451 pene
488 5395 656 5437 rarus
687 5381 767 5437 sit
795 5380 889 5452 qui
930 5381 1131 5439 credat
1164 5384 1340 5439 Deum
1374 5385 1474 5438 aut
1523 5397 1620 5437 res
1675 5381 1957 5439 humanas

303 5482 533 5539 curare,
561 5473 660 5526 aut
683 5469 741 5526 in
766 5469 1173 5528 malefactores
1195 5468 1510 5526 vindictam
1543 5484 1852 5538 exercere;
1877 5471 1957 5528 ita

303 5556 600 5616 cernimur
651 5572 852 5616 omnes
902 5558 958 5614 in
1009 5557 1422 5630 iniquitatibus
1470 5557 1774 5614 eﬂ‘erbere.
1807 5559 1957 5627 Quid

303 5644 456 5703 enim
488 5661 642 5706 nunc
661 5647 718 5704 in
744 5647 983 5718 mundo,
1007 5647 1118 5706 nisi
1143 5646 1594 5718 omnisjustitiae
1616 5647 1954 5722 exinanitio,

2065 4674 2125 4728 et
2155 4671 2403 4727 caritate
2426 4669 2646 4726 servire
2667 4669 3272 4738 ammonebat,utcum
3297 4664 3710 4738 peneinnume-

2067 4760 2286 4817 rabiles
2317 4759 2535 4816 cotidie
2558 4759 2942 4826 confluerent,
2968 4757 3175 4813 mirum
3208 4755 3508 4812 videretur
3537 4751 3707 4808 etiam

2067 4849 2156 4906 his
2182 4851 2280 4920 qui
2304 4848 2798 4919 suscipiebantur,
2818 4841 3707 4912 undetantaabundantia,tanta

2067 4937 2331 5008 largitas,
2359 4943 2521 4994 tanta
2551 4937 2608 4992 in
2636 4936 2791 4992 omni
2815 4939 3100 5007 apparatu
3125 4931 3346 5005 hylaris
3359 4937 3420 4988 et
3440 4943 3554 4987 non
3577 4928 3710 4987 deﬁ-

2067 5027 2230 5084 ciens
2249 5027 2600 5084 exuberaret
2614 5025 2852 5082 caritas.
2870 5025 2986 5080 Nec
2999 5023 3405 5092 recusabat,ut
3422 5018 3707 5093 plerisque

2068 5115 2314 5173 inﬁrmis
2337 5116 2516 5172 moris
2545 5121 2653 5186 est,
2691 5113 3032 5171 intrantium
3061 5117 3120 5170 et
3151 5109 3488 5168 exeuntium
3544 5107 3710 5164 devo-

2066 5209 2262 5263 torum
2293 5205 2712 5277 frequentiam;
2739 5204 2874 5275 quin
2901 5203 3098 5274 petius
3128 5205 3297 5256 tanto
3322 5198 3532 5256 affectu
3551 5199 3612 5252 et
3630 5194 3709 5252 of-

2069 5295 2386 5352 ﬁciositate
2402 5310 2510 5365 qua
2527 5298 2778 5365 poterat,
2795 5297 2852 5349 et
2868 5296 3039 5362 gestu
3055 5289 3326 5361 corporis
3343 5285 3706 5359 suscipiebat,

2069 5389 2131 5442 ut
2164 5383 2361 5442 nullus
2392 5387 2551 5442 esset
2583 5382 2681 5454 qui
2709 5396 2820 5439 non
2845 5395 2908 5438 se
2931 5380 3239 5450 refectum,
3266 5377 3362 5449 qui
3385 5390 3500 5432 non
3520 5387 3709 5431 conso-

2068 5474 2272 5544 latum,
2301 5472 2397 5544 qui
2429 5487 2540 5530 non
2574 5471 2858 5542 adjutum,
2881 5469 3015 5527 dum
3050 5467 3238 5526 solum
3260 5465 3460 5524 videre
3488 5463 3703 5531 liceret,

2069 5562 2468 5636 profiteretur.
2483 5560 2787 5619 Direxerat
2807 5558 2926 5630 jam
2963 5556 3284 5614 Virdunum
3306 5551 3611 5626 epistolam
3631 5549 3707 5605 in-

2070 5650 2369 5710 ﬁrmitatis
2399 5665 2518 5710 suae
2550 5647 2995 5722 nunciatricem,
3026 5648 3086 5706 et
3117 5643 3228 5718 ipsi
3259 5641 3705 5714 circumquaque
