3894 6398
134 372 247 431 393

1386 354 1881 424 CHRONICON.
1916 394 1996 406 -—-
2025 358 2178 423 LIB.
2217 358 2287 423 II.

3426 364 3541 429 394

139 505 415 561 miserant
446 501 519 558 ad
548 498 988 571 congregandos
1022 498 1235 554 fratres
1264 497 1361 569 qui
1401 502 1641 569 possent
1690 509 1783 552 ve-
1811 495 1865 555 A
1896 498 1954 550 et
1982 495 2291 553 absolutus
2320 498 2391 553 ab
2419 496 2505 553 eis
2533 502 2643 553 est.
2679 498 2816 553 Inde
2848 498 3103 556 sociatus
3150 500 3421 560 omnibus
3488 501 3545 562 in

137 594 280 663 nire,
312 596 366 647 et
390 591 485 661 qui
510 605 622 646 non
648 593 902 659 possent,
930 591 988 644 ut
1015 587 1321 643 sanitatem
1346 586 1472 655 ejus
1493 600 1522 641 a
1544 585 1782 642 Domino

135 684 496 754 expeterent,
528 683 626 736 aut
659 678 878 735 exitum
908 678 1034 748 ejus
1063 677 1426 733 orationibus
1478 674 1785 747 praemuni-

139 776 267 828 rent
295 770 362 803 ⁴³⁹
376 811 390 827 .

207 861 343 915 Cum
375 857 554 928 igitur
585 858 655 913 ad
687 871 818 913 eum
852 855 1157 912 visendum
1207 854 1478 910 certatim
1528 852 1785 922 undique

132 951 602 1015 concurreretur,
640 946 762 1017 ipse
790 959 991 1001 omnes
1033 942 1611 1011 eommonefaciebat,
1669 955 1787 996 om-

146 1038 315 1093 nibus
347 1035 515 1090 ﬁdem
546 1049 716 1104 quam
746 1038 1019 1089 tenuerat
1049 1037 1106 1087 et
1144 1047 1247 1102 pro
1280 1047 1391 1102 qua
1444 1030 1786 1086 exulaverat

144 1123 445 1181 tenendam
461 1122 824 1186 inculcabat;
851 1122 1054 1178 dicens
1072 1121 1216 1176 hanc
1237 1135 1365 1176 esse
1381 1134 1573 1175 veram
1591 1118 1780 1187 ﬁdem,

145 1217 285 1270 hanc
309 1211 653 1268 catholicam
677 1216 734 1266 et
759 1210 1160 1282 apostolicam,
1190 1224 1293 1279 pro
1318 1222 1429 1278 qua
1451 1206 1645 1263 nullus
1686 1205 1788 1261 du-

147 1303 333 1357 bitare
349 1301 590 1356 deberet
609 1299 727 1371 pati
745 1299 1011 1368 adversa,
1030 1299 1202 1352 immo
1217 1311 1321 1352 nec
1338 1296 1515 1367 ipsam
1543 1298 1786 1350 mortem

147 1389 340 1446 subire
367 1407 382 1456 ;
406 1403 679 1444 asserens
704 1403 785 1455 se,
812 1386 1093 1443 sivellent
1112 1393 1167 1441 et
1185 1389 1536 1456 Oportunum
1553 1384 1782 1451 fuisset,

146 1480 201 1533 in
231 1484 348 1534 tam
369 1476 671 1534 tremanda
698 1478 859 1545 hora,
881 1490 1012 1532 cum
1038 1475 1108 1530 ad
1132 1475 1229 1530 Dei
1249 1473 1532 1543 judicium
1554 1472 1787 1527 festina-

148 1572 232 1622 ret
258 1566 467 1635 anima,
494 1571 829 1636 separatum
853 1579 985 1619 esse
1002 1562 1155 1633 quod
1173 1562 1403 1617 dicebat
1420 1563 1784 1615 sacramento

147 1656 394 1723 ﬁrmare,
428 1656 485 1709 et
522 1668 625 1724 pro
660 1652 771 1707 ﬁde
804 1652 1006 1707 eadem
1040 1652 1247 1720 milies,
1279 1650 1326 1705 si
1348 1652 1502 1705 Deus
1526 1648 1783 1717 juberet,

144 1743 291 1799 velle
313 1741 503 1798 occidi
531 1742 717 1811 (Mart.
744 1742 856 1811 28).
882 1742 952 1796 Et
975 1756 1104 1796 cum
1124 1740 1240 1809 jam
1266 1744 1427 1795 totus
1450 1738 1520 1793 ad
1540 1737 1631 1793 sui
1671 1736 1788 1792 dis-

1895 585 2095 641 osculo
2114 590 2339 653 sancto,
2367 602 2499 643 cum
2524 586 2773 643 vidisset
2799 586 3028 658 aliquos
3046 589 3325 647 nobilium
3350 598 3545 649 astan-

1898 678 2009 743 tes,
2043 674 2203 730 viros
2236 674 2551 743 religiosos
2581 681 2640 731 et
2674 676 2771 746 qui
2806 678 2981 732 Deum
3005 677 3193 749 pluris
3220 680 3542 737 habuerant

1897 776 2065 831 quam
2099 762 2378 832 seculum,
2415 763 2571 833 ipsos
2598 764 2774 819 etiam
2806 765 2879 820 ad
2903 778 2967 819 se
2994 767 3258 822 evocavit
3288 772 3346 823 et
3378 782 3547 826 oscu-

1898 848 2054 905 latus
2085 856 2194 905 est.
2234 850 2475 905 Stabant
2505 850 2559 905 ἱ.ι
2596 857 2820 922 partem
2850 854 3095 909 alteram
3126 859 3185 909 et
3215 855 3441 914 nobiles
3471 857 3548 912 fe-

1899 938 2085 1008 minae,
2118 945 2178 994 et
2207 940 2348 1011 ipsae
2382 954 2410 995 a
2446 940 2646 996 seculo
2674 956 2992 1011 conversae,
3016 958 3186 999 soror
3209 944 3430 1001 scilicet
3457 946 3549 1001 Ri-

1894 1028 2097 1084 chardi
2122 1028 2467 1086 Albanensis
2488 1030 2770 1101 episcopi,
2797 1034 2854 1085 et
2875 1030 2985 1086 alia
3003 1032 3247 1102 quedam
3263 1049 3376 1090 non
3392 1035 3550 1104 igno-

1900 1117 2037 1173 bilis
2062 1117 2325 1185 familiae;
2355 1135 2498 1189 quas
2520 1134 2652 1175 cum
2678 1119 2750 1174 ad
2774 1134 2839 1174 se
2861 1119 3547 1195 similiterevocasset,et

1900 1208 1994 1277 pio
2020 1207 2205 1277 patris
2225 1208 2440 1264 affectu
2464 1222 2564 1264 eas
2590 1207 2739 1263 ﬁlias
2759 1213 2815 1263 et
2841 1224 3077 1265 sorores
3097 1225 3236 1266 suas
3258 1218 3550 1282 protesta-

1898 1295 2234 1365 tusfuisset,
2253 1296 2454 1351 dicens
2471 1295 2928 1368 debereetipsas
2944 1298 3093 1368 patri
3123 1298 3385 1355 ultimum
3421 1301 3549 1357 vale

1896 1382 2115 1453 dicere,
2152 1398 2380 1439 manum
2422 1384 2509 1439 eis
2541 1385 2802 1454 porrexit
2837 1390 2902 1440 ut
2953 1401 3077 1441 eam
3120 1387 3547 1460 oscularentur,

1896 1473 2041 1527 hanc
2073 1472 2384 1541 designans
2419 1474 2673 1543 ipsarum
2702 1487 2835 1529 esse
2866 1472 3082 1529 debere
3112 1476 3183 1530 ad
3212 1491 3342 1532 eum
3364 1479 3551 1534 socia-

1897 1560 2007 1615 lem
2038 1561 2329 1631 unionem,
2363 1561 2518 1631 quod
2549 1576 2658 1618 non
2692 1561 2770 1618 sit
2803 1561 3027 1619 licitum
3060 1564 3336 1622 mulieres
3360 1582 3552 1624 sacer-

1897 1649 2134 1705 dotibus
2159 1650 2323 1719 jungi
2363 1651 2419 1705 in
2452 1650 2671 1719 osculo,
2706 1656 2765 1706 et
2799 1652 3042 1708 maxime
3072 1653 3379 1723 religiosas
3422 1657 3527 1712 rell

1899 1739 2097 1807 giosis.
2136 1740 2272 1794 Cum
2308 1739 2485 1808 igitur
2514 1744 2570 1794 et
2606 1739 2783 1811 ipsas,
2822 1741 3164 1799 ammonitas
3198 1749 3262 1799 ut
3291 1744 3381 1799 his
3424 1761 3551 1817 quae

144 1830 498 1888 solutionem
530 1829 851 1891 laboraret.
889 1829 1020 1884 inde
1054 1834 1244 1883 tamen
1282 1830 1439 1882 totus
1478 1827 1530 1881 ei
1574 1840 1784 1893 sermo,
1817 1860 1872 1920 Β
1904 1827 2034 1883 aliis
2059 1828 2211 1883 dicta
2232 1834 2400 1882 erant
2424 1829 2813 1895 intenderent,
2841 1834 2898 1885 et
2922 1830 3141 1886 scirent
3163 1832 3364 1889 eadem
3397 1833 3552 1892 dicta

147 1923 333 1976 totum
365 1917 745 1983 desiderium,
779 1920 902 1972 tota
926 1916 1178 1985 affectio,
1208 1920 1271 1971 ut
1300 1916 1407 1971 hec
1433 1916 1576 1970 ﬁdes
1598 1930 1626 1969 s
1663 1928 1789 1969 rva-

143 2012 327 2075 retur,
345 2006 470 2063 haec
488 2009 606 2061 tota
621 2005 863 2074 virtute,
878 2008 1003 2060 tota
1018 2004 1205 2059 anima
1221 2002 1658 2067 custodiretur;
1683 2016 1789 2056 nec

145 2095 353 2167 aliquis
383 2098 519 2152 ante
551 2110 682 2151 eum
708 2094 883 2164 venit,
912 2094 1009 2165 qui
1036 2109 1146 2150 non
1178 2094 1245 2150 ad
1272 2095 1379 2149 hoc
1401 2106 1791 2149 commonere-

143 2191 239 2241 tur
266 2203 278 2240 :
315 2184 523 2240 dicens
554 2183 786 2239 omnino
818 2183 1161 2254 dampnatos
1190 2197 1320 2238 esse
1352 2195 1598 2252 quorum
1632 2195 1792 2236 mens

145 2275 215 2329 ab
230 2273 336 2330 hac
359 2272 737 2329 observantia
764 2287 865 2342 per
889 2288 951 2327 se
977 2270 1436 2342 rcpelleretur,si
1462 2270 1793 2340 contigeret

144 2377 243 2418 eos
269 2362 489 2431 absque
515 2360 854 2432 poenitentia
880 2360 1136 2429 defungi,
1163 2365 1222 2415 ut
1247 2374 1357 2415 non
1384 2375 1487 2430 per
1513 2359 1793 2430 poeniten-

145 2450 279 2506 tiam
317 2450 533 2506 unitati
584 2449 851 2520 corporis
890 2448 1173 2505 zecclesize
1222 2448 1786 2517 redintegrarentur,

149 2538 458 2608 Aliquibus
482 2552 620 2606 ergo
643 2537 851 2593 diebus
876 2536 1397 2603 intercedentibus,
1415 2540 1577 2605 quasi
1596 2549 1793 2606 presa-

141 2642 247 2695 gos
262 2626 441 2683 vicini
459 2627 547 2682 sui
572 2626 874 2695 transitus,
903 2626 1116 2681 fratres
1144 2633 1204 2680 et
1229 2624 1381 2680 ﬁlios
1402 2639 1545 2694 quos
1561 2623 1793 2680 Christo

147 2713 1143 2786 adquisierat,antesevenirefecit,
1168 2717 1227 2768 et
1274 2712 1619 2767 ammirabili
1669 2712 1794 2769 vul-

142 2806 235 2859 tus
251 2809 309 2859 et
324 2803 451 2859 oris
470 2801 658 2871 gratia
680 2802 751 2857 de
766 2800 955 2857 salute
973 2816 1077 2856 sua
1110 2815 1211 2856 eos
1243 2800 1788 2869 commonefaciens,

144 2895 200 2945 et
220 2892 276 2947 in
297 2890 542 2947 Domino
568 2904 809 2960 sperare
831 2902 1187 2958 ammonens,
1212 2888 1607 2945 conﬁtebatur
1639 2888 1793 2958 quod

149 2994 256 3036 non
288 2981 435 3035 bene
466 2993 570 3034 eos
602 2978 840 3047 rexerit,
866 2992 989 3039 non
1022 2978 1101 3032 ita
1134 2982 1376 3048 paterno
1409 2991 1547 3047 erga
1574 2992 1676 3033 eos
1717 2977 1795 3033 af-

150 3069 301 3125 fectu
320 3068 543 3138 egisset
569 3072 630 3123 ut
651 3067 942 3136 debuerit,
970 3066 1102 3136 quia
1127 3066 1295 3122 homo
1313 3070 1491 3134 esset,
1514 3066 1610 3137 qui
1637 3081 1797 3123 num-

152 3172 317 3228 quam
351 3157 409 3212 in
441 3157 647 3213 eodem
685 3161 845 3211 statu
878 3161 1176 3227 permanet
1209 3154 1329 3225 (fol.
1360 3158 1507 3226 146).
1549 3156 1618 3209 Et
1665 3170 1792 3211 cum

150 3218 251 3302 eos
275 3246 424 3303 satis
444 3249 689 3316 paterne
714 3244 1132 3300 ammonuisset
1154 3249 1213 3300 ut
1237 3244 1294 3299 in
1319 3244 1429 3299 ﬁde
1453 3249 1613 3299 recta
1648 3244 1795 3299 ﬁrmi
1829 3218 1876 3281 Ο

152 3335 561 3405 persisterent,
596 3335 751 3389 sicut
779 3348 910 3389 cum
942 3333 1209 3389 viderent
1239 3335 1582 3387 constanter
1612 3338 1667 3387 et
1704 3333 1798 3388 ﬁr-

146 3423 315 3479 miter
338 3423 716 3495 perdurasse,
741 3427 798 3477 et
824 3437 1023 3477 omnes
1040 3424 1303 3477 astantes
1318 3436 1389 3477 ne
1404 3422 1797 3478 ﬁerentmanu

144 3516 352 3568 etvoce
367 3525 483 3582 qua
504 3516 732 3583 poterat
749 3517 1156 3581 compesceret
1175 3511 1342 3580 :Ego,
1360 3511 1462 3579 ait,
1483 3511 1798 3581 quipatris

142 3600 264 3657 eice
275 3601 335 3657 et
344 3600 572 3672 Oficio,
592 3600 729 3655 licet
738 3600 1577 3670 immeritasfangor,primus
1589 3614 1690 3655 cas
1705 3599 1801 3658 ab-

143 3691 366 3748 solvam
377 3690 857 3747 auctoritateDei
872 3690 931 3745 et
965 3693 1307 3746 sanctorum
1330 3690 1387 3743 et
1414 3689 1606 3760 σπέσλὶ
1644 3689 1799 3747 mihi

140 3780 459 3847 commissi,
484 3778 649 3834 etcos
666 3778 1190 3848 posthacpatrem,
1218 3778 1615 3834 karissimam
1639 3780 1802 3835 sicut

130 3868 259 3938 ﬁlii
270 3868 684 3925 amantissimi
696 3868 753 3923 et
769 3867 1319 3923 desiderantissimi
1332 3886 1359 3937 ,-
1373 3867 1435 3922 et
1445 3866 1537 3923 sic
1554 3868 1798 3938 separa-

145 3954 336 4013 bimur
354 3971 617 4028 corpore,
632 3971 750 4012 non
763 3957 960 4012 autem
982 3957 1137 4026 ιςρὶγὶ
1146 3956 1200 4010 ta
1212 3957 1303 4011 ali
1321 3955 1650 4027 afectione.
1692 3957 1796 4013 Vos

134 4048 521 4117 pramittetis
523 4047 764 4117 patrem
796 4047 853 4102 et
865 4046 992 4116 ipso
1007 4045 1228 4117 nfecta
1259 4046 1559 4101 deducet-is
1580 4046 1661 4101 ad
1683 4048 1796 4102 Do-

148 4134 527 4208 minum;ego
556 4135 613 4192 si
629 4137 787 4192 Deus
806 4134 1285 4191 misericordiam
1302 4135 1519 4190 anima
1553 4134 1795 4206 meafe-

151 4224 313 4292 cerit,
329 4224 493 4295 quod
502 4224 674 4280 credo
694 4224 753 4279 et
762 4224 1018 4294 expecto,
1051 4222 1295 4291 adjutor
1308 4222 1365 4278 et
1391 4222 1795 4278 corroborata?-

148 4325 238 4367 ατο
254 4311 411 4383 Μαί
428 4312 642 4369 vestra
665 4312 935 4369 omnibus
958 4309 1180 4379 diebus,
1232 4311 1291 4366 et
1322 4312 1440 4367 mei
1478 4324 1797 4367 memorum

148 4400 1397 4473 memoreroperamciliumgratiaDei.Hec
1426 4399 1645 4471 dicens,
1676 4404 1797 4455 sto-

153 4485 261 4545 lam
291 4489 405 4546 sibi
438 4490 577 4546 fecit
605 4490 819 4558 afferri,
852 4496 912 4544 et
942 4503 1073 4545 cum
1101 4502 1227 4543 eam
1259 4488 1411 4543 collo
1445 4488 1569 4558 ejus
1616 4489 1795 4559 impo-

1903 1930 2034 1972 esse
2066 1921 2125 1971 et
2157 1916 2287 1985 sibi,
2324 1930 2354 1971 a
2389 1932 2448 1972 se
2482 1916 2757 1973 dimissas
2812 1918 3016 1987 gratias
3041 1920 3138 1975 Dei
3171 1921 3550 1994 assignasset,

1904 2019 2120 2076 corpus
2148 2005 2496 2061 dominicum
2529 2006 2801 2077 sumpsit,
2830 2011 2885 2062 et
2922 2012 3081 2064 totus
3115 2008 3186 2065 ad
3217 2011 3391 2067 Deum
3420 2026 3555 2068 con-

1902 2108 2125 2164 versus,
2160 2109 2223 2149 se
2249 2100 2308 2149 et
2340 2109 2542 2149 omnes
2574 2094 2775 2165 pietati
2822 2094 2948 2164 ejus
2995 2098 3308 2169 commisit,
3356 2101 3556 2172 praeci-

1902 2182 2070 2254 piens
2100 2184 2369 2239 omnibus
2403 2188 2464 2239 ut
2498 2198 2668 2253 quem
2701 2184 3024 2240 nominaret
3049 2187 3276 2243 donnus
3300 2189 3551 2260 Godezo,

1903 2272 1999 2342 qui
2032 2271 2143 2327 sibi
2172 2271 2509 2341 assistebat,
2533 2272 2623 2327 vir
2641 2272 2845 2343 utique
2876 2274 3009 2340 boni
3031 2276 3347 2332 testimonii
3387 2281 3445 2334 et
3469 2292 3557 2334 re-

1904 2358 2126 2428 ligiosae
2156 2360 2644 2429 conversationis,
2682 2360 2869 2431 ipsum
2902 2362 3010 2418 sibi
3046 2362 3172 2433 ipso
3197 2364 3289 2420 die
3310 2365 3557 2424 tumula-

1904 2448 2080 2503 tionis
2112 2462 2234 2504 suae
2269 2463 2370 2518 per
2398 2448 2791 2504 obedientiam
2823 2465 3223 2508 successorem
3247 2453 3551 2527 eligerent,

1902 2541 1962 2593 et
1991 2536 2071 2591 illi
2104 2536 2439 2601 obedirent;
2475 2541 2531 2592 et
2565 2537 2612 2593 si
2650 2537 2799 2593 alter
2829 2537 2929 2594 illo
2952 2539 3222 2609 neglecto
3243 2547 3303 2597 et
3323 2542 3557 2614 repulso

1903 2625 2243 2695 eligeretur,
2276 2624 2436 2681 nullo
2470 2627 2639 2681 modo
2670 2626 2721 2681 ei
2752 2628 3081 2684 obedirent.
3125 2630 3363 2687 Dicebat
3404 2633 3556 2688 enim

1904 2714 2059 2770 nolle
2093 2718 2175 2784 ut,
2202 2713 2355 2784 quod
2387 2715 2507 2785 ipse
2541 2715 2951 2786 aediﬁcaverat,
2997 2717 3148 2775 alius
3199 2718 3552 2777 destrueret.

1905 2802 2005 2858 Cui
2022 2807 2315 2873 praecepto
2329 2818 2457 2858 cum
2473 2818 2673 2859 omnes
2686 2818 2748 2858 se
2764 2818 3112 2860 assensuros
3129 2807 3554 2880 promisissent,

1906 2904 2104 2945 omnes
2136 2905 2303 2945 manu
2335 2896 2609 2962 protensa
2643 2892 2961 2963 benedixit,
2994 2897 3051 2947 et
3084 2893 3300 2950 clausis
3348 2895 3556 2966 oculis,

1906 2979 2272 3049 praeparabat
2307 2993 2369 3034 se
2402 2979 2473 3034 ad
2506 2979 2703 3036 horam
2732 2980 2957 3036 Domini
2990 2982 3276 3039 venientis
3320 2988 3380 3040 ut
3431 3000 3562 3056 ape-

1907 3066 2045 3121 ritet
2078 3066 2152 3136 ei,
2186 3067 2515 3124 intraturus
2543 3082 2673 3123 cum
2706 3081 2775 3124 eo
2805 3073 2863 3123 et
2896 3084 2999 3139 per
3037 3071 3278 3127 eumad
3327 3072 3561 3143 nuptias

1908 3155 2058 3223 agni.
2096 3156 2462 3223 Legebantur
2506 3161 2640 3212 ante
2669 3171 2799 3213 eum
2830 3157 3134 3228 passiones
3165 3160 3466 3218 dominicae
3491 3163 3563 3218 ab

1907 3257 1978 3300 eo
2006 3257 2175 3313 quem
2210 3245 2416 3313 voluit,
2451 3250 2508 3299 et
2533 3246 2623 3302 cui
2660 3247 2937 3317 praecepit
2974 3247 3138 3319 (2'20),
3182 3257 3392 3304 etcum
3418 3251 3565 3307 reci-

1909 3336 2035 3387 tare
2068 3331 2253 3388 lector
2287 3348 2420 3402 quoe
2451 3338 2510 3389 et
2542 3340 2756 3411 quanta
2788 3335 3050 3391 fecerunt
3083 3337 3155 3407 ei,
3192 3341 3354 3393 totus
3397 3338 3453 3394 in
3500 3355 3561 3395 se

1911 3422 2214 3493 fremebat,
2251 3423 2397 3478 adeo
2428 3427 2487 3479 ut
2520 3425 2730 3479 crebro
2763 3424 3070 3480 audiretur
3092 3441 3202 3481 vox
3260 3427 3511 3484 dicentis
3546 3449 3558 3486 :

1907 3512 2163 3568 Inimici
2194 3514 2307 3568 Dei
2333 3525 2525 3582 quare
2554 3514 2981 3585 hocfecerant?
3007 3516 3142 3571 Non
3169 3517 3567 3587 agnoscebant

1907 3601 2098 3656 Deam
2123 3614 2265 3658 cera
2295 3601 2600 3672 dicentem,
2634 3601 2796 3659 mira
2809 3604 3179 3675 facientem?
3199 3604 3314 3662 Ah!
3354 3607 3566 3676 quales

1897 3703 2090 3761 penas
2118 3690 2285 3745 modo
2316 3690 2520 3747 luant!
2552 3692 2721 3746 Venit
2751 3706 2891 3761 ergo
2926 3692 3067 3748 hora
3110 3708 3279 3763 quam
3334 3710 3564 3768 semper

1907 3779 2235 3846 Optaverat,
2256 3782 2468 3833 etcum
2496 3777 2794 3847 paululum
2814 3777 3092 3849 siluisset,
3119 3781 3304 3836 oculis
3346 3782 3564 3839 clausis

1907 3864 2088 3921 veluti
2112 3864 2404 3921 dormiens
2424 3866 2691 3936 spiritum
2715 3867 2948 3923 eﬂlavit.
2976 3869 3199 3940 Corpus
3230 3869 3352 3939 ejus
3380 3869 3565 3927 lotum

1907 3959 1965 4007 et
1990 3959 2254 4009 curatum
2282 3954 2374 4025 pia
2400 3955 2650 4011 ﬁliorum
2674 3956 2999 4025 diligentia.
3026 3958 3287 4014 vestibus
3318 3960 3566 4017 sacratis

1888 4050 1979 4097 ex
2012 4057 2169 4098 more
2202 4043 2466 4099 indutum
2500 4048 2613 4111 est,
2648 4048 2705 4098 et
2739 4049 2872 4099 ante
2896 4045 3082 4101 altare
3107 4048 3292 4103 sancti
3328 4048 3563 4104 Firmini

1907 4130 2018 4202 piis
2046 4146 2279 4187 suorum
2303 4133 2561 4188 humeris
2586 4132 2840 4188 delatura
2867 4138 2980 4203 est,
3008 4138 3065 4188 et
3090 4137 3355 4194 excubiis
3406 4138 3567 4195 debi-

1904 4220 2001 4288 tis,
2021 4234 2166 4289 quas
2181 4220 2494 4275 dictavitet
2513 4222 2705 4291 potuit
2729 4236 2891 4276 amor
2916 4222 3187 4294 ﬁliorum,
3218 4226 3563 4284 honoratum

1905 4313 1996 4363 est
2032 4310 2217 4379 (Mart.
2252 4312 2364 4379 29).
2391 4310 2447 4363 In
2473 4309 2789 4365 crastinum
2825 4311 3000 4366 missa
3032 4326 3163 4368 cum
3197 4314 3371 4370 nimio
3402 4316 3565 4374 luctu

1906 4402 1964 4452 et
1994 4395 2221 4452 ululatu
2255 4396 2511 4453 omnium
2544 4395 2865 4468 celebrata,
2899 4400 2969 4454 ad
3003 4404 3421 4460 monasterium
3454 4405 3567 4463 iter

1907 4485 2143 4555 aggredi
2179 4490 2567 4554 maturarunt,
2599 4500 2713 4556 quo
2763 4501 2827 4543 se
2875 4487 3111 4559 sepeliri
3163 4493 3566 4567 mandaverat,

151 4577 698 4649 suissent,jacentis
718 4583 883 4634 tanta
905 4578 1094 4649 gratia
1117 4583 1177 4634 et
1200 4577 1411 4634 decore
1434 4578 1794 4649 resplenduit
1824 4575 1877 4636 D
1911 4575 2043 4646 quia
2077 4575 2228 4632 inter
2262 4574 2413 4631 ﬁlios
2442 4575 2498 4630 in
2527 4575 2727 4631 humili
2761 4576 2911 4648 loco,
2947 4578 3099 4634 sicut
3120 4583 3177 4634 et
3204 4582 3483 4653 praecepit
3507 4590 3569 4639 et

154 4664 326 4725 facies
349 4668 497 4738 ejus,
522 4671 581 4724 et
604 4668 683 4724 ita
699 4669 1014 4740 aptabatur
1026 4668 1100 4737 ei,
1119 4672 1397 4723 utomnes
1422 4667 1792 4736 mirarentur,

153 4759 206 4809 et
236 4770 390 4813 nunc
413 4771 600 4827 usque
620 4760 1028 4829 protestentur
1052 4756 1206 4826 quod
1232 4770 1540 4828 numquam
1564 4740 1643 4811 ita
1668 4757 1721 4812 ei
1740 4758 1798 4811 in

151 4845 274 4901 tota
303 4845 425 4902 vita
459 4858 564 4902 sua
594 4845 879 4902 habitudo
920 4845 1253 4902 vestimenti
1303 4844 1460 4901 illius
1508 4846 1562 4900 in
1608 4846 1798 4913 gratia

154 4938 424 5005 coaptata
457 4935 537 4990 sit
566 4935 643 4991 Sit
656 4938 721 4992 ut
748 4938 909 5005 tunc,
935 4950 1065 4991 cum
1089 4934 1358 4990 omnibus
1380 4933 1591 4990 diebus
1611 4948 1798 5004 usque

157 5021 226 5076 ad
256 5021 313 5079 id
350 5027 582 5093 tempus
613 5029 674 5079 et
705 5025 905 5080 horam
935 5024 1033 5081 vix
1056 5024 1288 5079 inventa
1313 5023 1391 5079 sit
1423 5037 1667 5094 persona
1698 5022 1800 5078 ali-

159 5113 390 5180 qua,cui
408 5112 495 5168 sic
510 5115 849 5170 conveniret
868 5119 1110 5170 ornatus
1124 5118 1183 5169 et
1197 5112 1488 5185 appositio
1503 5128 1798 5170 sacrarum

157 5200 404 5255 vestium
434 5201 589 5257 sicut
607 5201 681 5271 ei,
710 5203 762 5257 in
786 5203 997 5273 gratia,
1030 5201 1085 5256 in
1109 5201 1439 5272 honestate,
1465 5201 1521 5256 in
1544 5202 1801 5273 proceri-

157 5289 279 5343 tate
301 5288 359 5343 in
381 5287 606 5360 vultus,
628 5295 685 5346 et
710 5290 1229 5362 pronunciationis,
1252 5296 1310 5347 et
1335 5290 1691 5347 habitudinis
1721 5291 1804 5346 di-

156 5376 400 5444 gnitate.
433 5378 757 5437 Prostratis
776 5395 918 5451 ergo
939 5379 1228 5452 omnibus,
1250 5378 1502 5437 absolvit
1533 5385 1799 5452 cunctos,

1907 4663 2113 4734 voluit,
2147 4664 2422 4721 tumulari
2456 4663 2841 4735 disposuerat.
2867 4665 3000 4722 ldeo
3023 4673 3217 4724 autem
3251 4671 3450 4738 egredi
3476 4686 3570 4728 ac-

1908 4752 2227 4810 celeratum
2246 4758 2360 4824 est,
2378 4768 2448 4809 ne
2463 4754 2733 4810 veniente
2748 4757 2894 4811 duce
2910 4755 3001 4813 vel
3032 4756 3243 4813 comite
3276 4759 3569 4818 ceterisve

1910 4842 2114 4914 patriae
2148 4842 2519 4914 primoribus,
2555 4858 2585 4898 a
2620 4844 2832 4914 quibus
2865 4845 3040 4901 nimio
3082 4844 3439 4916 diligebatur
3489 4850 3574 4909 af.

1910 4932 2086 4997 fectu,
2119 4946 2335 5002 corpus
2362 4931 2489 5001 ejus
2514 4934 2891 5004 retineretur,
2925 4939 2981 4989 et
3018 4933 3090 4989 ad
3151 4938 3568 4995 monasterium

1911 5021 2156 5094 perferri
2189 5027 2525 5086 vetaretur;
2552 5022 2705 5092 quod
2730 5030 2789 5078 et
2810 5024 3178 5095 contigisset,
3206 5025 3315 5081 nisi
3348 5027 3420 5083 ab
3455 5027 3567 5084 bis,

1912 5125 2156 5181 quorum
2177 5109 2360 5166 studii
2375 5109 2428 5165 id
2442 5116 2567 5165 erat
2587 5112 3334 5184 prospicere,anticipatum
3381 5122 3543 5173 esset

1913 5180 1978 5257 ut
2008 5216 2038 5256 a
2068 5198 2205 5255 villa
2235 5198 2451 5255 elatum
2478 5180 2601 5269 jam,
2628 5180 2852 5271 partem
2886 5180 2992 5258 via:
3039 5180 3385 5275 peregisset,
3439 5180 3573 5277 qua;

1915 5289 2079 5346 ducit
2111 5288 2212 5344 illo
2246 5303 2360 5359 quo
2388 5294 2512 5344 erat
2549 5288 2920 5346 tendendum.
2959 5291 3317 5350 Occurrebat
3339 5290 3571 5367 corpori

1917 5377 2243 5435 honoriﬁco
2274 5378 2448 5435 turba
2483 5378 2680 5451 pOpuli
2711 5378 2928 5437 diversi
2958 5393 3135 5440 sexus
3162 5387 3224 5439 et
3270 5384 3483 5459 aetatis,
3513 5390 3574 5444 et

1548 5478 1783 5535 VARDE
1821 5475 2225 5535 LECTIONES.

1755 5620 1977 5678 NOTAE.

227 5545 295 5581 “9
324 5550 395 5604 14
427 5547 599 5608 linea
624 5564 825 5610 erasa.

236 5688 914 5762 (22018criptorhorum
948 5690 1125 5747 fuisse
1153 5690 1406 5749 videtur.

419 5760 629 5823 A'mOL.
663 5760 858 5825 CLIV
871 5805 887 5825 .

3221 5772 3296 5833 13
