3894 6410
374 338 489 409 01ιῦ

1335 326 1695 410 HOGONIS
1738 338 2097 408 ABBATIS
2136 332 2825 412 FLAVINIACENSIS

3684 346 3793 411 39d

373 484 723 556 ubicumque
747 495 851 554 per
876 477 1042 539 villas
1076 478 1375 553 intrasset,
1413 480 1575 551 signa
1610 479 2017 555 pulsabantur,
2051 483 2104 542 A
2138 495 2273 537 sens
2318 498 2447 540 00111
2501 483 2801 553 fratribus,
2848 485 3228 556 quoadusque
3278 483 3409 541 navi
3457 482 3790 556 impositum

369 576 621 651 populus
651 588 680 631 a
705 573 849 631 vicis
871 578 931 629 et
955 562 1109 641 agris
1131 570 1492 628 conveniens
1514 570 1818 627 venientes
1846 584 2023 642 cppe-

370 669 634 724 riebatur
661 678 793 722 cum
823 661 1117 731 crucibus,
1152 658 1457 717 thuribulo
1502 663 1559 715 et
1614 658 2019 716 luminaribus.

374 756 520 813 Illud
556 758 748 811 autem
795 748 1144 819 mirabilius,
1197 748 1351 820 quod
1399 764 1530 806 eum
1577 764 1608 804 a
1659 747 1826 815 longe
1875 745 2025 803 vide-

374 851 504 903 rent
536 844 839 902 venientes
874 840 1094 899 funeris
1123 839 1572 910 obsequutores,
1615 836 1691 893 hii
1729 836 1825 908 qui
1854 841 2024 891 erant

369 938 425 991 in
458 935 616 1005 agris
642 931 735 989 vel
769 931 824 986 in
859 929 1091 1002 pascuis
1120 943 1425 999 equorum,
1453 926 1661 983 rustici
1704 927 1885 981 boves
1935 938 2024 979 re-

369 1024 733 1096 linquebant,
767 1019 1001 1090 equites
1050 1032 1236 1089 equos
1281 1014 1697 1083 ascendebant,
1741 1017 1797 1069 et
1849 1013 2022 1069 funus

369 1112 577 1184 injussi
630 1108 1161 1183 prosequebantur,
1213 1110 1273 1161 et
1332 1120 1403 1160 ne
1458 1103 1665 1160 saltem
1720 1101 1883 1158 oneri
1944 1101 2023 1157 vi-

370 1204 653 1259 derentur
683 1212 817 1256 esse
851 1195 1061 1266 bajulis
1092 1195 1491 1267 exequiarum,
1526 1206 1655 1263 qua)
1687 1189 2019 1247 necessaria

366 1296 534 1349 erant
567 1288 679 1361 ipsi
711 1287 822 1344 sibi
849 1285 1278 1358 praeparabant,
1306 1288 1515 1339 etcum
1541 1282 1873 1348 offerretur,
1910 1293 2020 1333 non

368 1378 757 1452 accipiebant.
824 1378 962 1431 Cum
1021 1372 1123 1429 tali
1186 1372 1367 1442 igitur
1431 1368 1730 1441 triumpho
1795 1366 2020 1423 Tullum

368 1470 681 1537 venerunt,
729 1471 788 1522 et
816 1464 889 1521 ab
937 1463 1215 1534 episcopo
1264 1465 1321 1516 et
1369 1461 1580 1539 abbate
1630 1457 1825 1514 Sancti
1876 1459 2024 1511 Man-

368 1558 519 1617 sueti
547 1559 751 1628 parata
776 1551 1183 1623 sollempniter
1207 1549 1607 1621 processione,
1634 1551 1758 1603 tota
1783 1560 2025 1614 congre-

367 1649 606 1717 gatione
636 1643 788 1702 albis
816 1642 1042 1709 induta,
1072 1639 1371 1707 crucibus,
1406 1636 1637 1692 vexillis
1685 1639 1743 1692 et
1791 1634 2023 1690 diverso

368 1734 572 1806 gloriae
605 1735 891 1804 apparatu
924 1728 1119 1797 elatis,
1171 1741 1387 1797 corpus
1421 1730 1683 1781 sanctum
1708 1722 2019 1794 excipitur,

378 1829 514 1879 ante
542 1822 728 1877 altare
751 1817 1083 1889 deponitur,
1110 1820 1167 1870 et
1193 1814 1458 1883 exequiis
1499 1811 1897 1882 solcmpnlhus
1928 1810 2023 1865 ho-

372 1916 635 1969 noratur.
670 1910 874 1977 Itaque
926 1905 1003 1961 ibi
1056 1908 1462 1976 pernoctatum
1511 1907 1618 1957 cst.
1676 1901 1861 1969 (Mart.
1908 1904 2021 1969 30.)

369 2000 479 2057 Ubi
508 1997 722 2066 illuxit,
756 1995 829 2052 ad
862 1994 1097 2049 missam
1130 1992 1338 2047 devota
1380 1991 1621 2045 fratrum
1672 1989 1888 2045 caritas
1935 2002 2023 2042 ac-

372 2088 653 2157 cingitur,
685 2089 742 2141 et
775 2081 1227 2139 occurrentibus
1259 2080 1528 2135 certatim
1568 2078 1856 2145 fidelibus,
1887 2092 2019 2132 cum

374 2192 595 2235 summa
630 2173 942 2230 devotione
972 2172 1027 2226 in
1083 2170 1252 2226 laude
1304 2168 1406 2223 Dei
1452 2172 1509 2223 et
1564 2166 1820 2223 ﬁdelium
1863 2164 2024 2221 01110-

370 2267 529 2323 tione
561 2262 1025 2337 percelebratur.
1058 2259 1455 2330 Expectabant
1490 2257 1754 2313 ecclesia:
1788 2255 2022 2325 majoris

370 2355 557 2414 sancti
591 2351 868 2425 Stephani
900 2348 1164 2407 canonici
1190 2346 1405 2403 deferri
1433 2346 1543 2401 sibi
1567 2345 1794 2414 glebam
1818 2359 2024 2415 corpo-

372 2448 474 2516 ris,
510 2448 575 2500 ut
603 2447 661 2499 et
695 2442 767 2498 ab
798 2439 945 2511 ipsis
975 2437 1241 2507 exequiis
1271 2435 1489 2492 debitis
1521 2435 1931 2503 honoraretur,
1964 2438 2019 2487 et

370 2549 476 2605 per
506 2529 857 2588 monasteria
889 2526 1149 2584 civitatis
1178 2524 1625 2596 deportaretur;
1660 2523 1762 2578 sed
1797 2523 1868 2577 ab
1913 2522 2020 2591 his,

371 2635 618 2694 quorum
646 2622 771 2676 erat
802 2617 913 2672 iter
962 2615 1317 2683 accelerare,
1368 2612 1713 2684 permissum
1756 2626 1867 2667 non
1913 2617 2022 2679 081,

370 2711 527 2783 quod
559 2708 706 2765 satis
736 2720 875 2777 egre
893 2705 965 2760 ab
988 2704 1265 2775 episcopo
1285 2706 1342 2757 et
1365 2702 1664 2758 canonicis
1698 2703 2022 2771 acceptum.

369 2797 791 2870 (101147.)Εο
844 2794 937 2851 die
986 2792 1157 2861 longo
1207 2790 1411 2847 ordine
1464 2788 1919 2861 praecedentium
1970 2793 2028 2841 et

373 2883 879 2955 subsequentium,
913 2883 1151 2937 ventum
1178 2882 1274 2935 est
1301 2878 1372 2934 ad
1401 2882 1814 2933 monasterium
1840 2880 2028 2941 sancti

372 2972 669 3033 Michaelis
716 2970 865 3041 (22:)
916 2982 1094 3039 super
1143 2968 1353 3023 Mosam
1410 2965 1642 3022 ﬂuvium
1696 2965 1892 3034 situm,
1946 2962 2027 3019 uti

369 3070 513 3121 tunc
527 3066 763 3118 0111000
784 3057 1064 3130 praesidet
1086 3056 1233 3111 abba
1248 3054 1523 3110 tisoﬂicio
1538 3054 1783 3109 domnus
1798 3053 1859 3107 Ο.
1880 3052 2027 3123 (222)

370 3155 539 3210 bona)
564 3146 962 3222 simplicitatis
994 3145 1101 3215 vir,
1128 3143 1476 3200 innocentue
1506 3148 1565 3199 et
1590 3142 1893 3212 religionis
1937 3142 2030 3214 do_

366 3241 668 3303 micilium.
704 3238 776 3295 de
796 3236 999 3294 eodem
1022 3234 1286 3299 cenobio,
1317 3233 1411 3290 ubi
1436 3233 1525 3290 vir
1551 3232 1647 3287 Dei
1670 3232 1740 3288 de
1765 3247 1879 3302 quo
1910 3231 2030 3301 agi-

367 3338 463 3388 tur
493 3327 892 3387 monachicum
924 3340 1115 3380 scema
1150 3325 1523 3394 susceperat,
1550 3325 1755 3392 raptus
1780 3320 1851 3377 ad
1880 3321 2031 3389 regi-

366 3433 495 3477 men
523 3417 874 3474 animarum!
905 3414 1010 3480 Qui
1034 3412 1209 3469 etiam
1238 3417 1396 3467 tanta
1422 3426 1483 3467 se
1505 3411 1753 3467 invicem
1781 3409 2031 3466 caritate

366 3508 719 3575 dilexerant,
754 3508 839 3573 ut,
876 3502 1239 3571 intelligeres
1262 3500 1550 3571 quandam
1577 3500 1629 3554 in
1652 3500 1739 3555 eis
1760 3498 2032 3555 caritatis

367 3602 428 3654 et
460 3593 871 3653 benivolentiae
904 3590 1365 3647 communionem
1399 3594 1458 3645 et
1489 3588 1739 3645 similem
1772 3588 2032 3644 10110010-

365 3686 465 3742 tiae
497 3691 554 3740 et
585 3680 889 3752 religionis
916 3677 1311 3747 concordiam,
1349 3677 1501 3733 unde
1519 3682 1579 3732 et
1604 3676 1716 3732 iste
1744 3674 1904 3731 illum
1936 3692 2031 3747 pa-

364 3773 443 3830 tri
469 3771 669 3829 debito
693 3769 1085 3825 reverebatur
1108 3765 1349 3834 honore,
1377 3769 1436 3820 et
1460 3765 1637 3820 istum
1664 3764 1761 3820 ille
1785 3764 2027 3835 quadam

364 3860 758 3918 tenerrimaet
777 3854 1289 3928 inreprehensibili
1323 3853 1585 3926 amplexa
1598 3855 1769 3911 batur
1801 3853 2033 3911 ﬂliatiO'

368 3964 460 4021 ne,
487 3952 693 4020 utpote
713 3945 810 4017 qui
841 3947 1007 4001 bonae
1031 3943 1186 4011 vitm,
1216 3944 1381 3999 bona)
1400 3943 1582 4005 famae,
1602 3944 1767 3999 bona:
1790 3958 2029 3999 conver-

368 4035 796 4093 sationiserant
812 4031 1110 4103 etgratim.
1133 4031 1235 4087 Hic
1249 4036 1310 4087 ut
1328 4030 1551 4087 audivit
1568 4031 1752 4102 patris
1765 4031 2024 4088 defuncti

367 4125 576 4182 adesse
606 4121 1042 4195 corpusculum,
1078 4119 1244 4191 quasi
1285 4121 1380 4190 qui
1430 4125 1817 4192 suscepturus
1864 4126 2023 4177 esset

368 4212 802 4286 preciosissima
837 4211 1080 4282 pignora
1111 4213 1465 4280 sanctorum,
1500 4210 1583 4265 sic
1608 4210 1863 4266 instituit
1898 4225 2025 4276 pro-

367 4302 652 4360 cessionis
675 4300 923 4357 officium
947 4298 1240 4369 crucibus,
1260 4299 1508 4369 vexillis,
1533 4298 2020 4365 timiamatheriis,

364 4390 737 4449 ceroferariis
760 4395 815 4445 et
834 4389 988 4445 omni
1005 4388 1207 4459 gloriae
1233 4393 1537 4460 apparatu,
1555 4394 1612 4444 et
1633 4388 1716 4445 sic
1730 4387 2024 4444 decoratis

364 4482 635 4539 omnibus
657 4479 867 4537 sericis
887 4492 1147 4549 auroque
1172 4477 1350 4533 textis
1372 4477 1642 4533 vestibus
1663 4477 1871 4533 obvius
1898 4492 2027 4548 pro-

2060 3193 2110 3257 C

2135 573 2401 643 aspectui
2427 573 2534 629 sub
2558 574 2899 641 duceretur,
2925 574 3125 644 dirigit
3148 574 3489 644 Virdunum,
3526 574 3796 631 omnibus

2137 662 2283 716 trito
2315 662 2462 716 calle
2493 662 2921 731 gradientibus,
2956 668 3014 718 et
3037 661 3366 735 psalmodize
3390 663 3641 719 oﬁleium
3684 679 3790 719 non

2136 750 2570 807 deserentibus.
2593 753 2840 807 Ventum
2868 753 3157 821 estigitur
3179 751 3249 807 ad
3270 751 3558 824 quandam
3598 753 3791 808 villam

2138 839 2435 895 Giniscort
2468 841 2699 897 nomine
2734 843 3093 913 populosam,
3146 857 3319 912 supra
3367 843 3677 913 praefatum
3718 844 3793 898 al-

2134 942 2300 983 veum
2328 929 2520 999 sitam,
2546 930 2742 985 tribus
2768 931 2955 1000 leugis
2974 932 3046 986 ab
3070 932 3212 986 urbe
3234 931 3404 1000 longe
3428 931 3703 1002 positam,
3737 942 3787 987 et

2134 1015 2250 1071 illis
2280 1019 2721 1074 remorantibus
2745 1018 3166 1089 sliquantulum
3189 1020 3284 1089 qui
3309 1034 3408 1091 per
3422 1021 3700 1077 sinuosos
3736 1030 3789 1076 et

2133 1107 2385 1162 reﬂexos
2407 1107 2661 1163 ﬂuminis
2685 1109 2983 1163 anfractus
3008 1123 3222 1180 corpus
3240 1108 3626 1181 deducebant,
3661 1125 3791 1166 cum

2131 1194 2214 1251 illi
2244 1194 2358 1264 jam
2393 1196 2689 1252 venissent
2716 1197 2814 1267 qui
2839 1198 3118 1267 exequias
3149 1198 3529 1267 deducebant,
3558 1204 3619 1255 et
3647 1186 3793 1255 remi

2130 1290 2339 1352 gantes
2354 1289 2762 1355 expectarent,
2782 1285 3249 1342 vellentetiamet
3271 1292 3667 1343 ammonerent
3683 1290 3794 1344 cle.

2135 1372 2291 1428 ricos
2320 1373 2497 1442 villae,
2537 1374 2712 1429 trium
2747 1373 2976 1429 scilicet
3009 1375 3426 1444 arcclesiarum,
3459 1381 3524 1431 ut
3559 1378 3791 1448 corpori

2133 1462 2362 1517 obviam
2391 1472 2600 1518 euntes
2628 1462 3061 1533 funebriajusta
3088 1463 3506 1535 persolverent,
3538 1466 3793 1521 sicutict

2135 1549 2230 1605 alii
2254 1552 2512 1605 fecerant
2534 1550 2709 1606 etiam
2729 1566 2842 1607 non
2867 1552 3166 1608 ammoniti
3195 1571 3206 1605 :
3240 1552 3484 1622 maligna
3524 1555 3791 1624 quaedam

2133 1644 2190 1693 et
2222 1639 2455 1708 indigna
2486 1639 2813 1695 obieieutes
2856 1640 3211 1710 sacerdotes,
3260 1656 3568 1711 numquam
3619 1643 3694 1698 ad
3739 1642 3788 1696 id

2133 1729 2261 1797 cogi
2290 1733 2628 1799 potuerunt,
2660 1729 3162 1798 utconsuetojure
3183 1730 3791 1786 humanitatisoratio-

2054 1844 2105 1902 Β
2138 1832 2263 1873 nem
2283 1817 2725 1888 progredientes
2738 1818 3077 1882 darent;scd
3095 1817 3402 1887 malignum
3416 1833 3546 1875 eum
3561 1833 3791 1875 asseve-

2138 1910 2489 1974 rantes,eum
2506 1920 2658 1973 esse,
2677 1906 2774 1975 qui
2788 1921 2924 1975 erga
2942 1907 3250 1977 episcopos
3264 1907 3583 1964 rebellione
3605 1914 3792 1965 utere-

2136 1995 2421 2064 tur,ipsos
2438 1994 3215 2065 sacerdotio,imperatorem
3232 2010 3407 2065 regno
3420 1997 3584 2065 quasi
3600 1997 3794 2053 detru.

2134 2082 2274 2138 dere
2304 2082 2629 2152 moliretur,
2664 2082 3107 2139 conclamabant
3141 2084 3364 2138 beatam
3397 2099 3525 2140 esse
3577 2084 3778 2141 horam

2135 2171 2354 2227 funeris
2375 2170 2521 2239 ejus,
2552 2171 2605 2225 in
2630 2186 2745 2241 quo
2769 2172 2956 2227 omnis
2973 2171 3311 2227 rebellionis
3324 2177 3380 2227 01
3397 2173 3789 2231 dissensionis

2132 2260 2367 2315 occasio
2390 2258 2739 2330 deperisset.
2759 2260 2858 2315 His
2881 2259 2958 2316 ita
2975 2259 3325 2329 garrulitate
3348 2262 3642 2318 rusticana
3665 2278 3790 2333 per-

2134 2349 2781 2419 strepentibus,corpus
2799 2349 3657 2419 pertransiit,prosequentium
3674 2357 3791 2407 tur-

2137 2438 2207 2492 ba
2231 2443 2463 2508 ceptum
2500 2438 2612 2493 iter
2643 2441 2995 2508 prosequuta
3028 2443 3137 2505 est,
3173 2439 3599 2495 rusticanorum
3631 2455 3789 2496 vesa-

2138 2528 2286 2582 niam
2305 2525 2525 2582 ultione
2541 2525 2734 2582 divina
2748 2526 3033 2593 evestigio
3047 2532 3462 2596 consequente.
3481 2528 3620 2583 Cum
3642 2530 3787 2583 enim

2138 2618 2243 2672 hec
2269 2630 2331 2670 se
2358 2615 2568 2671 fecisse
2590 2614 2868 2683 gaudent,
2907 2620 2965 2670 et
2988 2615 3233 2685 quadam
3267 2616 3515 2686 superba
3557 2616 3790 2673 levitate

2140 2709 2300 2761 recte
2331 2718 2391 2759 se
2426 2703 2633 2759 fecisse
2665 2703 3167 2774 applauduntsihi
3208 2702 3394 2775 palam
3424 2709 3487 2759 et
3533 2705 3785 2775 publice,

2142 2794 2213 2847 im
2224 2793 2553 2864 penitentes
2567 2792 2716 2862 ignis
2732 2791 2887 2847 ultor
2901 2792 3108 2847 invasit
3123 2797 3183 2847 et
3199 2797 3375 2847 totam
3400 2791 3595 2848 villam
3609 2794 3792 2850 incen-

2141 2881 2324 2936 dioab
2357 2881 2585 2949 integro
2618 2884 3043 2936 concrematam
3073 2881 3317 2936 necdum
3350 2894 3544 2937 mense
3585 2891 3790 2939 exacto

2141 2971 2319 3027 fuisse
2332 2973 2585 3025 constat.
2603 2970 2723 3024 Non
2739 2968 3104 3038 credenthis,
3123 2970 3217 3039 qui
3233 2983 3343 3024 non
3356 2970 3787 3028 creduntDeum

2140 3058 2455 3116 vindictam
2480 3058 2805 3114 retribuere
2820 3058 2873 3112 in
2892 3058 3091 3113 hostes
3109 3058 3301 3129 populi
3318 3058 3427 3128 sui,
3452 3060 3785 3129 sanguinem

2142 3162 2445 3203 servorum
2474 3160 2713 3202 suorum
2743 3150 3008 3217 paratum
3042 3144 3266 3202 ulcisci.
3309 3148 3430 3202 Jam
3480 3147 3551 3203 ad
3602 3163 3788 3205 mona-

2142 3236 2386 3293 sterium
2419 3235 2665 3291 nuncius
2697 3234 3132 3291 adventantium
3163 3235 3536 3305 exequiarum
3577 3252 3791 3308 praecu-

2140 3331 2428 3394 currerat,
2448 3323 2563 3392 jam
2589 3338 2733 3392 grex
2760 3322 3011 3379 filiorum
3044 3323 3193 3395 patri
3220 3324 3313 3394 pie
3333 3323 3583 3381 devotus
3613 3326 3669 3381 iu
3702 3342 3791 3383 oc-

2140 3429 2380 3470 cursum
2405 3412 2675 3483 corporis
2697 3426 2879 3483 appro
2891 3412 3411 3483 pinquantislongo
3430 3428 3707 3484 processu
3733 3430 3792 3471 se

2142 3503 2541 3573 proripuerat,
2566 3506 2623 3557 et
2648 3508 3071 3571 prmtergressa
3094 3500 3334 3557 civitate
3352 3501 3421 3557 ad
3451 3503 3789 3560 suburbium

2142 3592 2642 3648 ultramuraneum
2659 3589 2970 3661 opperiens
2984 3584 3286 3645 venientes
3303 3590 3356 3645 in
3370 3590 3635 3647 {ecclesia
3665 3607 3792 3647 san-

2141 3678 2222 3734 011
2238 3678 2492 3735 Victoris
2505 3678 2871 3733 consederat.
2893 3678 3029 3732 Erat
3046 3677 3101 3732 in
3116 3677 3317 3733 eadem
3339 3678 3791 3747 congregatione

2142 3767 2325 3823 frater
2338 3765 2651 3837 aliquantae
2669 3765 3022 3825 utilitatissi
3038 3766 3249 3822 scisset
3269 3767 3586 3837 reprimam
3599 3772 3790 3824 motus

2139 3854 3095 3927 animiindignantis,etappetitus
3138 3856 3401 3925 frangere
3432 3856 3624 3913 carnis
3642 3857 3786 3913 male

2140 3944 2519 4005 blandientis.
2550 3948 2609 4000 ut
2646 3944 2801 4015 quod
2834 3944 3176 4015 plerumque
3199 3944 3346 4000 male
3367 3950 3603 4016 ceperat
3644 3946 3785 4002 bene

2139 4036 2338 4090 nosset
2363 4032 2694 4088 dimittere.
2727 4032 2823 4102 qui
2847 4036 2904 4087 et
2929 4032 3487 4103 ordinationiejusin
3512 4032 3696 4103 initio,
3730 4034 3781 4088 in

2136 4122 2326 4179 medio
2355 4125 2416 4177 et
2448 4123 2500 4176 in
2534 4121 2645 4176 fine
2674 4136 2902 4192 semper
2922 4121 3119 4177 extitit
3151 4122 3502 4191 contrarius,
3532 4128 3593 4177 et
3614 4124 3784 4178 omni-

2137 4212 2244 4267 bus
2268 4226 2450 4282 prope
2474 4211 2646 4267 factis
2665 4210 2791 4279 ejus
2807 4216 2867 4266 et
2887 4211 3199 4281 praeceptis
3225 4226 3329 4268 seu
3352 4210 3783 4268 constitutioni-

2137 4300 2246 4357 bus
2273 4304 2401 4356 erat
2431 4299 2834 4363 adversarius;
2855 4300 2957 4356 sed
2982 4300 3141 4370 quod
3158 4299 3462 4356 destruere
3486 4314 3595 4355 non
3623 4305 3782 4371 pote-

2138 4389 2392 4459 rat,quia
2407 4389 2579 4444 aliter
2594 4388 3038 4458 nequibat,egre
3054 4388 3364 4445 videbatur
3378 4392 3771 4446 asscntaneus.

2139 4479 2277 4533 Erat
2299 4478 2498 4547 etiam,
2522 4482 2585 4534 ut
2607 4477 2935 4547 videbatur,
2956 4482 3015 4533 et
3040 4482 3103 4534 ut
3138 4478 3457 4547 asserebat,
3489 4477 3778 4533 infirmitao

361 4571 508 4628 cedit
534 4569 771 4640 corpori
795 4573 959 4624 totus
983 4566 1248 4636 festivus,
1267 4570 1517 4636 excepto
1534 4566 1686 4636 quod
1707 4580 1838 4622 cum
1858 4566 2027 4632 lacri_
2056 4550 2109 4610 D
2142 4568 2301 4624 tibus
2317 4567 2512 4623 carnis
2528 4566 2952 4637 aliquantulum
2969 4567 3347 4638 praepeditus,
3368 4566 3519 4623 sicut
3537 4565 3777 4637 plerum-

363 4661 471 4716 mis
503 4664 564 4715 et
585 4658 841 4728 gemitu;
877 4669 1223 4727 quamquam
1250 4659 1308 4710 et
1340 4654 1445 4710 hoc
1479 4654 1555 4709 sit
1582 4655 1848 4712 festivum
1874 4670 2023 4734 esse,

364 4748 645 4820 exequias
680 4746 1108 4815 religiosorum,
1143 4759 1343 4801 eorum
1376 4743 1622 4799 maxime
1656 4744 1754 4813 qui
1804 4743 2030 4802 labora-

370 4842 581 4895 verunt
618 4836 671 4891 in
708 4836 886 4891 verbo
906 4839 965 4889 et
983 4847 1182 4905 opere,
1203 4832 1355 4887 etde
1381 4846 1626 4902 quorum
1650 4832 1770 4887 vita
1794 4848 1906 4889 non
1926 4833 2028 4890 du-

367 4927 610 4994 bitatur,
647 4924 703 4978 in
739 4937 985 4993 quorum
1015 4920 1389 4976 estimatione
1413 4918 1540 4975 laus
1563 4926 1764 4976 nostra
1797 4937 1907 4977 non
1933 4938 2027 4993 pe-

366 5015 686 5083 riclitatur,
707 5011 1011 5067 celebrare
1036 5008 1440 5080 sollempniter
1459 5010 1513 5064 in
1538 5009 1755 5080 gemitu
1776 5016 1833 5066 et
1851 5011 2023 5083 animi

360 5102 732 5163 contritione.
752 5098 1040 5157 Volebaut
1056 5097 1234 5169 aliqui
1260 5097 1579 5168 reprimere
1596 5098 1872 5170 impetum
1889 5100 2020 5171 viri,

361 5193 462 5249 sed
495 5191 591 5261 qui
625 5194 869 5246 noverat
904 5187 1166 5244 defuncti
1198 5186 1608 5257 innocentiam,
1647 5188 1826 5243 nichil
1852 5189 2025 5255 nimis

363 5284 654 5337 facturum
686 5294 748 5335 se
780 5277 1064 5335 credebat
1092 5276 1163 5331 ad
1188 5274 1313 5345 ejus
1346 5291 1449 5347 pro
1475 5277 1587 5331 Deo
1612 5277 2024 5334 reverentiam-

364 5370 551 5440 (Mart.
586 5367 693 5438 31.)
730 5367 886 5423 Fecit
918 5380 1060 5437 ergo
1094 5369 1264 5420 nocte
1298 5362 1416 5434 illa,
1453 5364 1606 5435 quod
1634 5365 1823 5435 potuit
1858 5370 1915 5423 et
1940 5366 2023 5424 di-

361 5456 545 5514 ctavit
571 5455 881 5514 aestuantis
912 5456 1157 5511 aﬂ'ectus
1191 5452 1385 5522 animi,
1421 5456 1481 5507 et
1523 5450 1712 5510 locata
1770 5468 1913 5512 nave
1962 5460 2018 5514 et

363 5546 557 5604 nautis
584 5544 795 5616 bajulis
819 5543 1038 5600 funeris
1061 5557 1164 5615 per
1186 5543 1398 5598 Mosam
1425 5539 1681 5611 ﬂuvium,
1709 5542 1834 5613 ipse
1876 5560 2019 5616 pm-

2141 4672 2253 4728 que
2285 4655 2501 4713 assolet
2530 4670 2603 4712 ex
2635 4655 3031 4724 indignatione
3062 4660 3122 4712 et
3152 4656 3396 4713 adversa
3420 4654 3767 4712 habitudine.

2141 4760 2245 4802 seu
2277 4745 2651 4816 passionibus
2675 4743 2922 4801 hominis
2955 4744 3254 4802 interioris
3283 4744 3633 4801 exteriorem
3660 4759 3776 4801 cor-

2139 4834 2326 4905 rumpi
2358 4839 2414 4888 et
2445 4832 2764 4902 indignari;
2799 4833 2932 4889 dum
2966 4848 3078 4889 non
3119 4837 3207 4889 est
3260 4834 3357 4903 qui
3404 4833 3774 4890 medicamen-

2135 4927 2259 4980 tum
2291 4922 2582 4991 adhibeat,
2621 4928 2718 4978 aut
2748 4921 3028 4991 malagma
3059 4922 3244 4992 plagm
3274 4921 3472 4978 liventl
3503 4922 3769 4992 imponat,

2138 5012 2289 5083 quod
2343 5011 2426 5066 illi
2474 5024 2643 5082 quam
2685 5011 2930 5068 maxime
2976 5011 3283 5079 contingit,
3333 5011 3430 5082 qui
3483 5010 3772 5082 passiones

2135 5102 2341 5157 anima:
2366 5100 2515 5172 patri
2542 5100 2835 5170 spirituali
2859 5099 3053 5156 diﬂ‘ert
3076 5099 3363 5156 confiteri.
3382 5101 3504 5169 llic,
3530 5098 3767 5156 dumalii

2136 5190 2527 5259 accinguntur
2556 5188 2937 5260 expeditioni,
2974 5204 3084 5258 qua
3131 5188 3283 5261 patri
3334 5188 3563 5246 obviam
3618 5193 3767 5255 eant,

2134 5293 2309 5349 opera
2320 5293 2369 5333 m
2391 5278 2529 5335 dare
2544 5278 2679 5334 dum
2694 5283 2979 5335 conantur
2996 5281 3052 5332 et
3078 5292 3313 5335 necessa
3325 5277 3401 5334 ria
3423 5280 3767 5348 praeparant,

2133 5368 2203 5424 ad
2236 5368 2490 5439 priorem
2521 5367 2805 5425 accedens
2830 5381 3042 5425 causas
3074 5366 3429 5425 infirmitatis
3482 5366 3766 5433 enunciat,

2133 5471 2245 5514 non
2278 5472 2449 5530 posse
2479 5472 2541 5514 se
2565 5457 2681 5513 iter
2702 5454 2845 5513 illud
2870 5458 3160 5513 conficere
3184 5460 3471 5526 autumat,
3497 5461 3556 5512 ut
3583 5453 3770 5511 remit-

2130 5549 2294 5603 tatur
2307 5550 2531 5603 exorat.
2550 5545 2718 5603 Prior
2736 5544 3240 5615 tergiversationis
3251 5544 3377 5618 ejus
3388 5557 3501 5601 non
3516 5544 3765 5615 ignarus,

1964 5644 2187 5703 ΝΟΤᾹΞ.

433 5715 580 5792 (22:)
610 5715 664 5776 s.
701 5711 890 5773 Mihel.

2197 5716 2346 5789 (229)
2380 5714 2707 5774 Odelricus.
