3894 6402
135 370 248 437 39⁸7

1374 370 1870 440 CHRONICON.
1907 411 1985 424 -
2012 372 2178 442 LIB.
2216 374 2292 440 II.

3416 380 3533 446 398

133 527 245 583 quo
260 510 405 583 pede
426 507 788 567 claudicaret
809 511 953 569 bene
970 514 1210 587 sciolus,
1236 530 1340 575 nec
1353 516 1645 575 concessit
1665 529 1770 571 nec
1800 527 1856 589 Α
1886 510 1987 581 ligi
2016 510 2189 583 quod,
2222 511 2356 584 quia
2378 511 2527 584 ipse,
2550 512 2719 585 cujus
2737 518 2862 569 erat
2888 512 3356 587 funus,ordinate
3379 530 3535 575 Vixe-

132 599 351 669 abnuit,
388 600 491 656 sed
523 599 575 655 ei
607 603 795 657 totum
828 600 1125 676 imposuit,
1160 612 1221 662 ut
1243 610 1365 679 ipse
1385 607 1610 664 videret
1635 603 1771 676 quid

134 693 352 760 ageret,
378 689 683 759 negocium
711 690 867 746 istud
898 691 1102 749 dicens
1132 694 1284 752 inter
1308 699 1485 753 Deum
1508 700 1569 751 et
1587 694 1772 766 ipsum

132 783 418 845 constare,
438 778 535 848 qui
550 777 746 834 cordis
760 779 983 836 videret
1000 783 1229 841 occulta
1249 803 1263 850 ;
1282 787 1635 856 praecaveret
1654 783 1774 854 ipse

135 867 267 937 sibi,
289 866 336 923 si
360 880 496 923 vera
519 866 1136 938 essetimpossibilitas
1151 888 1319 943 quam
1337 872 1772 945 praetendebat;

136 957 308 1012 Deum
343 959 607 1026 paratum
640 954 843 1011 ulcisci
875 972 1100 1015 omnem
1140 961 1536 1031 dolositatem,
1566 961 1775 1031 (inobe-

134 1043 407 1099 dientiam
438 1046 496 1099 et
525 1044 886 1101 mendacium
914 1063 927 1111 ;
964 1062 1024 1103 se
1054 1064 1230 1120 super
1259 1066 1321 1107 se
1350 1049 1527 1106 nichil
1568 1050 1773 1105 horum

134 1131 417 1203 accipere,
447 1133 547 1188 sed
570 1133 688 1188 Deo
716 1139 775 1189 et
798 1133 909 1204 ipsi
937 1139 1452 1209 totumimponere.
1473 1138 1592 1209 (fol.
1628 1138 1768 1208 147).

130 1222 275 1277 Itum
304 1234 443 1290 ergo
475 1226 585 1291 est,
620 1220 721 1277 illo
754 1229 1110 1295 remanente,
1141 1231 1200 1281 et
1231 1241 1457 1283 omnem
1482 1225 1643 1281 illum
1668 1240 1772 1297 pro

133 1312 362 1365 mortuo
390 1314 733 1380 apparatum
766 1312 931 1381 quasi
962 1313 1225 1381 graviter
1257 1316 1497 1371 ferente.
1535 1313 1645 1369 Sed
1675 1312 1771 1384 qui

130 1396 198 1452 ad
231 1397 418 1467 patris
450 1396 534 1453 ire
563 1397 794 1455 distulit
826 1401 1121 1471 exequias,
1154 1403 1278 1474 ipse
1300 1418 1370 1459 eo
1394 1403 1492 1473 qui
1514 1402 1625 1459 sibi
1646 1417 1774 1458 con-

132 1484 440 1541 fessionem
474 1487 663 1556 daret,
696 1487 967 1544 viaticum
1000 1491 1331 1560 porrigeret
1353 1490 1623 1546 morienti
1642 1504 1775 1546 exe-

130 1573 294 1643 quias
323 1574 561 1645 faceret,
585 1576 868 1645 obsequio
896 1578 1087 1633 caruit
1115 1598 1126 1632 :
1168 1580 1360 1635 subita
1384 1584 1446 1635 et
1476 1578 1772 1650 inepinata

132 1668 316 1718 morte
332 1662 666 1734 defunctus,
688 1665 937 1721 utetiam
953 1672 1085 1737 post
1106 1668 1312 1724 mortis
1324 1667 1451 1738 ejus
1462 1667 1773 1723 maximum

129 1750 499 1807 intervallum
530 1751 628 1807 vix
645 1753 944 1810 adveniret
976 1755 1074 1825 qui
1099 1756 1286 1813 funeri
1308 1756 1434 1825 ejus
1453 1757 1610 1827 justa
1650 1770 1776 1827 per-

129 1839 406 1909 solveret,
436 1840 556 1895 Deo
586 1841 643 1895 in
676 1840 785 1897 hoc
813 1843 989 1899 etiam
1022 1844 1176 1900 servi
1227 1846 1315 1900 sui
1356 1845 1600 1915 injurias
1631 1843 1773 1901 ulci-

131 1931 350 1983 scente.
378 1928 682 1984 Fratribus
706 1928 905 2000 igitur,
930 1935 992 1987 ut
1016 1932 1086 1987 ad
1110 1947 1228 1987 rem
1254 1933 1577 2001 redeamus,
1597 1932 1650 1986 in
1666 1945 1773 1987 tec-

127 2014 303 2072 clesia
338 2017 527 2072 sancti
559 2017 816 2073 Victoris
844 2035 1061 2090 corpus
1113 2022 1299 2091 patris
1346 2021 1766 2092 operientibus.

129 2104 404 2176 episcopo
432 2120 572 2161 vero
598 2120 732 2162 cum
763 2106 998 2163 clericis
1026 2114 1084 2163 et
1109 2108 1359 2179 diverso,
1388 2113 1448 2166 ut
1474 2110 1530 2165 in
1552 2109 1771 2165 talibus

133 2192 346 2249 assolet
377 2200 663 2265 apparatu
696 2196 837 2266 ripa:
876 2197 1130 2253 fluminis
1179 2198 1527 2267 astantibus,
1581 2203 1771 2254 nautae

132 2280 446 2339 adveniunt
470 2298 598 2339 cum
614 2298 865 2355 corpore
882 2302 895 2350 ;
914 2291 972 2340 et
989 2291 1108 2343 tota
1128 2287 1267 2343 urbe
1287 2287 1556 2343 certatim
1572 2301 1774 2343 occur-

130 2373 311 2440 rente,
346 2374 405 2426 ut
441 2386 514 2427 ex
545 2374 985 2430 concertatione
1014 2375 1285 2432 affectum
1332 2375 1586 2432 omnium
1636 2388 1773 2444 erga

130 2465 419 2516 mortuum
454 2460 835 2531 intelligeres,
874 2464 1045 2519 funus
1074 2464 1397 2535 excipitur;
1435 2469 1493 2519 et
1534 2478 1777 2533 congre-

127 2546 464 2615 gationibus
489 2550 975 2621 praecedentibus,
1008 2559 1072 2607 ut
1102 2553 1687 2622 morisest,crucibus
1717 2558 1772 2607 et

132 2634 355 2706 reliquo
378 2643 664 2708 apparatu
691 2639 849 2695 circa
872 2654 1086 2711 corpus
1104 2642 1559 2711 remanentibus,
1583 2640 1653 2696 ad
1670 2656 1776 2698 aec-

129 2721 361 2781 clesiam
387 2725 667 2795 majorem
688 2735 905 2784 sanctae
930 2729 1119 2784 Mariae
1145 2730 1256 2785 iter
1279 2729 1672 2800 protenditur,
1690 2735 1779 2787 to-

126 2812 185 2865 ta
218 2813 356 2868 urbe
386 2812 573 2880 signis
597 2814 989 2883 pulsantibus.
1025 2816 1236 2872 Videre
1258 2823 1385 2873 erat
1406 2817 1775 2873 suburbanos

130 2897 405 2970 homines,
443 2903 499 2954 et
537 2903 713 2957 etiam
758 2903 1112 2973 rusticanos,
1164 2905 1418 2977 compati
1474 2904 1774 2962 doloribus

131 2990 538 3045 monachorum
573 3005 677 3059 pro
708 3005 810 3046 sua
836 2991 1224 3048 destitutione
1242 2994 1606 3062 merentium,
1632 2996 1771 3050 etex

130 3077 530 3147 compassione
564 3078 618 3132 in
653 3094 851 3133 vocem
882 3094 1010 3135 cum
1044 3080 1302 3137 lacrimis
1340 3096 1665 3152 erumpere,
1712 3085 1770 3136 et

134 3162 358 3223 dicere:
385 3167 545 3223 Boni
570 3168 865 3237 monaclti,
899 3183 1016 3225 mm
1045 3170 1307 3241 amplius
1342 3169 1773 3242 recuperabttis

1801 1890 1855 1950 B

1885 606 1976 656 rat
2008 600 2250 657 honeste
2276 605 2334 656 et
2363 601 2631 659 ordinate
2661 616 2725 659 se
2754 601 3059 673 habuerat,
3095 604 3285 661 omnia
3317 619 3447 676 quae
3478 609 3532 665 ei

1886 690 2313 760 competebant,
2347 691 2615 747 ordinata
2637 696 2694 746 et
2718 691 3038 762 composita
3060 706 3101 750 a
3126 692 3242 748 Deo
3264 693 3315 748 ei
3343 696 3535 765 provi-

1889 777 2188 834 derentur.
2224 779 2361 834 Nam
2392 784 2453 834 et
2482 794 2611 835 cum
2631 778 2701 835 de
2722 782 2888 850 petra
2913 793 3024 850 qua
3052 779 3245 837 claudi
3279 781 3531 839 debebat

1886 871 2182 935 ageretur,
2216 871 2273 923 et
2306 867 2402 922 vix
2433 866 2677 923 inveniri
2712 882 2879 940 posse
2911 868 3214 927 videretur
3242 870 3313 927 ad
3338 869 3530 930 locum

1887 956 1986 1011 ubi
2019 955 2265 1011 inveniri
2299 956 2616 1027 putabatur
2644 957 2898 1013 artiﬁces
2922 957 3149 1027 directi,
3176 958 3359 1030 prima
3384 959 3531 1018 irru-

1888 1044 2085 1114 ptione
2114 1059 2218 1100 seu
2245 1043 2403 1101 aditu
2426 1050 2602 1102 terrae
2626 1044 2880 1116 quinque
2911 1048 3530 1117 petrasexcavatasiu-

1889 1138 2172 1187 venerunt
2200 1148 2329 1188 cum
2363 1132 2677 1203 operculis,
2714 1148 2956 1203 quarum
3001 1149 3130 1205 qua;
3178 1135 3428 1208 dignior,
3471 1142 3530 1193 et

1887 1219 2090 1290 major,
2122 1225 2181 1276 et
2209 1221 2459 1278 habilior
2492 1221 2614 1277 visa
2644 1226 2753 1292 est,
2775 1223 3039 1293 receptui
3064 1222 3331 1294 corporis
3374 1225 3529 1282 beati

1888 1312 2085 1378 aptata
2106 1313 2213 1365 est.
2237 1309 2514 1365 Dicebant
2541 1310 2718 1380 aliqui
2744 1309 2988 1379 utjuxta
3014 1311 3288 1368 domuum
3324 1314 3533 1371 Beren-

1885 1395 2110 1464 garium
2143 1396 2501 1467 episcopum,
2536 1398 2632 1467 qui
2665 1398 2969 1453 institutor
2991 1398 3096 1455 fuit
3119 1399 3368 1471 cenobii,
3395 1405 3547 1456 ante.

1888 1484 2073 1540 altare
2100 1484 2330 1540 scilicet
2362 1487 2546 1542 sancti
2594 1486 2831 1542 Firmiui
2875 1486 3253 1558 sepeliretur,
3307 1503 3413 1560 pro
3460 1503 3529 1544 eo

1889 1572 2041 1642 quod
2075 1574 2448 1644 monasterio,
2485 1574 2581 1631 ubi
2613 1570 2947 1645 preciosum
2975 1590 3190 1647 corpus
3219 1576 3347 1647 ejus
3371 1578 3529 1651 quie-

1887 1660 2018 1731 scit,
2046 1662 2165 1716 vita
2185 1668 2520 1718 excesserat
2547 1680 2562 1729 ;
2588 1662 2689 1717 sed
2714 1662 2847 1733 quia
2870 1662 3033 1719 locus
3055 1662 3152 1719 ille
3168 1670 3528 1738 aconspectu

1886 1751 2363 1819 congregationis
2393 1750 2629 1808 nimium
2663 1756 2923 1809 remotus
2963 1755 3112 1823 erat,
3163 1756 3297 1809 ante
3345 1753 3531 1811 altare

1888 1838 2076 1893 sancti
2111 1839 2433 1909 Benedicti,
2462 1839 2628 1909 juxta
2653 1840 2925 1896 domnum
2973 1840 3268 1897 Dadodem
3310 1842 3535 1913 episco-

1885 1942 2044 1997 pum,
2068 1928 2166 1983 uhi
2190 1928 2366 1984 etiam
2393 1928 2640 1985 domnus
2658 1929 3014 1985 Humbertus
3035 1930 3257 2001 primus
3281 1930 3533 2001 ejusloci

1883 2016 2030 2070 abba
2068 2017 2441 2087 requiescere
2473 2017 2798 2087 dicebatur,
2833 2017 3133 2088 sepultura
3158 2019 3531 2089 ejusiniclata

1880 2108 1986 2159 est.
2023 2104 2182 2175 (Apr.
2219 2106 2298 2176 2.)
2330 2105 2449 2171 Qua
2479 2120 2726 2177 operose
2757 2105 3104 2176 accelerate,
3137 2106 3192 2161 in
3207 2107 3527 2165 crastinum

1881 2197 2239 2262 congregata
2269 2199 2359 2249 est
2391 2196 2579 2251 omnis
2608 2194 2816 2250 civitas
2846 2195 2917 2249 ad
2942 2195 3337 2266 sepeliendum
3359 2211 3527 2265 eum;

1881 2286 1940 2337 et
1964 2281 2140 2337 missa
2154 2281 2331 2350 dicta,
2355 2297 2622 2339 sermone
2649 2282 2805 2352 dato,
2830 2286 3007 2340 terrae
3026 2283 3293 2340 redditus
3310 2290 3422 2357 est,
3441 2300 3529 2342 re—

1883 2371 2215 2439 surgendus
2244 2371 2298 2425 in
2331 2371 2516 2440 gloria
2550 2377 2610 2426 et
2642 2370 2944 2427 nobiscum
2968 2386 3198 2442 semper
3216 2372 3533 2444 spirituali-

1884 2461 1978 2511 ter
2010 2463 2504 2523 conversaturus;
2540 2459 2695 2529 quod
2728 2464 2783 2515 et
2817 2459 2944 2530 ipse
2975 2460 3346 2533 promiserat,
3396 2461 3533 2519 dum

1886 2560 2040 2615 suos,
2075 2547 2172 2617 qui
2207 2553 2533 2617 praesentes
2564 2547 2830 2617 aderant,
2864 2548 2934 2603 ad
2958 2548 3134 2603 Deum
3160 2548 3371 2621 iturus,
3395 2551 3531 2619 Deo,

1885 2635 2052 2703 cujus
2084 2639 2271 2704 erant,
2308 2636 2405 2705 qui
2439 2636 2552 2691 sibi
2594 2649 2696 2692 eos
2735 2636 3126 2706 commiserat,
3181 2637 3527 2709 assignaret.

1887 2722 1991 2778 Cui
2024 2726 2079 2779 et
2111 2723 2221 2779 hoc
2253 2723 2425 2793 digne
2454 2730 2649 2795 potest
2703 2724 2756 2778 in
2809 2724 3033 2780 meritis
3081 2726 3319 2796 ascribi,
3372 2726 3529 2797 quod

1884 2811 2221 2881 apudDeum
2244 2812 2447 2869 vivens
2467 2812 2790 2883 optinuerit
2811 2817 2872 2868 ut
2899 2812 3053 2869 inter
3082 2812 3348 2884 sepulcra
3376 2814 3528 2886 epis-

1885 2914 2166 2971 coporum
2195 2906 2264 2957 25
2287 2902 2661 2973 sepeliretur,
2697 2902 2814 2971 ubi,
2832 2908 3048 2972 praeter
3071 2902 3529 2960 domnumabba-

1884 2994 1999 3043 tem
2032 2989 2401 3061 Richardum,
2432 2996 2497 3046 et
2529 2992 2834 3061 praefatum
2864 2990 3246 3051 Humbertum
3295 2992 3530 3049 Ermen-

1883 3078 2067 3134 ricum
2102 3093 2333 3149 quoque
2365 3094 2529 3149 aeque
2553 3080 2816 3148 abbates,
2843 3079 3116 3135 domuum
3139 3094 3372 3151 quoque
3404 3082 3531 3137 Ber-

1880 3180 2103 3222 uerum
2137 3167 2299 3223 urbis
2327 3167 2723 3238 praepositum,
2760 3167 2851 3224 cui
2880 3182 2988 3239 pro
3028 3181 3149 3226 suae
3191 3169 3523 3226 sanctitatis

119 3254 351 3322 patrem
367 3254 492 3311 tam
505 3256 690 3325 pium,
711 3257 832 3312 tam
849 3257 1542 3328 amatissimam;merito
1562 3258 1771 3316 doletis
1803 3248 1851 3312 C
1881 3254 2091 3311 merito
2106 3255 2408 3326 sepultura
2425 3255 2519 3310 illa
2534 3270 2809 3312 concessa
2823 3262 2936 3325 est,
2958 3256 3153 3313 nullus
3166 3256 3525 3328 sepultusin-

128 3343 332 3399 merito
357 3343 711 3400 t/risiamiai.
743 3342 907 3410 Quod
941 3345 1069 3400 ideo
1090 3353 1215 3401 erat
1248 3346 1571 3403 mirabilius
1610 3351 1668 3403 et
1698 3348 1770 3403 ad

128 3428 452 3487 divinitatis
483 3430 711 3487 laudem
742 3433 1163 3503 honorabilius,
1200 3434 1335 3504 quia
1371 3435 1467 3505 qui
1510 3434 1771 3505 aliquan-

126 3517 197 3573 do
228 3519 300 3575 ab
331 3520 549 3591 ineptis
579 3526 641 3577 et
664 3521 853 3578 minus
903 3523 1271 3593 sapientibus
1319 3526 1639 3580 subversor
1690 3524 1771 3581 le-

124 3619 252 3675 gum
282 3613 341 3663 et
374 3609 583 3680 patrim
616 3625 721 3680 pro
754 3610 1124 3667 dissensione
1159 3613 1333 3682 regis,
1370 3613 1503 3683 quia
1534 3612 1768 3668 nolebat

124 3696 546 3754 communicare
588 3698 1067 3757 destructoribus
1113 3708 1449 3758 sanctarum
1487 3701 1771 3759 constitu-

126 3782 341 3841 tionum
371 3785 584 3843 divinae
637 3786 799 3857 legis,
859 3788 1288 3860 appellabatur,
1350 3790 1443 3845 hic
1498 3804 1648 3847 nunc
1698 3791 1769 3846 ab

124 3873 386 3932 omnibus
415 3874 475 3929 in
507 3891 808 3933 commune
837 3883 895 3931 et
930 3878 1150 3948 absque
1190 3879 1556 3935 detractione
1603 3884 1771 3950 pater

127 3961 381 4019 civitatis
401 3968 464 4020 et
495 3965 722 4035 patriae,
758 3969 817 4020 et
848 3966 945 4036 qui
984 3982 1095 4022 non
1135 3967 1383 4038 amplius
1433 3968 1769 4039 recuperari

130 4055 344 4122 posset,
378 4053 468 4108 vir
500 4053 753 4124 consilii,
787 4069 987 4111 murus
1009 4060 1068 4110 et
1090 4060 1316 4112 scutum
1343 4056 1547 4112 domus
1586 4055 1774 4113 Domi-

132 4136 184 4191 ni
213 4140 724 4211 prononciabatur,
755 4146 818 4197 ut
846 4142 1098 4198 lacrimae
1119 4148 1177 4199 et
1203 4143 1458 4213 gemitus
1481 4143 1771 4199 dictorum

132 4223 297 4283 ﬁdem
324 4233 593 4286 astruere
622 4230 946 4286 videretur.

200 4305 361 4388 (Apr.
392 4323 443 4373 1.
476 4319 498 4388 )
528 4318 620 4374 Sic
647 4318 966 4375 deductum
998 4334 1215 4389 corpus
1246 4334 1278 4375 a
1310 4320 1445 4376 filiis
1475 4325 1533 4375 et
1558 4321 1630 4378 ab
1663 4336 1776 4377 om-

131 4401 185 4457 ni
214 4403 335 4461 fere
364 4407 580 4477 populo
610 4408 886 4477 civitatis,
920 4423 950 4463 a
992 4408 1285 4464 canonicis
1327 4411 1777 4466 occurrentibus

132 4490 273 4550 infra
302 4496 719 4553 monasterium
743 4502 960 4555 sanctae
994 4498 1185 4554 Mariae
1210 4498 1521 4569 excipitur,
1552 4504 1610 4555 et
1643 4504 1772 4571 post

1880 3343 2130 3413 venitur,
2147 3358 2275 3401 cum
2290 3343 2454 3400 locus
2468 3343 2564 3398 ille
2578 3345 2809 3414 ducum,
2828 3344 3525 3414 marchionum,comitum

1880 3430 2242 3502 aliorumque
2277 3446 2582 3504 procerum
2614 3432 2916 3503 sepultura
2948 3432 3189 3502 insignis
3213 3432 3518 3489 habeatur.

1953 3521 2112 3592 (Apr.
2150 3525 2202 3576 2.
2237 3521 2257 3591 )
2288 3521 2531 3592 Expleta
2565 3521 2745 3591 igitur
2774 3520 3095 3591 sepultura,
3130 3521 3200 3577 ad
3222 3522 3524 3578 consolan-

1881 3608 1988 3665 dos
2022 3610 2236 3666 fratres
2268 3610 2322 3664 in
2352 3609 2673 3681 capitulum
2707 3609 2864 3665 venit
2896 3610 3213 3680 episcopus
3255 3625 3388 3665 cum
3431 3612 3529 3665 ah-

1881 3697 2118 3754 batibus
2149 3703 2208 3754 et
2241 3698 2384 3754 cieri
2419 3698 2804 3770 primoribus;
2835 3702 2893 3754 et
2923 3713 3053 3753 cum
3086 3698 3282 3755 habita
3314 3702 3532 3755 tracta-

1881 3787 2041 3843 tione
2072 3788 2143 3843 de
2173 3792 2361 3843 morte
2393 3787 2594 3858 patris,
2630 3787 2700 3843 ad
2748 3786 3078 3859 eligendum
3114 3801 3524 3844 successorem

1883 3874 2155 3946 quiesset
2174 3876 2421 3932 idoneus
2455 3882 2984 3947 commonerentur,
3016 3877 3184 3947 cujus
3213 3876 3529 3946 protelatio

1882 3964 2186 4035 religionis
2217 3969 2273 4020 et
2305 3965 2541 4021 honoris
2568 3972 2725 4021 esset
2754 3965 3083 4035 diminutio,
3111 3965 3358 4021 maxime
3397 3980 3529 4021 cum

1880 4057 2185 4109 constaret
2219 4053 2555 4109 defunctum
2589 4053 2940 4123 praecepisse
2969 4059 3032 4109 ut
3061 4054 3155 4110 die
3193 4055 3398 4110 eodem
3444 4069 3531 4113 se-

1885 4142 2137 4212 pulturae
2171 4157 2291 4198 suae
2320 4155 2628 4197 successor
2662 4142 2773 4197 sibi
2804 4141 3146 4211 eligeretur,
3174 4142 3244 4197 de
3267 4143 3529 4214 capitulo

1883 4235 2255 4300 egressusest
2270 4230 2362 4300 epi
2374 4244 2588 4301 scepus
2603 4229 2747 4286 dans
2760 4234 3114 4300 oportunum
3131 4229 3321 4287 locum
3338 4233 3448 4287 frat
3458 4232 3532 4287 ri-

1887 4319 2014 4389 bus,
2051 4325 2116 4375 ut
2146 4320 2217 4374 de
2250 4324 2416 4391 patre
2448 4317 2556 4373 sibi
2588 4317 2980 4388 praeponendo
3011 4317 3287 4375 licentius
3335 4321 3407 4375 ab
3442 4320 3531 4375 eis

1887 4412 2267 4464 tractaretur.
2303 4408 2373 4462 Et
2403 4420 2534 4463 cum
2566 4421 2767 4461 omnes
2796 4407 3078 4475 exissent,
3108 4412 3167 4463 et
3215 4408 3293 4462 hii
3345 4407 3531 4464 solum

1888 4498 1959 4554 ad
1989 4512 2135 4568 quos
2168 4496 2500 4568 pertinebat
2529 4494 2761 4564 electio,
2788 4495 3230 4565 remansissent,
3265 4500 3321 4552 et
3357 4501 3532 4553 terra:

134 4583 406 4654 exequias
452 4584 522 4640 de
553 4600 712 4641 more
743 4587 1073 4642 celebratas
1103 4586 1275 4645 missa
1306 4587 1599 4657 generalis
1643 4602 1773 4644 cum
1804 4610 1859 4671 Ι)
1890 4586 2171 4658 prostrati
2200 4590 2233 4642 9
2266 4585 2539 4657 psalmos,
2572 4597 2703 4639 cum
2735 4582 3121 4653 orationibus,
3157 4597 3401 4653 quarum
3429 4584 3533 4639 ini-

133 4669 529 4729 oblationibus
584 4672 940 4731 celebratur'
1004 4674 1219 4731 Dehinc
1247 4675 1317 4730 ad
1360 4675 1774 4732 monasterium

131 4760 311 4816 sancti
327 4760 520 4818 Vitoni
537 4763 832 4833 processio
844 4763 1139 4833 dirigitur.
1156 4766 1569 4821 Precesserant
1581 4770 1775 4821 autem

136 4843 343 4904 fratres
359 4849 622 4919 ejusdem
645 4852 911 4923 caenobii,
941 4857 1247 4923 postquam
1288 4868 1504 4925 corpus
1528 4854 1712 4925 patris
1745 4868 1775 4909 a

137 4935 428 4992 canonicis
461 4945 797 5010 susceptum
827 4945 918 4997 est
939 4946 995 4996 et
1022 4944 1188 5010 quasi
1212 4947 1437 5012 patrem
1477 4941 1774 5012 recepturi

137 5033 301 5090 quem
323 5027 670 5084 eternaliter
687 5033 887 5085 essent
913 5030 1190 5100 habituri,
1218 5029 1303 5086 sic
1326 5044 1389 5086 se
1419 5030 1774 5102 competenti

134 5122 289 5167 more
318 5114 765 5187 adornaverant,
801 5123 858 5174 et
893 5123 972 5174 ita
1017 5123 1313 5190 caverant,
1370 5123 1430 5175 ut
1476 5120 1777 5177 canonicis

134 5201 566 5269 egredientibus
591 5212 814 5278 portam
841 5209 1021 5279 urbis,
1050 5210 1158 5282 ipsi
1184 5211 1239 5265 in
1259 5225 1366 5266 suo
1383 5211 1667 5267 suburbio
1681 5226 1775 5266 oc-

136 5300 455 5365 currerent,
491 5302 551 5353 et
566 5312 781 5369 corpus
795 5299 1014 5354 honore
1028 5298 1345 5356 condebito
1359 5300 1768 5371 suscipientes,

134 5378 345 5437 eisdem
372 5386 791 5443 comitantibus
822 5388 1067 5445 cenobio
1096 5388 1401 5444 inferrent.
1436 5390 1575 5447 Post
1619 5390 1770 5461 quod

134 5478 164 5522 a
191 5473 481 5531 canonicis
513 5475 836 5533 discessum
859 5483 971 5547 est,
1002 5482 1063 5534 et
1086 5493 1115 5533 a
1142 5479 1279 5534 illius
1308 5494 1436 5551 quae
1454 5479 1612 5549 justa
1636 5484 1773 5537 sunt

135 5562 360 5633 corpori
384 5566 734 5638 prepeusius
753 5566 971 5623 exibita
996 5572 1152 5624 sunt.
1179 5569 1264 5625 Ita
1288 5570 1478 5627 omnia
1503 5569 1771 5626 ordinate

136 5650 190 5702 et
222 5654 547 5726 composite
567 5655 1008 5728 proveniebant,
1044 5662 1106 5713 ut
1134 5657 1322 5729 palam
1346 5657 1773 5716 dareturintel-

1890 4676 2033 4731 tium
2065 4679 2156 4731 est
2178 4674 2512 4743 :Adsumus,
2528 4672 3534 4743 sancteSpiritas,peccatiquidem

1886 4763 2267 4822 immanitate
2289 4762 2531 4833 detenti,
2555 4762 2660 4819 sed
2678 4763 2745 4817 in
2761 4762 2858 4817 tuo
2892 4762 3127 4817 nomine
3165 4761 3531 4833 congregati,

1889 4854 2323 4922 decantassent,
2361 4851 2459 4907 ubi
2491 4854 2871 4920 assurgentes
2900 4850 3268 4919 resederunt,
3302 4850 3536 4920 etapri-

1889 4958 1991 4999 ore
2012 4941 2309 4997 ammoniti
2326 4946 2525 4996 essent
2542 4946 2787 5012 utquem
2804 4938 3275 5008 idonenmjudica
3286 4944 3415 4994 rent
3429 4937 3538 4994 eli-

1886 5035 2138 5102 gerent,,
2191 5043 2255 5085 se
2300 5030 2345 5086 si
2388 5029 2658 5085 idoneum
2701 5033 2895 5085 nosset
2944 5027 3215 5096 electum,
3268 5032 3536 5098 paratum
3584 5036 3593 5045 “

1887 5120 2163 5178 electioui
2197 5118 2516 5175 assentire:
2550 5132 2868 5187 assurgens
2899 5116 3338 5187 suprascriptus
3353 5118 3537 5173 frater

1889 5212 2055 5269 bonae
2086 5209 2221 5265 vitae
2253 5213 2308 5263 et
2341 5208 2665 5263 testimonii
2699 5213 2833 5261 ante
2855 5205 3295 5262 conversionem
3318 5209 3378 5261 et
3398 5212 3538 5276 post

1885 5297 2344 5368 conversionem,
2381 5297 2583 5353 ﬁdeles
2620 5295 2919 5351 orationes
2958 5298 3082 5349 toto
3117 5295 3431 5351 conventui
3464 5311 3538 5353 ex

1888 5394 2052 5462 parte
2085 5387 2279 5444 domui
2312 5386 2543 5442 abbatis
2573 5384 2800 5468 Rodulli
2860 5381 3175 5455 peroravit.
3210 5383 3330 5454 (fol.
3387 5385 3537 5457 148.)

1886 5479 2110 5546 Quibus
2135 5474 2602 5543 ammirantibus,
2637 5478 2696 5529 et
2729 5471 3144 5529 salutationem
3181 5471 3339 5528 illam
3377 5472 3540 5543 geni-

1886 5569 1997 5626 bus
2027 5572 2204 5625 terrae
2235 5565 2476 5623 deﬂexis
2502 5567 2667 5635 grate
2694 5566 2750 5618 et
2783 5576 2914 5619 cum
2946 5559 3206 5618 lacrimis
3244 5560 3539 5636 excipien-

1834 5672 1843 5677 '
1883 5658 2066 5727 tibus,
2098 5655 2197 5713 ille
2230 5654 2475 5725 adjecit:
2502 5653 2707 5725 jubere
2738 5652 3008 5709 domuum
3035 5651 3305 5708 abbatem
3324 5650 3540 5710 Rodul-
