3894 6404
365 363 483 431 899

1316 358 1684 427 HUGONIS
1726 360 2082 427 ABBATIS
2129 358 2816 436 FLAVINIACENSIS

3667 369 3783 432 400

369 508 488 563 fum
538 518 643 577 per
687 499 1100 572 obedientiam,
1155 506 1216 556 ut
1267 515 1668 556 successorem
1701 501 1811 558 sibi
1843 514 2010 572 quem
2043 500 2096 560 A
2128 508 2185 556 et
2218 504 2486 561 oratione
2512 507 2674 564 finita
2699 501 3392 578 metueriampatrismibi
3417 504 3783 576 quiescentis

370 596 492 667 ipse
521 593 1072 661 nominasset,quem
1105 587 1402 659 elegisset,
1435 591 1693 646 cuionus
1731 604 1895 646 suum
1921 591 2016 644 im-

369 681 695 755 ponendum
719 679 1140 749 decrevissent,
1165 677 1470 748 eligerent.
1497 678 1604 744 Qui
1626 693 1755 736 cum
1781 681 2019 750 stupen-

370 769 868 827 tesobedientiam
905 767 1300 839 excepissent,
1338 766 1437 822 ille
1475 767 1834 836 subjungens
1868 767 2020 837 prio-

367 873 489 916 rem
503 857 840 927 nominavit,
859 861 919 912 et
935 854 1256 928 proeadem
1281 855 1619 912 obedientia
1637 871 1765 926 quae
1800 855 1912 912 sibi
1945 856 2021 910 si-

367 954 468 1008 cut
495 956 556 1004 et
583 947 714 1004 aliis
747 946 964 1016 injncta
999 946 1212 1015 fuerat,
1243 959 1313 1000 ne
1335 943 1678 1000 inobediens
1696 949 2020 1013 esset,eum

365 1053 494 1096 cum
525 1036 882 1092 nominasset
915 1034 1118 1104 elegit,
1149 1036 1467 1090 Asse-nsum
1499 1038 1586 1089 est
1621 1031 1672 1088 ei
1705 1047 1733 1087 a
1767 1032 2018 1101 cunctis,

365 1125 466 1184 sed
484 1125 556 1181 ab
577 1139 666 1195 eo,
697 1125 794 1194 qui
819 1122 1250 1190 nominabatur,
1275 1136 1385 1176 non
1407 1127 1500 1176 est
1525 1139 1538 1174 :
1567 1121 1708 1190 Ego,
1727 1120 2020 1190 inquiens,

367 1215 665 1282 dixeram,
689 1212 746 1270 si
775 1211 988 1268 idonea
1007 1223 1271 1281 persona
1298 1210 1638 1281 eligeretur,
1668 1223 1760 1264 me
1788 1222 2026 1266 censen.

364 1315 574 1360 summ
601 1299 911 1368 electioni;
938 1313 1116 1368 nunc,
1156 1300 1306 1368 quia
1334 1298 1505 1354 video
1524 1312 1624 1354 cos
1641 1298 1706 1353 in
1699 1299 1953 1368 ﬁrmum
1971 1297 2031 1353 et

367 1389 626 1448 hebetem
655 1390 921 1461 elegisse,
947 1390 1008 1446 et
1023 1391 1198 1461 cujus
1218 1389 1555 1460 inﬁrmitas
1583 1388 1835 1444 desidiae
1865 1385 2027 1444 vobis

349 1479 691 1551 fomentum
718 1478 822 1549 sit,
853 1493 972 1536 non
1001 1477 1283 1546 assentio,
1315 1479 1580 1533 nianime
1605 1491 1738 1533 cum
1767 1477 1826 1532 et
1881 1477 2030 1532 elec-

368 1569 450 1626 tio
476 1567 681 1626 vestra
705 1581 996 1625 canonum
1023 1566 1314 1637 repugnet
1337 1565 1663 1634 institutis,
1713 1565 1773 1621 et
1819 1563 1886 1620 ob
1920 1564 2028 1620 hoc

367 1658 619 1729 inﬁrma
647 1655 749 1724 sit,
785 1655 946 1726 quod
972 1669 1089 1711 non
1121 1653 1260 1710 licet
1272 1654 1598 1725 praelatum
1615 1653 1874 1709 ecclesiae
1905 1667 2028 1709 suc'

370 1758 655 1802 cessarem
672 1743 793 1800 sibi
813 1744 1053 1814 eligere.
1080 1742 1318 1798 Dicebat
1341 1742 1446 1796 hec
1463 1747 1522 1796 et
1544 1741 1654 1796 alia
1672 1740 1876 1812 multa,
1894 1755 2026 1796 cum

2133 591 2364 661 faciant,
2402 596 2792 653 constitutqu
2809 604 2898 650 est
2923 616 2937 660 ;
2958 601 3015 652 et
3041 610 3110 650 nc
3133 595 3224 650 cui
3249 608 3426 664 grave
3456 594 3778 656 videretur.

2134 683 2404 738 memoria
2423 698 2550 755 quae
2575 685 2744 740 solita
2764 689 2890 740 erat
2908 700 3011 756 pro
3027 683 3236 739 domno
3261 684 3471 738 abbate
3496 683 3783 738 Richardu

2131 768 2245 825 dici
2275 775 2414 842 post
2447 773 2787 842 matutinos,
2824 789 2952 843 quae
2985 771 3148 843 quasi
3188 773 3262 827 ob
3311 786 3622 840 gravamen
3676 773 3785 826 fra-

2137 861 2290 914 trum
2324 861 2396 915 ab
2426 875 2496 915 eo
2530 861 2860 917 intermissa
2895 866 3009 930 est,
3059 860 3191 931 quia
3246 859 3300 914 id
3353 860 3634 916 fratribus
3687 859 3784 916 ali-

2135 947 2366 1016 quibus,
2412 949 2565 1020 apud
2599 964 2766 1020 quos,
2809 954 2873 1005 ut
2900 949 3136 1018 dignum
3165 953 3278 1018 est,
3307 947 3486 1018 patris
3507 947 3781 1004 Ricbardi

2135 1035 2408 1091 memoria
2438 1036 2692 1092 celebris
2723 1038 2992 1103 habetur,
3026 1051 3202 1106 grave
3235 1037 3561 1104 videbatur,
3614 1051 3783 1108 repe-

2138 1123 2242 1179 tita
2276 1129 2390 1193 est,
2423 1139 2494 1181 ne
2525 1127 2688 1196 quasi
2721 1129 3110 1182 causarentur
3138 1125 3468 1180 memoriam
3504 1123 3665 1182 illius
3703 1125 3782 1180 in-
3827 1145 3838 1154 ί

2137 1213 2490 1283 termissam,
2524 1217 2579 1270 et
2613 1213 2786 1284 hujus
2818 1215 3130 1270 iniciatam.
3167 1213 3274 1269 Sed
3304 1217 3363 1268 et
3393 1227 3574 1282 usque
3607 1214 3782 1270 hodie

2140 1301 2327 1356 bonus
2355 1307 2524 1358 utror
2571 1317 2739 1372 mque
2771 1311 2997 1373 patrum
3029 1316 3355 1372 successor,
3409 1307 3540 1357 ante
3587 1303 3784 1374 sepul-

2137 1404 2301 1446 crum
2333 1391 2650 1460 transiens,
2683 1406 2824 1446 oves
2852 1391 2961 1446 sibi
2992 1392 3065 1446 ab
3093 1405 3161 1446 eo
3189 1390 3528 1446 commissas
3561 1390 3645 1446 illi
3697 1406 3782 1446 re-

2138 1479 2442 1548 consignat
2469 1496 2482 1544 ;
2515 1483 2576 1534 et
2609 1484 2673 1534 ut
2701 1479 2773 1535 ab
2801 1494 2870 1534 eo
2906 1484 3182 1547 regantur
3201 1482 3257 1534 et
3291 1484 3696 1550 protegantur,
3727 1485 3783 1534 et

2141 1572 2342 1636 pastor
2363 1571 2420 1622 et
2443 1582 2584 1624 oves
2607 1567 2952 1638 plerumque
2977 1583 3096 1636 ore,
3123 1581 3348 1638 semper
3368 1573 3558 1623 autem
3593 1567 3782 1623 animo

2139 1669 2206 1710 ac
2221 1654 2530 1712 devotione
2545 1660 2767 1711 exorat.
2789 1655 3027 1712 Tribuat
3043 1655 3126 1710 illi
3141 1657 3292 1711 Deus
3314 1658 3374 1711 ut
3389 1669 3587 1710 curam
3613 1670 3780 1726 quam

2137 1743 2363 1799 invitus
2403 1744 2685 1814 suscepit,
2722 1743 2976 1799 fideliter
3005 1748 3350 1813 exequatur,
3384 1747 3446 1799 ut
3471 1744 3544 1798 ab
3577 1745 3778 1800 auditu

373 1832 473 1890 ille
503 1833 686 1888 frater
721 1831 777 1888 id
809 1830 998 1887 solum
1029 1831 1300 1886 omnibus
1317 1830 1582 1885 obiceret
1607 1831 1899 1886 :Domuus
1928 1827 2026 1885 ab-
2056 1853 2112 1912 Β
2143 1831 2292 1886 malo
2327 1846 2439 1887 non
2467 1831 2688 1902 timeat,
2717 1833 2817 1887 sed
2835 1831 3361 1902 Eugedomiuicum
3378 1831 3672 1900 audiat,et
3695 1848 3783 1886 su-

375 1921 480 1979 bus
502 1919 806 1994 Rodulfus
821 1933 930 1992 per
949 1917 1346 1976 obedientiam
1357 1918 1636 1989 precipit.
1657 1916 1805 1984 Quid
1822 1917 2028 1972 multa?

373 2009 600 2066 Electio
637 2011 788 2065 facta
820 2008 892 2064 ad
926 2008 1117 2079 laycos
1149 2005 1333 2062 relata
1364 2012 1455 2061 cst
1477 2012 1532 2061 et
1562 2010 1918 2076 praeceptum
1945 2012 2027 2061 at-

375 2113 488 2170 que
519 2097 825 2154 consilium
861 2096 1089 2168 praefati
1125 2095 1309 2167 patris
1360 2094 1477 2150 illis
1520 2093 1766 2150 relatum
1813 2099 1925 2163 est,
1971 2094 2026 2148 in

373 2201 490 2258 quo
505 2186 694 2244 omnis
717 2185 1029 2242 assentiret
1055 2184 1452 2253 congregatio.
1477 2184 1654 2249 Quam
1678 2182 2025 2239 electionem

378 2274 496 2331 illis
523 2274 1006 2346 suscipientibus,
1041 2276 1097 2329 et
1132 2273 1188 2326 in
1230 2287 1295 2327 ea
1331 2288 1439 2328 una
1474 2286 1615 2326 voce
1647 2271 1916 2327 omnibus
1937 2286 2028 2327 ac-

373 2363 788 2433 clamantibus,
820 2362 890 2418 ad
913 2359 1235 2432 capitulum
1261 2366 1571 2418 revocatur
1590 2360 1926 2431 episcopus.
1957 2363 2026 2416 Et

372 2467 501 2508 cum
536 2451 858 2508 resedisset
890 2464 1022 2506 cum
1066 2447 1382 2504 abbatibus
1413 2453 1470 2504 et
1509 2447 1650 2504 cleri
1683 2448 2024 2518 capitaneis,

372 2553 696 2610 assurgens
723 2537 1065 2610 sepedictus
1098 2537 1280 2593 frater
1312 2535 1646 2605 idom,quod
1671 2532 2032 2592 dixeratfra-

373 2629 582 2697 tribus,
617 2626 1028 2698 recapitulavit
1044 2626 1326 2697 episcopo
1341 2624 1632 2681 ceterisve
1648 2624 2024 2695 primoribus,

371 2717 643 2774 domuum
673 2715 950 2771 videlicet
983 2713 1253 2771 abbatem
1289 2713 1600 2768 Rodulfum
1635 2717 1695 2768 et
1730 2713 1939 2781 jubere
1969 2717 2024 2768 et

373 2805 604 2878 precari
637 2809 698 2861 ut
731 2815 1041 2860 successor
1072 2817 1101 2858 a
1135 2816 1198 2858 se
1229 2801 1457 2858 electus
1477 2806 1534 2857 et
1560 2801 1895 2857 nominatus
1917 2801 2028 2857 sibi

371 2895 632 2952 daretur.
665 2891 1024 2949 Electionem
1055 2891 1233 2960 igitur
1266 2895 1545 2960 quantum
1571 2889 1626 2944 in
1653 2903 1712 2946 se
1737 2895 1883 2958 erat,
1911 2889 2033 2946 lau-

371 2984 470 3039 dat
501 2981 836 3054 episcopus,
867 2985 925 3036 et
949 2979 1194 3049 inquirit
1220 2985 1412 3034 utrum
1439 2977 1493 3034 in
1523 2978 1628 3034 hac
1667 2980 2028 3034 consentiret

371 3075 705 3128 conventus
737 3074 795 3126 et
831 3067 1100 3140 populus.
1144 3068 1368 3134 Quibus
1406 3067 1629 3138 pariter
1668 3067 2034 3123 acclamanti.

375 3160 506 3230 bus,
531 3173 663 3216 cum
687 3157 915 3214 electus
940 3171 1070 3228 qua;
1088 3156 1532 3212 dixerateadem
1550 3160 1607 3211 et
1630 3155 1841 3210 similia
1857 3155 2030 3212 vellet

375 3252 666 3319 repetere,
698 3251 758 3302 et
790 3245 1140 3302 electionem
1172 3245 1225 3299 in
1262 3259 1324 3300 se
1358 3245 1566 3299 factam
1603 3244 1894 3300 niteretur
1932 3245 2035 3300 im-

374 3339 647 3410 probare,
674 3351 703 3392 a
729 3336 909 3392 fratre
929 3335 1024 3391 cui
1049 3338 1395 3406 preceptum
1421 3334 1612 3390 fuerat
1634 3333 2029 3405 concurritur,

379 3425 685 3498 arripitur,
721 3431 776 3480 et
811 3439 940 3480 cum
974 3424 1228 3493 sederet,
1274 3423 1346 3478 ab
1377 3437 1448 3478 eo
1475 3426 1532 3478 et
1565 3421 1808 3492 reliquis
1835 3422 1931 3492 qui
1964 3421 2036 3478 ad

371 3513 483 3571 hoc
516 3514 706 3586 ipsum
741 3527 910 3583 opem
942 3526 1108 3568 suam
1144 3515 1492 3582 paraverant
1543 3510 1868 3580 praesentiae
1916 3511 2038 3582 epi-

375 3601 537 3674 scopi
569 3601 830 3670 sistitur,
865 3604 924 3656 et
958 3603 1024 3656 ut
1058 3599 1332 3655 Baculum
1355 3597 1708 3669 pastoralem
1731 3598 2032 3670 suscipiat,

376 3691 780 3758 ammonetur,
811 3687 1063 3758 cogitur,
1096 3702 1202 3742 nec
1233 3685 1508 3742 vincitur.
1534 3685 1640 3741 Ubi
1661 3686 2035 3743 inflexibilem

374 3778 504 3850 ejus
533 3777 786 3834 animum
835 3775 984 3832 vidit
1032 3775 1349 3847 episcopus
1401 3779 1457 3830 et
1511 3774 1608 3845 qui
1659 3775 1920 3846 aderant,
1957 3776 2041 3832 in-

375 3868 584 3924 choata
615 3864 936 3936 antiphona
975 3865 1281 3922 Con/trina
1308 3863 1416 3920 hoc
1443 3865 1621 3934 Deus,
1644 3863 1698 3920 in
1715 3864 2037 3924 aecclesiam

378 3970 410 4012 a
437 3955 722 4013 fratribus
755 3957 1094 4026 asportatur
1116 3952 1316 4024 potius
1336 3967 1506 4022 quam
1526 3953 1856 4025 deducitur,
1877 3961 1936 4012 et
1955 3956 2040 4012 in-

376 4044 509 4101 loco
535 4042 770 4101 abbatis
799 4042 1054 4111 sistitur,
1088 4041 1249 4110 sigua
1289 4041 1558 4098 manibus
1585 4042 1714 4111 ejus
1753 4043 1806 4100 vi
1859 4044 2040 4116 impo-

387 4137 626 4201 nuntur,
662 4145 766 4188 nec
799 4133 870 4187 ab
903 4147 974 4186 eo
1008 4129 1354 4202 pulsantur;
1379 4135 1438 4186 et
1469 4145 1498 4186 a
1528 4136 2039 4190 conventuutmo-

378 4222 463 4279 ris
489 4226 582 4278 est
597 4221 714 4291 jam
735 4235 846 4276 non
870 4219 1175 4289 resistens,
1203 4218 1335 4289 quia
1361 4234 1471 4274 non
1494 4221 2036 4291 proficiebat,deos-

375 4310 630 4380 culatur,
663 4314 724 4366 et
747 4309 1019 4381 sequenti
1052 4307 1338 4364 dominica
1365 4307 1420 4362 in
1443 4310 1714 4366 abbatem
1743 4310 2037 4368 benedici-

381 4407 492 4457 tur.
529 4403 734 4456 Actum
768 4404 854 4454 est
888 4398 998 4454 hoc
1030 4412 1181 4454 anno
1212 4398 1285 4453 ab
1321 4398 1432 4454 inc.
1467 4398 1627 4454 Dom.
1665 4403 1823 4456 1099.
1845 4404 1894 4456 4.
1915 4402 2032 4458 Non

377 4488 616 4560 Aprilis,
651 4489 702 4543 4.
742 4487 902 4556 feria,
933 4492 984 4544 5.
1016 4486 1110 4543 die
1133 4485 1524 4556 depositionis
1549 4486 1698 4557 (223)
1725 4488 1890 4545 bona)
1919 4504 2034 4545 me-

2062 3205 2112 3270 C

2140 1933 2245 1990 pra
2280 1920 2462 1976 multa
2494 1921 2774 1976 constitui
2812 1926 3123 1977 mereatur.
3155 1921 3264 1987 Qui
3295 1925 3483 1977 autem
3529 1920 3783 1976 voluerit

2142 2023 2460 2077 agnoscere
2482 2009 2619 2079 quid
2641 2009 2712 2064 de
2729 2015 2892 2080 patre
2907 2016 3107 2064 nostro
3121 2009 3407 2064 Richardo
3441 2009 3575 2065 huic
3611 2011 3784 2080 patri~

2141 2103 2347 2153 nostro
2365 2097 2614 2154 Rodulfo
2631 2098 2703 2153 ab
2725 2097 2932 2182 angelo
2953 2105 3250 2154 ostensum
3276 2097 3371 2166 sit,
3403 2103 3464 2152 ut
3487 2098 3560 2153 ab
3581 2113 3652 2154 eo
3680 2099 3782 2153 fra-

2143 2187 2332 2242 tribus
2366 2186 2612 2242 relatum
2645 2191 2758 2255 est,
2793 2187 2850 2240 in
2885 2187 3002 2241 vita
3035 2186 3255 2256 prtefati
3307 2185 3658 2242 venerabilis
3678 2187 3779 2241 viri

2139 2275 2413 2330 Richardi
2447 2280 2676 2344 querat,
2697 2280 2758 2330 et
2779 2275 3053 2329 inveniet.
3080 2275 3262 2328 Natus
3278 2278 3367 2329 est
3385 2278 3578 2328 autem
3603 2273 3781 2329 isdem

2138 2363 2246 2431 vir,
2269 2362 2471 2432 quisic
2494 2363 2801 2418 ordinatus
2822 2368 2934 2430 est,
2961 2363 3015 2416 in
3038 2361 3333 2433 episcopio
3359 2361 3658 2430 Leodensi,
3677 2378 3779 2417 non

2140 2450 2415 2520 ignobilis
2441 2450 2694 2520 familiae,
2715 2455 2771 2505 et
2793 2450 2994 2506 eodem
3023 2458 3285 2521 tempore
3299 2465 3409 2519 quo
3439 2457 3499 2505 et
3535 2449 3781 2506 domnus

2140 2539 2324 2594 abbas
2354 2538 2642 2594 Rodulfus
2670 2538 2869 2594 seculo
2902 2537 3188 2594 derelicto
3216 2538 3614 2594 monachicum
3629 2539 3758 2594 habi

2144 2634 2263 2684 tum
2300 2628 2584 2698 suscepit,
2618 2634 2677 2683 et
2709 2629 2913 2683 eodem
2943 2628 3190 2683 cenobio
3221 2643 3332 2698 quo
3377 2634 3434 2682 et
3487 2628 3651 2698 ipse;
3704 2637 3777 2690 et.

2141 2722 2408 2787 promoto
2443 2715 2514 2770 ad
2549 2715 2839 2770 abbatiam
2874 2731 3004 2772 cum
3052 2715 3212 2786 prior
3257 2721 3435 2786 esset,
3487 2716 3543 2770 in
3595 2715 3779 2772 locum

2139 2803 2266 2872 ejus
2290 2803 2650 2860 substitutus
2680 2809 2792 2872 est,
2826 2808 2882 2858 et
2915 2807 3048 2874 post
3077 2818 3206 2862 cum
3237 2804 3526 2860 Divionem
3551 2805 3786 2859 commi-

2140 2905 2498 2961 grassemus,
2519 2891 2859 2947 elaustralis
2882 2892 2958 2946 ibi
2984 2892 3146 2962 prior
3168 2892 3400 2949 habitus
3418 2895 3529 2961 est,
3556 2897 3615 2947 et
3633 2897 3784 2963 post-

2141 2981 2372 3036 modum
2408 2980 2696 3050 regressis
2727 2980 3010 3036 fratribus
3033 2979 3103 3035 ad
3126 2980 3449 3049 cenobium,
3476 2985 3784 3036 revocante

2141 3083 2270 3124 eum
2300 3070 2546 3139 praefato
2574 3069 2881 3138 patre,sub
2904 3083 2974 3124 eo
3005 3075 3066 3123 et
3097 3069 3168 3124 ab
3197 3084 3264 3124 eo
3286 3069 3444 3140 prior
3465 3068 3783 3125 Virdunen-

2143 3156 2227 3212 sis
2248 3157 2558 3212 institutus
2573 3161 2682 3212 est.
2705 3157 2794 3213 Sic
2811 3171 2913 3227 per
2925 3156 3149 3227 singula
3176 3157 3524 3213 monasteria
3549 3161 3610 3212 et
3624 3158 3787 3213 mini-

2145 3245 2322 3301 steria
2356 3246 2663 3316 probatus,
2695 3259 2925 3315 semper
2947 3245 3266 3301 ascendens
3285 3252 3341 3301 et
3369 3245 3784 3317 proﬂciens,ad

2145 3333 2401 3402 regimen
2417 3333 2735 3390 animarum
2755 3334 2878 3390 loco
2892 3339 2952 3389 et
2965 3339 3104 3390 voto
3120 3334 3301 3406 patris
3318 3339 3652 3405 assumptus
3673 3343 3784 3403 est,

2218 3425 2380 3478 Anno
2403 3421 2780 3492 abinc.Dom,
2829 3426 2984 3480 1101.
3037 3423 3130 3479 die
3180 3422 3515 3479 festivitatis
3573 3430 3790 3480 sanctm

2149 3510 2396 3581 Ceciliae,
2422 3515 2632 3566 ventus
2656 3511 2968 3567 vehemens
2989 3511 3390 3568 Normanniam
3415 3510 3678 3582 intravit,
3695 3513 3787 3583 qui

2147 3599 2292 3654 adeo
2324 3599 2635 3656 vehemens
2667 3599 2798 3668 fuit,
2835 3603 2898 3656 ut
2927 3600 3173 3670 quedam
3215 3599 3438 3656 edificia
3487 3603 3786 3660 straverit.

2147 3687 2327 3744 silvas
2348 3691 2540 3744 autem
2559 3689 2637 3744 ita
2654 3688 3071 3757 devastaverit,
3097 3688 3342 3745 utetiam
3355 3702 3607 3773 annosae
3621 3703 3791 3760 quer-

2143 3792 2254 3838 .cus
2285 3791 2398 3834 non
2431 3777 2726 3846 aliquibus
2761 3783 2818 3833 ut
2840 3776 3062 3833 assolet
3087 3777 3140 3833 in
3162 3777 3320 3846 locis,
3356 3778 3460 3833 sed
3499 3781 3679 3834 totam
3696 3779 3790 3834 sil-

2149 3880 2297 3935 vam,
2333 3865 2466 3921 dum
2497 3865 2604 3922 hec
2625 3871 2792 3922 eruta
2816 3864 2986 3922 alteri
3014 3866 3220 3930 innisa,
3256 3880 3380 3921 eam
3402 3864 3495 3922 cui
3519 3865 3788 3923 innititur

2151 3953 2366 4023 frangit
2387 3959 2442 4010 et
2469 3953 2689 4024 dejicit,
2717 3955 2789 4010 ab
2815 3953 2943 4009 imis
2969 3954 3265 4011 radicibus
3285 3954 3521 4010 eruerit.
3549 3954 3788 4010 Fuitau-

2151 4048 2266 4099 tem
2299 4042 2453 4098 circa
2488 4041 2734 4098 mediam
2770 4048 3020 4112 noctem,
3057 4049 3113 4099 et
3157 4042 3386 4099 duravit
3437 4042 3556 4097 fere
3608 4057 3788 4112 usque

2148 4131 2220 4188 ad
2253 4131 2402 4186 diem
2435 4131 2700 4201 mediam,
2735 4146 2838 4188 nec
2859 4130 3170 4202 aliquando
3187 4129 3550 4201 temporibus
3572 4131 3787 4186 nostris

2146 4219 2477 4290 hujusmodi
2507 4225 2718 4276 ventus
2753 4219 2988 4276 auditus
3017 4227 3129 4286 est,
3181 4232 3543 4290 quocumque
3590 4218 3779 4274 irruit.

2148 4310 2226 4365 ita
2259 4309 2447 4365 omnia
2480 4307 2971 4381 pessumdederit.

2217 4399 2381 4454 Anno
2410 4399 2482 4454 ab
2513 4397 2623 4454 inc.
2675 4399 2832 4454 Dom.
2887 4403 3026 4454 1102
3073 4397 3378 4453 ordinatus
3423 4401 3514 4453 est
3564 4397 3617 4452 in
3666 4397 3782 4468 epi-

2144 4501 2384 4559 scopum
2415 4485 2776 4542 Aniciensem
2807 4486 3050 4542 Pontius
3071 4487 3228 4542 Cassa
3256 4485 3352 4541 Dei
3375 4485 3574 4554 abbas,
3605 4488 3664 4539 et
3687 4485 3782 4539 ab-

375 4578 574 4636 moriae
600 4576 784 4650 patris
809 4575 1062 4633 Rodultl.
1096 4579 1168 4632 At
1185 4589 1322 4630 vero
1336 4574 1670 4646 sepulcrum
1687 4577 2034 4650 patrisprae-
2061 4564 2114 4624 1)
2147 4575 2360 4632 batiam
2385 4577 2546 4632 Casae
2569 4575 2667 4630 Dei
2693 4575 3116 4647 procul-audam
3141 4574 3402 4644 suscepit
3419 4573 3772 4644 Aymericus.

375 4666 516 4723 dicti
551 4666 869 4735 diligenter
895 4665 1160 4720 clausum
1194 4669 1254 4719 et
1286 4662 1698 4720 bituminatum
1730 4673 1838 4736 est,
1874 4672 1934 4723 et
1978 4669 2030 4724 ei

377 4755 576 4812 tabula
590 4768 912 4810 marmorea
933 4753 1206 4824 imposita
1223 4756 1402 4820 est,et
1425 4751 1560 4822 quia
1575 4757 1662 4808 est
1685 4753 1740 4808 in
1759 4755 2030 4824 ingressu

375 4844 562 4914 chori,
595 4847 731 4900 ante
759 4842 946 4898 altare
975 4841 1206 4898 scilicet
1233 4839 1420 4896 sancti
1446 4841 1766 4914 Benedicti,
1795 4849 1856 4900 ut
1887 4845 2027 4903 ubia

375 4927 962 4988 mandatocotidiano
983 4929 1198 4984 fratres
1222 4925 1540 4984 redeuntes
1555 4935 2026 5003 prosternuntur,

2145 4667 2396 4734 Legatus
2427 4679 2658 4735 quoque
2690 4663 2744 4720 in
2780 4664 3170 4734 Burgundiam
3198 4668 3258 4720 et
3289 4663 3581 4718 Franciam
3630 4661 3777 4717 dire—

2141 4759 2276 4810 ctus
2320 4759 2412 4810 est
2463 4753 2788 4809 Richardus
2839 4751 3186 4808 Albanensis
3216 4752 3542 4822 episcopus,
3599 4750 3779 4821 primo

2143 4842 2329 4900 sancti
2361 4841 2636 4912 Stephani
2671 4841 2970 4898 Mettensis
3001 4839 3264 4898 ecclesiae
3297 4839 3568 4897 decanus.

813 5077 1287 5188 SERIES
1376 5079 2008 5192 ABBATUM
2097 5081 3360 5194 FLAVINIACENSIUM.

452 5264 464 5277 .
510 5265 522 5279 .
567 5265 580 5279 .
627 5264 640 5278 .
687 5220 802 5277 .“°
827 5220 1150 5293 Guyroiuus
1181 5221 1496 5294 episcopus
1518 5223 1824 5292 successit,
1867 5229 1928 5280 et
1970 5224 2025 5281 in

377 5311 748 5382 expeditione
797 5309 1168 5382 Imperatoris
1197 5310 1340 5366 obiit
1373 5315 1408 5364 2
1438 5311 1581 5366 Non.
1613 5311 1749 5367 Julii
1807 5317 1915 5369 755
1947 5313 2029 5370 in-

381 5399 518 5456 dict.
556 5405 640 5456 13.

2208 5227 2500 5282 Manasses
2545 5224 2853 5281 ordinatur
2904 5226 3084 5280 abbas
3133 5223 3285 5279 dono
3329 5222 3553 5293 Pippini
3606 5221 3776 5290 regis.

2138 5315 2241 5370 Hic
2264 5329 2480 5386 corpus
2510 5314 2698 5370 sancti
2729 5313 2996 5383 Prasjecti
3022 5328 3052 5370 a
3083 5311 3358 5368 Volovico
3388 5309 3639 5366 relatum
3666 5307 3782 5363 Fla-

2138 5401 2457 5458 viniacensi
2487 5402 2757 5460 ecclesiae
2788 5401 3005 5458 intulit.
3043 5399 3284 5458 Moritur
3311 5412 3461 5455 anno
3483 5400 3588 5454 787
3609 5394 3776 5469 [789.]

1745 5490 1980 5548 VARIIE
2020 5490 2419 5549 LECTIONES.

449 5577 520 5610 “0
556 5579 696 5646 Quae
711 5578 1075 5652 praecedunt,
1128 5577 1517 5652 inuestigare,
1576 5577 1752 5634 nulla
1802 5580 2038 5637 ratione
2066 5581 2373 5639 valuimus
2401 5579 2612 5638 Labbe.

452 5764 598 5840 (223)
637 5763 878 5824 Scilicet
910 5763 1134 5838 primae,
1166 5767 1302 5824 ante
1330 5763 1516 5825 altare
1548 5764 1603 5822 S.
1641 5761 1873 5822 Firmini
1916 5677 2252 5836 Eggﬁsci,
2285 5767 2413 5840 ipso
2443 5767 2536 5828 die
2565 5767 2761 5826 obitus
