3894 6418
91 438 192 504 401

1363 434 1859 506 CHRONICON.
1897 478 1971 486 -
2009 435 2137 505 LIB
2165 433 2240 506 Ῑῐ.
2303 458 2307 461 ·

3374 430 3490 498 409.

93 575 200 634 incl.
228 578 311 632 1:5.
346 577 402 630 et
439 575 569 645 post
595 586 723 629 eum
748 571 814 606 “1
838 572 1190 631 Adalbertus
1214 572 1538 633 ordinatur.
1570 574 1728 632 Obiit
1760 576 1813 635 A
1845 577 2110 633 ecclesia:
2135 574 2373 634 Rainoni
2396 574 2592 633 abbati
2629 571 2990 644 Magabrensi
3015 570 3327 644 commisit,
3353 578 3495 630 tem-

91 681 236 721 anno
268 665 315 719 4.
373 669 426 716 et
480 662 664 718 Zacho
725 664 1029 732 successit,
1091 663 1396 720 ordinatus
1445 664 1564 720 Kal.
1602 666 1727 721 Maii

94 753 432 822 (224),etbic
455 759 663 821 quarto
696 766 843 806 anno
867 752 1011 806 obiit
1046 759 1094 808 7.
1125 752 1258 808 ldus
1287 753 1411 807 Maii
1436 753 1546 822 (an.
1581 753 1726 824 793).

98 843 363 898 .tlcuinus
393 849 524 910 post
557 842 705 895 hunc
739 842 1029 895 successit
1062 842 1232 912 (796),
1268 849 1298 897 7
1334 858 1482 897 anno
1515 843 1735 913 Apolli-

94 932 210 987 nari
242 930 433 986 sedem
469 929 704 997 reliquit
741 929 890 983 dono
923 931 1115 985 Karoli
1152 931 1522 1000 imperatoris
1559 933 1726 996 (803).

93 1023 348 1087 Quantus
399 1019 509 1087 hic,
575 1018 835 1088 qualisve
895 1019 1088 1088 fuerit,
1153 1020 1381 1089 publica
1430 1021 1730 1075 continent.

92 1113 284 1178 gesta;
333 1107 474 1162 obiit
508 1113 771 1178 tcn'ipore
807 1107 1077 1162 Ludovici
1114 1108 1488 1177 imperatoris
1524 1109 1728 1162 indict.

94 1201 267 1266 4,826,
299 1201 354 1252 et
389 1201 619 1252 mortuo
653 1197 895 1262 Vigilins
929 1197 1237 1251 successit.
1265 1198 1403 1252 lluic
1436 1213 1583 1252 anno
1607 1196 1728 1264 83!),

95 1286 454 1342 Adrevaldus
484 1286 791 1353 successit,
809 1290 863 1340 et
890 1286 1066 1340 tertio
1090 1300 1238 1339 anno
1263 1286 1424 1340 obiit.
1447 1287 1733 1341 Marianus

94 1375 514 1431 successit84ti.
544 1373 658 1429 ind.
687 1378 737 1443 8,
770 1381 828 1428 et
854 1374 1098 1428 \\-'lt'aldo
1124 1374 1318 1429 sedem
1343 1375 1733 1445 reliquit.Quo

92 1464 395 1532 migrante,
419 1463 689 1518 Warinus
720 1479 915 1518 comes
949 1463 1102 1517 dono
1139 1463 1508 1534 imperatoris
1543 1464 1729 1518 Karoli

96 1552 320 1622 praefuit
356 1552 482 1607 vice
507 1552 753 1619 abbatis,
793 1558 852 1605 et
895 1554 999 1606 sub
1031 1567 1098 1605 co
1135 1552 1394 1607 Sarull‘us
1429 1553 1728 1623 diaconus,

90 1646 143 1696 et
177 1646 307 1712 post
364 1656 493 1696 eum
552 1643 844 1694 Gozscrus
890 1641 1070 1693 abbas
1120 1641 1419 1694 successit.
1484 1642 1607 1705 Quo
1640 1641 1734 1695 de-

92 1730 304 1798 functo,
357 1731 520 1798 Hugo
569 1729 850 1785 successit
905 1732 968 1782 16
1001 1744 1150 1783 anno
1187 1729 1404 1790 Karoli;
1438 1735 1493 1782 et
1528 1730 1575 1783 ei
1609 1745 1735 1784 suc-

88 1818 266 1873 cessit
288 1825 527 1873 sanctus
551 1817 732 1888 Eygil,
767 1817 1134 1887 postmodum
1172 1817 1517 1872 Seingmcnsis
1551 1818 1734 1872 archi-

87 1907 415 1976 episcopus,
452 1906 548 1975 qui
605 1921 822 1975 corpus
873 1909 1088 1960 sancta)
1142 1906 1372 1972 Regina:
1408 1905 1729 1960 transtulit.
1764 1936 1816 1993 Β

91 1997 226 2050 Huic
259 1995 434 2050 etiam
473 1995 750 2062 Sigardns
771 1994 1055 2048 successit
1083 2001 1137 2048 et
1165 1999 1214 2062 εἰ,
1243 2010 1390 2049 anno
1414 1994 1729 2054 Woll‘ardo,

91 2082 357 2138 Ludovici
394 2084 437 2136 ll
472 2082 842 2153 imperatoris
888 2082 1133 2149 sororia,
1173 2082 1323 2136 dono
1356 2083 1610 2151 ejusdem
1648 2097 1736 2137 se-

88 2172 210 2226 dem
249 2171 508 2241 reliquit.
547 2172 720 2240 Cujus
753 2171 1138 2226 ordinationis
1171 2185 1318 2225 anno
1352 2176 1382 2224 3
1433 2185 1737 2226 consecra-

86 2262 164 2316 tio
200 2261 657 2316 Flaviniacensis
681 2260 947 2316 ecclesim
974 2265 1099 2314 acta
1126 2268 1215 2313 est
1241 2277 1268 2314 a
1302 2261 1558 2316 Johannc
1589 2276 1732 2330 papa

83 2354 140 2403 ct
174 2353 236 2403 l8
268 2348 586 2419 episcOpis,
622 2364 770 2403 anno
799 2352 902 2404 878
934 2348 1047 2403 ind.
1084 2353 1138 2404 ll
1181 2352 1322 2412 Quo.
1361 2348 1535 2402 etiam
1588 2365 1736 2403 anno

84 2438 330 2493 moritur
355 2437 686 2493 Ludovicus
711 2437 1047 2508 imperator,
1075 2441 1131 2490 ct
1158 2436 1578 2492 Karlomannus
1608 2454 1736 2492 suc-

85 2527 279 2582 cessit.
318 2529 464 2581 Post
495 2527 614 2582 bzec
649 2526 996 2595 Adalgarins
1030 2527 1340 2596 cpisc0pus
1393 2526 1676 2581 Eduensis
1708 2542 1734 2580 a

87 2617 293 2671 Karolo
327 2615 604 2687 Simplicc
636 2616 821 2687 primo
854 2632 1003 2670 anno
1035 2616 1193 2681 regni
1235 2615 1358 2682 ejus
1401 2615 1507 2670 sub
1543 2615 1738 2671 Odone

86 2706 378 2761 abbatiam
417 2705 766 2776 perquisivit
797 2713 859 2759 et
887 2704 1164 2766 obtinuit,
1197 2708 1255 2759 et
1289 2705 1358 2758 ab
1385 2705 1490 2759 hoc
1525 2719 1552 2757 a
1591 2721 1732 2774 papa

90 2795 321 2850 Romam
360 2794 667 2861 invitatus,
707 2792 756 2846 in
806 2792 1014 2846 itinere
1064 2792 1207 2846 obiit
1241 2793 1548 2852 Trcnortii,
1587 2808 1735 2845 anno

83 2884 306 2952 eodem,
341 2881 574 2938 scilicet
608 2886 740 2946 893;
771 2886 828 2935 ct
857 2883 964 2935 sub
998 2898 1066 2934 co
1104 2881 1356 2950 Aquinas
1383 2881 1736 2951 praepositus

83 3189 92 3199 .
138 3189 148 3200 .
196 3190 206 3201 .
256 3192 267 3202 .
317 3189 330 3202 .
376 3147 844 3203 Richardiducis
870 3161 1229 3201 successore.
1278 3188 1288 3198 .
1337 3187 1348 3198 .
1394 3187 1404 3198 .
1453 3145 1730 3213 ordinari,

80 3252 245 3305 quem
280 3238 581 3294 ordinavit
609 3236 909 3304 Argrimus
931 3250 958 3290 a
988 3237 1247 3289 Jobanne
1273 3249 1416 3304 papa
1443 3235 1511 3286 de
1539 3235 1736 3301 Lingo-

79 3326 242 3380 nensi
273 3327 627 3397 episcopatu
660 3325 982 3395 depositus,
1022 3324 1122 3378 scd
1157 3339 1183 3378 a
1214 3325 1484 3378 Forn'ioso
1520 3327 1738 3377 restan-

78 3420 240 3470 ratus
275 3415 331 3469 in
359 3414 748 3482 Lugdunensi,
777 3429 905 3468 cum
934 3429 1044 3467 non
1069 3413 1312 3467 haberet
1342 3411 1602 3481 pallium,
1631 3427 1733 3465 nec

80 3504 421 3559 restitutam
449 3503 792 3572 dignitatem
821 3518 928 3572 qua
954 3510 1154 3572 posset
1177 3501 1514 3571 episcopum
1535 3515 1736 3555 conse-

75 3608 262 3660 crare,
298 3600 361 3648 et
393 3591 832 3648 contradicerct
865 3590 1218 3646 ordinationi
1270 3606 1340 3644 cx
1377 3596 1539 3659 parte
1576 3604 1734 3659 papze

78 3681 398 3738 Tetbaldus
433 3681 817 3750 Lingonensis
846 3681 1178 3750 episcopus.
1218 3680 1603 3743 Quumobrcm
1637 3681 1737 3732 Ar-

77 3769 323 3837 grimum
381 3772 696 3825 Formosus
750 3767 1298 3840 inrecuperabilitcr
1353 3767 1618 3838 deposuit
1678 3773 1735 3821 et

76 3858 357 3914 Walonen
419 3874 552 3915 cum
611 3858 957 3926 fautoribus,
1020 3857 1194 3911 idest
1259 3856 1566 3923 Ricbardo,
1629 3857 1735 3910 Ma-

81 3961 248 4003 nasse
281 3955 340 4004 et
379 3947 645 4017 reliquis,
687 3963 788 4015 pro
824 3947 1122 4001 invasione
1161 3945 1426 4000 ecclesiae
1462 3944 1736 4000 Flavinia-

78 4038 271 4094 censis
315 4035 876 4094 excommunicavit.
914 4035 1077 4089 Walo
1109 4039 1298 4089 tamen
1340 4033 1604 4088 satculari
1641 4050 1738 4104 po-

81 4127 257 4182 tentia
298 4127 506 4194 fultus,
533 4125 936 4196 episcOpatum
962 4123 1238 4190 obtinuit,
1265 4128 1323 4178 et
1347 4123 1530 4177 abbas
1559 4122 1754 4178 Flavi-.

79 4215 380 4272 niacensis
418 4217 611 4270 lactus
654 4230 680 4268 a
719 4231 775 4268 se
808 4213 936 4283 ipso
966 4215 1358 4266 casamentum
1413 4225 1515 4264 sua
1569 4225 1735 4263 manu

80 4304 348 4373 retinuit,
386 4308 449 4358 et
500 4306 610 4358 sub
641 4317 704 4357 se
738 4303 1043 4357 Otbertnm
1100 4300 1473 4370 praepositum
1527 4297 1740 4352 consti-

79 4393 210 4448 tuit.
242 4395 337 4448 Sic
367 4408 476 4464 per
495 4391 670 4447 multa
688 4405 967 4446 annorum
985 4387 1277 4444 curricula
1296 4389 1513 4456 absque
1530 4387 1740 4441 abbate

82 4482 186 4537 fuit
219 4480 692 4538 Flaviniacencis
724 4478 989 4534 ecclesia.
1055 4478 1146 4532 Sic
1179 4477 1350 4531 etiam
1412 4485 1738 4530 easamenta

77 4571 368 4641 ecclesize,
410 4571 549 4626 dum
587 4569 698 4624 sibi
734 4568 992 4624 vicissim
1037 4567 1380 4634 succedunt,
1434 4563 1740 4635 pontiliccs

1847 681 1985 737 pore
2046 666 2272 721 Rodulll
2335 664 2488 734 regis
2522 663 2623 718 lilii
2680 661 2952 716 Ricbardi
3003 661 3334 717 Justitiarii.
3369 660 3494 727 Quo

1845 754 2108 824 decente,
2171 754 2514 809 Wicbardus
2573 752 2855 819 succedit,
2891 759 2949 806 et
3001 751 3052 807 ei
3089 751 3336 807 domnus
3368 751 3496 807 Ful-

1845 843 2079 898 cberius
2104 849 2368 912 tempore
2397 841 2666 896 Ludovici
2703 839 2801 894 lilii
2829 838 3018 895 Caroli
3055 839 3367 910 Simplicis.
3394 841 3496 896 Hic

1843 930 2298 1000 l-lierosolymam
2327 932 2628 1000 profectus
2651 944 2799 983 anno
2824 929 2974 985 dom.
3012 928 3122 983 inc.
3152 931 3256 984 944
3288 930 3490 985 indict.

1843 1025 1893 1089 Ω,
1931 1025 2150 1090 partem
2183 1021 2330 1076 clavi
2367 1020 2586 1076 Domini
2610 1024 2668 1074 et
2691 1017 3094 1090 portiunculas
3129 1018 3322 1074 crucis
3345 1019 3492 1090 ejus,

1845 1125 2004 1165 zonae
2035 1113 2093 1163 et
2127 1109 2364 1172 sudarii,
2402 1109 2590 1164 baculi
2624 1121 2854 1177 quoque
2887 1107 3220 1177 apportavit
3255 1121 3374 1164 suae
3398 1122 3490 1164 ec-

1843 1197 2058 1260 clesiae.
2080 1199 2433 1253 Rexitetiam
2458 1199 2862 1252 bivionensem
2879 1196 3206 1252 ecclesiam.
3229 1201 3494 1255 Sanctam

1845 1303 2074 1357 quoque
2117 1289 2490 1342 Paschasiam
2527 1286 2942 1341 Flaviniaccnsi
2980 1285 3178 1340 intulit
3209 1286 3494 1359 ecclesize,

1845 1378 2086 1431 mediam
2116 1377 2344 1432 scilicet
2373 1381 2591 1447 partem
2630 1375 2895 1446 corporis
2929 1374 3073 1445 ejus.
3106 1375 3262 1430 Obiit
3287 1381 3496 1445 quarto

1847 1466 2128 1521 Kalendas
2150 1465 2296 1530 Maii,
2326 1481 2473 1520 anno
2515 1469 2638 1532 955,
2667 1470 2723 1519 ct
2759 1462 3044 1519 successit
3080 1464 3130 1517 ci
3159 1462 3285 1519 Milo
3316 1465 3490 1533 Maga-

1847 1554 2090 1609 brensis.
2149 1553 2449 1609 Romundo
2513 1553 2798 1621 migrante
2832 1567 2979 1608 anno
3010 1556 3113 1609 968
3173 1553 3372 1608 indict.
3407 1558 3492 1624 ll,

1844 1642 2134 1697 Gcrardus
2169 1642 2474 1698 successit.
2510 1642 2640 1696 Milo
2686 1641 2866 1696 abbas
2901 1642 3136 1696 Romam
3171 1642 3494 1712 profectus,

1848 1730 2209 1802 privilegium
2251 1747 2278 1785 a
2345 1732 2658 1786 Benedicto
2714 1743 2856 1800 papa
2907 1730 3180 1786 obtinuit.
3245 1732 3499 1787 Gerardo

1850 1819 2104 1890 pontilici
2132 1821 2376 1874 Ednensi
2429 1820 2674 1874 donmns
2702 1819 2992 1874 \Valterus
3025 1821 3310 1876 successit
3346 1836 3498 1877 anno

1848 1914 1968 1963 978.
2009 1909 2120 1962 ind.
2158 1914 2208 1964 6.
2239 1909 2338 1962 llic
2365 1909 2642 1962 defuncto
2674 1907 2902 1975 Milone,
2933 1909 3189 1963 Roberto
3224 1909 3500 1966 Flavinia-

1847 2012 2077 2053 ccnscm
2140 1997 2380 2052 tradidit
2442 1997 2782 2061 ecclesiam;
2817 1997 2913 2067 qui
2973 1999 3154 2051 totam
3209 2012 3354 2068 eam,
3391 1999 3497 2054 nisi

1850 2091 2080 2141 cautum
2108 2088 2284 2153 esset,
2323 2083 2819 2155 pessumdedissct
2844 2083 3175 2141 ecclesiam.
3203 2085 3492 2155 Expulsus

1847 2176 1996 2228 (mim
2033 2174 2102 2227 de
2156 2174 2413 2242 abbatia,
2447 2174 2581 2243 quia
2637 2177 2762 2228 erat
2824 2174 3184 2244 propinquus
3235 2174 3497 2230 Landrici

1849 2263 2082 2317 comitis
2141 2262 2532 2331 Niw-rnensis,
2599 2261 2945 2316 connnissus
2974 2268 3067 2317 est
3098 2261 3147 2316 ei
3202 2263 3500 2332 prioratus

1850 2351 2012 2407 cella}
2048 2351 2394 2417 Corbiniaci,
2431 2356 2486 2404 ct
2525 2349 2831 2406 lleldricus
2863 2349 3261 2406 Cluniacensis
3310 2365 3499 2407 mona-

1849 2441 1993 2494 chus
2011 2440 2192 2494 abbas
2213 2440 2566 2505 subrogatus
2585 2444 2694 2493 est.
2728 2439 3018 2494 llobertns
3043 2454 3180 2494 vero
3205 2440 3501 2495 Corbinia-

1850 2543 1977 2583 cum
2001 2529 2258 2595 veniens,
2311 2527 2381 2581 de
2414 2544 2481 2581 eo
2509 2545 2566 2580 sc
2601 2527 2867 2581 abbatem
2901 2528 3092 2582 vocari
3130 2528 3283 2583 fecit.
3319 2529 3396 2583 Ex
3431 2543 3500 2583 eo

1852 2617 2226 2672 (lorbiniacus
2284 2615 2514 2670 abbatia
2552 2615 2786 2670 dicitur.
2825 2615 2978 2670 Obiit
3015 2615 3320 2672 Heldricus
3353 2631 3501 2672 anno

1851 2706 2000 2760 dom.
2040 2705 2147 2760 inc.
2212 2706 2366 2772 ~lOlO,
2403 2711 2458 2758 et
2527 2704 2810 2759 Aniedcns
2867 2703 3172 2773 successit,
3206 2709 3265 2758 et
3297 2702 3498 2758 cellam

1852 2794 2172 2848 Corbiniaci
2210 2793 2599 2863 recuperavit.
2641 2791 3022 2847 Colticensem
3055 2791 3229 2846 etiam
3256 2797 3315 2846 et
3346 2791 3504 2846 Sine.

1851 2895 2173 2937 mm'ensem
2196 2886 2252 2935 et
2274 2880 2712 2935 Bellilocensem
2730 2879 2910 2935 cellas
2932 2879 3277 2948 instituit,et
3305 2879 3501 2935 multae

1850 2971 2224 3026 autboritatis
2255 2974 2308 3024 et
2345 2970 2649 3038 dignitatis
2693 2968 2858 3037 obiit,
2894 2974 2953 3024 et
2988 2971 3163 3037 Aymo
3194 2968 3497 3038 successit,

1849 3059 1946 3114 sed
1989 3061 2260 3130 culpatus
2297 3061 2366 3114 dc
2411 3059 2676 3121 sii‘nonia,
2729 3058 2782 3111 in
2811 3071 2980 3112 manu
3015 3056 3220 3111 Leonis
3250 3071 3412 3127 papae
3437 3056 3504 3111 IX

1849 3149 2064 3216 virgam
2099 3149 2448 3218 pastoralem
2503 3147 2742 3214 dimisit,
2775 3151 2835 3200 ct
2867 3145 2990 3200 Odo
3024 3147 3040 3198 1
3087 3145 3344 3200 Aremari
3379 3159 3492 3200 m0-

1795 3294 1811 3313 η
1849 3237 2091 3291 ιηιδέθιιῆί
2156 3237 2472 3290 monachus
2537 3234 2846 3303 successit,
2907 3238 2966 3288 et
3034 3239 3165 3304 post
3223 3238 3256 3289 2
3310 3247 3492 3288 annos

1849 3325 2033 3380 Odoni
2067 3327 2111 3377 ll
2144 3325 2339 3379 sedem
2368 3323 2623 3392 reliquit,
2649 3322 2912 3377 Elmuino
2943 3322 3137 3376 sedem
3165 3321 3492 3376 Eduensem

1851 3419 2225 3485 procurante,
2263 3412 2357 3481 qui
2393 3413 2567 3466 etiam
2603 3410 3024 3480 Corbiniacum,
3053 3410 3185 3480 quia
3223 3416 3358 3467 tunc
3381 3425 3490 3466 non

1850 3503 2119 3568 habebat,
2148 3507 2362 3556 nostra:
2391 3500 2641 3554 reddidit
2669 3498 2970 3565 ecclesiae;
2990 3497 3086 3553 ubi
3109 3512 3237 3554 cum
3260 3511 3494 3569 proces-

1849 3591 2006 3644 sionc
2033 3591 2182 3644 facta
2214 3590 2620 3659 susciperetur
2642 3602 2671 3642 a
2694 3586 3011 3650 monachis,
3038 3586 3091 3640 in
3121 3585 3495 3657 processionc

1850 3680 2038 3734 minus
2070 3683 2240 3734 caute
2303 3678 2519 3745 virgam
2558 3675 2930 3747 pastoralem,
2993 3689 3163 3745 quam
3203 3674 3496 3729 Robertus

1850 3768 2172 3823 diabolicus
2207 3767 2450 3837 laqueus
2483 3765 2788 3832 habuerat,
2822 3763 3105 3835 suscepit,
3140 3777 3169 3818 a
3216 3762 3497 3818 fratribus

1848 3856 2064 3912 nostris
2098 3855 2150 3909 id
2185 3855 2419 3911 omnino
2449 3852 2960 3921 calumniantibus,
2987 3857 3046 3908 et
3077 3853 3152 3907 ob
3176 3851 3232 3906 id
3266 3851 3336 3906 de
3369 3865 3499 3922 pro-

1850 3945 2141 4000 ccssionis
2167 3944 2417 3998 statione
2437 3941 2872 4009 recedentibus,
2901 3942 3016 3996 Hac
3037 3940 3216 4009 igitur
3234 3939 3304 3995 de
3324 3953 3498 3996 causa

1855 4032 2346 4088 invalesccntibus
2371 4030 2658 4085 mandatis
2683 4028 3046 4099 apostolicis,
3069 4043 3138 4082 ne
3169 4027 3299 4098 quis
3324 4027 3506 4082 abbas

1853 4121 1996 4175 duas
2057 4120 2320 4175 obtincat
2376 4117 2663 4185 abbatias,
2729 4123 3039 4172 accusatus
3073 4117 3144 4170 ab
3197 4116 3414 4171 eisdem
3447 4114 3500 4169 in

1852 4208 2100 4265 concilio
2125 4205 2540 4274 Exoldnnensi,
2569 4205 2730 4274 quasi
2756 4205 2852 4275 qui
2877 4209 3079 4259 contra
3106 4203 3342 4260 decreta
3371 4218 3506 4275 apo-

1854 4297 2060 4352 stolica
2080 4296 2307 4351 duabus
2324 4292 3142 4364 praeessetccclesiis,virgam
3160 4291 3503 4358 reddidit,et

1857 4385 2136 4456 requisita
2169 4383 2396 4453 justitia
2442 4383 2510 4436 de
2543 4381 2686 4436 cella
2725 4395 2850 4449 sua,
2889 4380 2940 4434 id
2975 4384 3068 4434 est
3101 4379 3294 4458 .l‘undo
3328 4379 3506 4434 Flavi-

1857 4474 2145 4530 niaccnsis
2173 4471 2462 4539 ecclesiae,
2500 4471 2641 4524 nihil
2672 4470 2945 4537 obtinuit,
2971 4468 3236 4525 Errwino
3269 4469 3501 4524 tandem

1855 4563 2130 4634 episcopo
2165 4559 2506 4622 decedente,
2557 4574 2683 4613 cum
2736 4557 2790 4612 in
2826 4561 3153 4625 Aganonem
3186 4554 3508 4611 communis

79 4659 386 4716 Ednenses
416 4660 475 4714 in
503 4672 605 4714 sua
641 4658 923 4712 divisione
946 4657 1346 4710 obtinuerunt.
1381 4656 1512 4708 Post
1538 4654 1744 4708 Otbcr-
1777 4661 1824 4717 [)
1863 4647 2505 4722 processissctelectio,
2527 4661 2748 4701 curiam
2783 4645 2937 4713 regis
2962 4646 3313 4700 Francorum
3341 4643 3508 4698 Hein-

81 4753 198 4803 tum
235 4748 581 4819 praelatum,
617 4746 920 4800 Girl‘redus
961 4751 1031 4799 de
1082 4748 1265 4798 morte
1303 4741 1592 4810 Adalgarii
1624 4742 1742 4796 cul-

80 4844 275 4910 patus,
300 4839 408 4893 sed
432 4836 658 4905 judicio
681 4836 1090 4906 episcoporum
1120 4838 1422 4904 purgatus,
1450 4831 1738 4902 praelatio-

80 4943 205 4982 nem
233 4925 536 4983 obtinuit:
562 4926 652 4980 cui
679 4924 969 4981 successit
994 4923 1248 4990 llaingus
1272 4937 1488 4989 magna)
1526 4920 1744 4975 utilita-

75 5005 152 5072 tis
181 5022 241 5071 ct
276 5014 641 5071 honestatis.
673 5013 829 5068 Obiit
854 5013 990 5067 ldus
1013 5011 1160 5067 Maii.
1195 5010 1353 5065 Obiit
1380 5010 1552 5064 etiam
1584 5008 1743 5064 Walo

77 5120 227 5161 anno
262 5106 382 5160 inc.
428 5105 591 5157 Dom.
625 5107 728 5157 913
761 5102 878 5156 ind.
913 5105 995 5154 15.
1033 5102 1292 5155 Herveus
1342 5097 1650 5167 successit,
1685 5104 1742 5151 et

77 5193 162 5247 sic
186 5193 501 5249 abbatiam
529 5190 638 5246 sibi
669 5190 872 5256 tenuit,
905 5195 963 5244 et
996 5191 1104 5244 sub
1137 5203 1196 5243 se
1223 5187 1562 5242 Gansarium
1602 5201 1742 5256 νιιεθ-

75 5281 256 5338 latum
307 5279 653 5337 constituit.
711 5281 935 5334 llerveo
971 5277 1343 5332 nihilominus
1399 5275 1740 5336 decedente,

74 5371 346 5427 Romqu
359 5384 431 5426 us
445 5367 813 5422 substitutus
827 5372 932 5421 cst.
954 5367 1052 5420 llic
1075 5381 1271 5421 curam
1293 5364 1382 5419 Fla
1395 5363 1744 5419 viniaccnsis

1859 4739 2018 4794 ricus
2040 4739 2219 4792 abbas
2245 4736 2408 4803 adiit,
2448 4735 2687 4790 auribus
2714 4732 3320 4804 regiisquerimoniam
3346 4745 3505 4786 suam

1861 4826 2272 4898 propalavit,et
2290 4805 2641 4894 procedente
2659 4823 2894 4891 justicia
2912 4827 3152 4877 coactus
3172 4825 3258 4876 est
3277 4819 3508 4890 episco-

1858 4933 1965 4988 pns
1981 4931 2145 4971 sacra
2155 4921 2349 4969 n'iento
2369 4915 2397 4966 li
2411 4929 2525 4967 rma
2537 4927 2596 4966 rc
2616 4916 2695 4979 ut,
2707 4927 2838 4967 mox
2854 4916 2987 4982 post
3009 4908 3506 4966 consecrationem

1857 5020 2039 5070 suam,
2079 5005 2175 5073 jus
2200 5017 2364 5058 suum
2408 5003 2752 5056 rcformarct
2779 4998 3193 5055 Flaviniacensi
3224 4997 3507 5053 ecclesize.

1858 5095 1921 5148 Et
1958 5093 2087 5163 quia
2142 5091 2372 5146 abbatis
2430 5089 2885 5145 Flaviniaeensis
2938 5093 3028 5143 est
3086 5087 3265 5158 prima
3299 5101 3405 5142 vox
3455 5086 3508 5141 in

1856 5181 2141 5238 electione
2166 5179 2452 5250 episcopi,
2479 5195 2644 5249 quam
2673 5193 2874 5234 omnes
2896 5178 3106 5232 debent
3141 5177 3510 5244 confirmare,

1859 5273 1911 5327 in
1937 5271 2195 5342 capitulo
2219 5268 2630 5325 li‘lavinia’ccnsi
2659 5267 2894 5322 veniens
2911 5265 3136 5322 electus
3166 5265 3407 5335 cpiscop
3419 5280 3504 5328 us,

1861 5362 2027 5414 tidem
2065 5358 2197 5416 l'ccit
2236 5358 2284 5442 in
2336 5357 2538 5412 osculo
2588 5361 2791 5410 sancto
2853 5355 3130 5410 l‘ratribus
3191 5352 3422 5424 pusillis
3455 5361 3514 5408 et

1460 5487 1695 5541 VARIE
1741 5485 2138 5539 LECTIONICS.

143 5567 210 5598 ιιι
447 5562 617 5632 apud
636 5559 841 5618 Lai/bc.

1690 5626 1888 5682 ΝΟΤίΕ
1905 5667 1917 5681 .

155 5727 314 5798 (ΞΞΜ)
351 5731 386 5781 9
419 5721 548 5778 Kal.
584 5725 770 5790 Mart.,
807 5724 954 5778 A-mz.
991 5722 1219 5778 Ιπίίιιδίιι.
