3894 6404
98 424 218 496 405

3404 434 3521 497 406

97 563 210 640 rali
235 569 294 624 et
317 569 556 638 paterna
594 563 990 640 sollicitudine
1023 566 1255 638 egregie
1289 564 1628 626 illustravit.
1666 565 1922 625 Primum
1948 573 2037 625 est
2063 567 2462 626 Gladbaeense
2487 566 2538 625 in
2566 581 2705 639 agro
2733 566 3067 640 Juliaceusi,
3100 567 3349 629 alterum
3377 585 3518 630 vero

101 639 530 711 Sigeburgense
564 642 743 711 trans
796 639 1085 711 Rhenum;
1135 641 1236 696 sed
1266 657 1395 697 cum
1429 640 1505 695 ibi
1535 640 1933 697 exterioribus
1985 641 2234 705 negotiis
2287 656 2459 711 supra
2511 641 2738 698 modum
2772 639 3140 711 gravaretur,
3178 644 3248 698 ab
3283 647 3519 702 Annone

103 709 759 788 tloloniensinepiscoiio
794 709 863 763 ad
901 711 1390 788 Brunwillereuse
1441 712 2069 788 monasterium,_guod
2105 712 2323 788 aliquot
2353 709 2649 788 _leuc_is_ab
2681 714 2882 788 eadem
2920 709 3294 788 urbe_dista_t,
3332 721 3522 788 transf

105 781 265 836 latus
298 787 415 840 est;
453 780 645 849 ibique
682 796 860 848 usque
895 780 964 834 ad
1000 781 1133 837 vita:
1190 782 1352 837 ﬁnem
1410 784 1828 849 perseveravit.
1886 780 2297 838 Monasterium
2349 783 2505 839 istud
2557 785 2860 840 Erenfrido
2908 800 3008 840 seu
3059 780 3289 840 Ezzoni'
3321 787 3521 842 comiti

108 851 369 923 palatino
403 850 683 923 originem
721 866 881 923 suam
925 852 1121 920 debet,
1157 853 1252 922 qui
1290 850 1429 908 illud
1466 854 1518 908 in
1550 854 1828 909 honorem
1863 855 2050 909 sancti
2086 855 2301 909 Nieolai
2337 870 2463 910 cum
2501 870 2677 908 uxore
2711 871 2809 910 sua
2846 855 3136 923 Mathilde,
3173 857 3406 913 Ott-onis
3435 873 3524 914 se-

108 922 284 1002 cundi
319 922 854 1002 imperatorislilia,
883 923 1235 1002 (:onstruxit,
1270 939 1499 1002 operam
1518 931 1912 1002 promovente
1939 926 2107 1002 beato
2129 927 2402 1002 ljoppone
2427 925 2638 1002 abbate
2657 925 3010 1002 Stabulensi,
3038 922 3132 1002 qui
3159 926 3235 981 ibi
3262 927 3520 1002 Ellonem

107 993 380 1072 abbatem
420 993 668 1072 primum
698 991 1152 1072 instituit.,__:-ni_no
1178 991 1415 1072 circiter
1446 991 1593 1072 19%.
1626 995 1868 1072 Ezzopis
1892 995 2124 1072 comitis
2149 991 2555 1072 lllzit'bild'squc
2578 996 2717 1072 _ejus_
2746 997 2942 1072 uxoris
2966 1011 3030 1052 ac
3057 991 3520 1072 ﬁliorumivitam

107 1063 176 1137 ad
213 1078 320 1137 nos
350 1063 677 1137 transmisit
701 1063 762 1137 Β,
797 1064 854 1137 l_’_.
889 1063 1210 1137 V\_'_illelmus
1241 1065 1529 1137 Wilfrath,
1569 1067 1727 1135 prior
1761 1067 1953 1122 Sancti
1989 1066 2359 1121 Pantaleonis
2392 1066 2786 1130 Coloniensis;
2821 1068 2921 1122 sed
2946 1082 3073 1122 cum
3103 1068 3216 1137 jam
3244 1083 3272 1124 a
3299 1069 3521 1124 Bollan-

109 1134 300 1208 dianis
333 1133 401 1188 ad
439 1133 587 1208 diem
622 1139 682 1208 21
720 1133 1030 1208 Maiiedita
1066 1136 1159 1208 sit,
1193 1133 1580 1208 nonullisqne'
1603 1137 1812 1192 fabulis
1836 1143 1931 1192 aut
1960 1137 2152 1191 dubiis
2188 1139 2360 1192 rebus
2397 1137 2663 1208 videatur
2694 1138 3066 1208 interpolata,
3093 1133 3215 1193 eam
3247 1140 3521 1195 omittere

107 1205 295 1259 visum
321 1208 433 1280 e_st_.
460 1203 523 1280 _ld
549 1204 909 1280 solummodo
945 1205 1258 1280 notandum
1297 1203 1742 1280 velim'Ezzonis
1773 1208 1921 1263 ﬁlias
1942 1223 2042 1262 sex
2069 1209 2309 1280 totidem
2335 1207 2573 1280 ordinis
2587 1208 2768 1263 nostri
2794 1203 3166 1264 monasteriis
3193 1211 3519 1280 praefuisse,

109 1280 329 1346 praater
351 1275 658 1330 Richezam
687 1275 939 1329 Polonize
967 1276 1241 1345 reginam,
1268 1292 1403 1345 erga
1431 1278 1922 1333 Brunwillm'ense
1948 1279 2361 1333 monasterium
2388 1278 3001 1334 muniﬁcentissimam.
3037 1275 3521 1337 Monasteriorum

106 1350 325 1422 autem,
361 1346 710 1422 et__ip_s_arum
759 1346 1435 1422 nomina_sic_reeenset
1482 1347 1600 1422 ille
1634 1355 1880 1422 auctor:
1931 1370 1956 1398 «
1991 1348 2253 1422 Adheleit
2300 1349 2352 1402 in
2386 1349 2599 1422 ΔΝἱνῇΙΙίι
2651 1351 3029 1422 monasterio,
3081 1351 3429 1422 Tbeophanu
3464 1352 3520 1407 in

111 1416 361 1485 Asynde,
416 1416 733 1482 l-leileweig
765 1416 817 1470 in
854 1418 1079 1484 Nussia,
1133 1419 1354 1473 Mathilt
1389 1420 1442 1472 in
1479 1419 1864 1475 Didiuckirica
1915 1425 2088 1487 atque
2123 1419 2341 1486 Wilica,
2381 1419 2474 1474 Ida
2510 1419 2563 1474 in
2597 1421 2952 1476 monasterio
2984 1423 3207 1476 Sanctae
3239 1416 3430 1477 Maria)
3466 1423 3519 1477 in

110 1487 367 1561 Colonia,
403 1487 612 1557 Sophia
646 1488 914 1561 similiter
945 1489 1000 1542 in
1033 1495 1387 1561 monasterio
1421 1490 1644 1545 Sancta)
1679 1491 1867 1546 Mariae
1917 1490 2242 1561 Moguntize,
2277 1498 2452 1561 atque
2485 1490 2922 1561 Gandersheim,
2973 1492 3521 1550 sanctimonialibus

110 1558 338 1613 feminis
382 1565 519 1614 sunt
556 1558 815 1628 praelata:
847 1557 973 1613 loco
1009 1560 1321 1628 regiminis.
1357 1580 1383 1611 »

177 1630 714 1704 4.‘C_a¥tcrum_cum
751 1628 1149 1699 Wolphelmus
1181 1633 1433 1704 nondum
1461 1631 1693 1704 publico
1725 1631 1961 1704 decreto
1996 1632 2146 1685 inter
2178 1636 2412 1704 sanctos
2441 1637 2856 1704 annumeratus
2899 1633 2992 1701 sit,
3040 1632 3313 1704 nullaque
3347 1635 3518 1690 etiam

110 1699 260 1773 apud
297 1699 823 1773 Brumvillereuses
858 1707 1110 1773 nostros.
1147 1706 1207 1756 ut
1241 1699 1473 1771 quidem
1505 1702 1711 1758 scribit
1741 1703 2157 1767 llensebenius,
2191 1702 2378 1758 ofﬁcio
2411 1702 2641 1772 publico
2673 1705 2924 1773 colatur,
2959 1699 3088 1760 eum
3142 1699 3298 1762 beati
3349 1706 3521 1761 titulo

111 1772 368 1846 donasse
413 1773 560 1826 satis
595 1771 724 1826 fuit.
775 1770 1055 1846 Quamvis
1080 1773 1133 1846 i_n
1166 1770 1433 1846 catalogo
1469 1773 1863 1846 reliquiarum
1914 1773 2172 1846 ejusdem
2226 1770 2716 1846 monasterii,rqui
2746 1777 2814 1830 ad
2851 1770 2956 1830 nos
2988 1777 3371 1832 transmissus
3405 1783 3518 1846 est,

110 1842 850 1916 interaliasrecenseatur
876 1844 1056 1912 caput
1087 1843 1242 1899 beati
1288 1845 1650 1915 Wolp/wlmi,
1691 1867 1714 1892 «
1746 1843 1929 1916 cujus.
1953 1842 2456 1916 'inrpiit,icatalogi
2494 1842 2770 1916 scriptor,
2810 1861 2942 1902 ossa
2982 1846 3202 1916 reliqua
3238 1862 3339 1916 per
3371 1842 3519 1904 bella

109 1911 219 1968 huc
254 1911 393 1987 illuc
425 1912 704 1987 distracta
735 1918 790 1968 et
828 1911 1123 1987 asportata
1180 1911 1421 1970 fuerunt
1465 1915 1741 1987 violentia
1796 1911 2062 1970 militum:
2098 1938 2123 1964 »
2164 1915 2301 1987 Quze
2331 1911 2468 1987 sane
2503 1911 2765 1987 iudicant
2790 1917 2915 1986 ejus
2949 1911 3147 1974 sacras
3181 1911 3459 1987 reliquias
3491 1933 3523 1976 e

108 1989 264 2039 terra
301 1982 525 2055 levatas
562 1984 735 2039 fuisse
769 1999 833 2038 ac
868 1985 1116 2054 publicze
1151 1987 1509 2041 venerationi
1543 1986 1861 2055 expositas.
1904 1987 2060 2040 Unde
2095 1986 2367 2041 Gelenius
2401 1985 2548 2041 libro
2576 1986 2750 2042 tertio
2779 1982 2854 2042 De
2882 1987 3238 2044 admirandis
3270 1982 3522 2047 Coloniae

110 2054 463 2130 Agrippinae,
493 2055 644 2109 inter
669 2055 814 2130 festa
842 2055 1156 2130 peculiaria
1194 2057 1532 2130 monasterii
1562 2054 2092 2130 Brunwillerensis,
2123 2058 2328 2130 festum
2354 2056 2546 2130 sancti
2573 2057 2914 2130 Wolphelmi
2941 2059 3009 2113 ad
3037 2058 3186 2114 diem
3210 2064 3278 2115 22
3303 2059 3518 2130 Aprilis

107 2125 388 2199 assignat.
426 2125 550 2199 Quo
584 2126 812 2199 quidem
847 2125 938 2179 die
972 2127 1305 2199 memoriam
1337 2127 1464 2194 ejus
1498 2127 1763 2199 recolunt
1801 2127 2206 2196 Martyrologia
2255 2128 2624 2199 Benedictina
2679 2125 2915 2184 Arnoldi
2969 2130 3204 2197 Wionis,
3267 2125 3523 2199 Hugonis

110 2196 364 2270 illenardi
408 2196 816 2270 et__Benedicti_
865 2198 1152 2270 Ilergauii,
1205 2197 1465 2254 Molanus
1509 2200 1560 2252 in
1605 2198 2004 2270 additionibus
2058 2199 2128 2270 ad
2178 2197 2522 2270 Usuardum,
2576 2200 3044 2269 Martyrologium
3096 2196 3518 2270 Germanicum,

108 2266 416 2392 ῐξὴὶιὶρρᾶιβ
470 2266 770 2391 Ρθιὶνθιιὶω
805 2266 858 2321 in
895 2268 1170 2336 (Iatalogo
1223 2276 1559 2326 sanctorum
1594 2269 1687 2339 qui
1740 2269 1790 2323 in
1826 2269 2236 2338 Martyrologio
2286 2266 2540 2324 Romano
2574 2285 2685 2325 non
2717 2266 3025 2339 habentur,
3061 2270 3275 2342 aliique
3310 2266 3520 2343 passim

108 2352 326 2392 eiusmo
376 2353 388 2390 l
441 2351 547 2392 aue
583 2352 740 2392 ores.
1250 2352 1254 2358 ·

107 2338 388 2406 ejusmodi
441 2343 740 2393 auctores.
1250 2352 1254 2358 '

1478 2627 2173 2715 PROLOGUS.

193 2811 233 2860 ι,
293 2807 579 2862 Βοιηίῃὶυί
647 2808 843 2875 gregis
898 2809 1254 2879 pastoribus,
1311 2809 1761 2879 rectoribusque
1793 2808 1848 2867 Α
1883 2807 2062 2862 rimus
2093 2821 2420 2878 caprarum.
2460 2809 2589 2862 llaec
2613 2813 2805 2862 autem
2829 2807 3014 2862 omnia
3042 2821 3172 2864 cum
3206 2805 3522 2877 allegorica

120 2895 606 2964 vigilantissimis,
667 2895 1000 2951 Evcrhardo
1053 2898 1128 2964 (l)
1179 2896 1451 2951 videlicet
1513 2897 1759 2952 coenohii

122 2983 650 3050 Brunwillerensis,
703 2991 762 3057 et
813 2985 1164 3040 llerimanno
1217 2985 1268 3040 in
1323 2985 1553 3041 Colonia
1611 2986 1762 3041 beati

119 3073 504 3142 Pantaleonis,
553 3073 854 3129 Conradus
898 3073 1126 3129 inﬁmus
1171 3073 1422 3130 Ulllllllllll
1458 3075 1567 3130 sub
1601 3090 1766 3142 regu-

121 3159 220 3214 lari
274 3161 602 3232 proposito,
655 3176 925 3216 coronam
981 3162 1357 3230 vigilantibus
1391 3164 1701 3233 repositam
1733 3178 1763 3218 a

119 3249 374 3305 Domino.
415 3249 756 3314 llortamini,
793 3251 998 3305 Patres
1030 3249 1532 3318 Cthcllt‘rlltiSSill‘ll,
1557 3266 1660 3306 nos
1685 3252 1764 3306 vi-

123 3342 227 3392 tam
265 3339 421 3393 beati
458 3337 805 3409 Wolphelmi
849 3339 1081 3393 abbatis
1115 3338 1352 3410 scriptis
1394 3340 1759 3410 depromere,

120 3427 436 3483 secundum
469 3442 494 3481 a
530 3428 645 3482 Deo
675 3427 844 3481 vobis
878 3427 1146 3482 collatam
1184 3428 1613 3497 prescientiam,
1649 3443 1760 3484 non

120 3515 399 3572 modicam
449 3515 580 3571 hinc
623 3514 892 3570 ﬁdelibus
934 3516 1309 3586 providentes
1357 3517 1762 3575 aediﬁcationis

118 3604 382 3669 gratiam.
424 3603 700 3672 Satagitis
731 3605 881 3658 enim
917 3609 979 3659 ut
1014 3605 1293 3661 virtutum
1328 3606 1450 3674 ejus
1498 3607 1760 3678 exempla

117 3693 182 3748 ad
203 3694 477 3749 notitiam
499 3692 814 3762 legentium
837 3693 1054 3750 litteris
1071 3694 1340 3759 deducta,
1365 3696 1510 3751 bene
1531 3696 1760 3751 vivendi

119 3781 225 3850 piis
276 3782 578 3837 mentibus
623 3783 848 3853 pariant
894 3783 1184 3839 instituta.
1221 3785 1326 3839 Sed
1365 3785 1520 3854 quid,
1557 3787 1762 3841 Patres

125 3868 523 3938 illustrissimi,
563 3871 615 3927 id
651 3871 868 3942 placuit
910 3871 1210 3941 injungz-re
1245 3872 1434 3939 nobis,
1478 3873 1611 3928 dum
1657 3889 1761 3929 nec

124 3959 360 4015 scientia
401 3960 685 4031 suppetit,
731 3975 836 4015 nec
877 3961 1138 4016 facundia
1174 3963 1460 4018 sermonis
1493 3963 1762 4034 suppedi-

125 4049 236 4101 tat?
265 4050 453 4104 Porro
487 4048 541 4102 in
570 4047 827 4117 jubendo
869 4055 1062 4104 vestra
1097 4053 1254 4103 tanta
1289 4054 1377 4105 est
1412 4051 1756 4122 auctoritas,

1880 2897 2014 2960 sint,
2055 2900 2112 2950 ut
2146 2893 2416 2950 catholici
2463 2895 2736 2950 doctores
2765 2894 3026 2966 tradunt,
3061 2895 3114 2950 in
3149 2895 3400 2954 diversis
3426 2898 3526 2954 do-

1880 2984 2059 3038 nariis
2091 2983 2409 3052 gratiarum
2443 2997 2656 3051 genera
2690 2983 3143 3055 distinguentes,
3177 2985 3231 3040 in
3266 2985 3400 3057 pilis
3433 3001 3528 3043 ca-

1879 3087 2134 3143 prarum,
2185 3072 2528 3142 (ptibusdam
2581 3071 2726 3126 locis
2776 3073 2951 3128 verba
2999 3074 3243 3144 exprimi
3290 3074 3526 3131 voluere

1879 3161 2295 3216 laudationum.
2345 3160 2524 3230 Unde,
2561 3161 2831 3230 quoniam
2863 3175 2965 3231 per
2997 3162 3256 3220 scientiae
3288 3162 3521 3233 donum,

1878 3250 1967 3304 vel
2002 3250 2350 3305 afﬂuentiam
2390 3250 2749 3320 meritorum,
2791 3250 3207 3321 perfectionem
3250 3251 3407 3311 illam
3438 3258 3526 3308 at-

1878 3339 2100 3407 tingere
2145 3338 2450 3407 nequimus
2484 3352 2626 3393 auro
2658 3337 2962 3407 ﬁguratam
2996 3343 3051 3393 et
3087 3345 3351 3409 argento,
3386 3355 3522 3411 pur-

1877 3441 2038 3497 pura,
2069 3425 2156 3482 vel
2181 3441 2358 3481 coeco
2385 3426 2473 3481 bis
2499 3426 2702 3496 tincto,
2731 3426 3078 3498 cazterisque
3103 3427 3362 3484 donariis
3389 3448 3400 3481 :
3426 3445 3524 3484 cu-

1878 3516 2066 3585 pimus
2101 3515 2304 3570 saltem
2338 3514 2488 3586 pilos
2512 3515 2721 3570 oll‘erre
2756 3529 3084 3586 caprarum,
3121 3517 3277 3586 quod
3299 3523 3408 3588 est,
3445 3518 3526 3573 vi-

1877 3603 2030 3660 tulos
2053 3603 2337 3659 labiorum
2365 3609 2723 3668 nostrorum;
2751 3609 3038 3674 quatenus
3057 3604 3112 3658 in
3140 3604 3522 3662 tabernaculo

1876 3692 2094 3747 Domini
2131 3698 2426 3762 utcunque
2471 3708 2571 3748 nos
2612 3693 2908 3762 contingat
2942 3692 3116 3749 utiles
3152 3694 3419 3764 inveniri,
3454 3710 3524 3752 ne

1877 3780 2039 3835 vacui
2065 3796 2304 3850 prorsus
2323 3794 2705 3850 appareamus
2726 3781 2779 3836 in
2800 3785 3117 3851 conspectu
3137 3781 3385 3838 Domini.
3410 3784 3524 3839 Ita-

1875 3883 1985 3938 que
2009 3869 2265 3925 virorum
2291 3868 2602 3924 illustrium
2627 3869 2858 3926 actibus
2883 3870 2974 3926 vel
2997 3870 3311 3942 triumphis
3341 3871 3521 3928 tradi-

1879 3957 1951 4011 tis
1986 3956 2313 4012 litterarum
2355 3957 2747 4025 monimentis,
2793 3957 3012 4028 triplex
3045 3957 3233 4016 inesse
3267 3974 3521 4017 commo-

1876 4045 2008 4100 dum
2059 4045 2352 4117 reperitur
2401 4045 2697 4114 utilitatis,
2751 4044 2885 4101 dum
2933 4046 3131 4102 studio
3179 4047 3520 4105 aemulanda:

125 4138 201 4204 ut,
235 4135 372 4193 licet
396 4137 552 4206 quod
579 4137 813 4206 exigitis
841 4153 1169 4208 paveamus,
1197 4139 1427 4194 omnino
1451 4143 1642 4195 tamen
1667 4156 1761 4195 ne-
1790 4137 1843 4196 B
1878 4133 2135 4202 pictatis,
2175 4138 2259 4188 tot
2299 4132 2563 4203 plerique
2611 4132 2798 4188 modis
2850 4132 3081 4190 illorum
3132 4135 3521 4193 informantur

124 4236 254 4289 gare
287 4223 457 4279 vobis
491 4224 651 4280 nefas
694 4239 825 4279 esse
864 4225 1164 4280 ducamus.
1203 4224 1394 4280 Liceat
1430 4231 1620 4280 autem
1651 4228 1760 4282 sub

125 4312 380 4384 exemplo
418 4312 500 4367 rei
538 4312 807 4382 visibilis,
841 4312 1068 4382 plenius
1109 4313 1276 4368 vobis
1318 4313 1616 4370 declarare
1651 4329 1761 4385 qua

130 4413 323 4456 sumus
364 4401 652 4456 hactenus
696 4401 963 4472 suspensi
1017 4399 1313 4457 dilatione.
1367 4401 1557 4457 Nostis
1609 4403 1760 4473 quod

131 4485 336 4558 absque
355 4488 536 4544 dubio
555 4489 708 4544 acies
724 4488 1024 4546 oculorum
1047 4489 1187 4544 solis
1208 4490 1548 4545 succumbat
1572 4506 1764 4545 rever-

129 4571 316 4632 bcrata
359 4577 700 4649 Splendore;
753 4584 970 4648 quanto
1018 4578 1196 4648 magis
1248 4579 1500 4634 scintilla
1547 4585 1763 4636 nostra)

129 4663 399 4734 scicntia,
429 4665 476 4720 si
504 4663 709 4721 altiora
744 4681 805 4721 se
839 4668 1282 4738 praesumpserit
1306 4671 1631 4722 attentare?
1663 4671 1766 4724 Vc-

130 4766 268 4822 rum,
294 4768 363 4809 ne
389 4755 720 4810 sanctitatis
747 4755 906 4811 illius
930 4755 1327 4812 testimonium
1354 4756 1575 4812 diutius
1609 4756 1766 4812 diﬁ‘e-

129 4841 298 4898 rendo
315 4841 618 4899 videamur
632 4845 1001 4914 subtrahere,
1023 4846 1286 4915 quamvis
1303 4845 1451 4900 mole
1467 4845 1767 4902 videamur

128 4927 258 4984 victi
299 4933 703 5001 succumbere,
741 4933 954 4988 vestris
987 4939 1173 4988 tamen
1210 4934 1382 5001 votis,
1419 4949 1523 5004 pro
1557 4934 1764 4990 virium

130 5021 454 5074 nostrarum
482 5020 781 5091 facultate,
813 5021 1127 5078 statuimus
1147 5023 1402 5078 obedire.
1431 5024 1536 5079 Dat
1563 5038 1763 5078 ausum

129 5104 293 5162 etiam
317 5107 410 5162 vel
435 5108 704 5164 ﬁduciam
728 5108 884 5165 istud
905 5111 1316 5180 praesumendi,
1340 5111 1490 5181 quod
1518 5111 1763 5180 quisque

131 5205 227 5260 pro
257 5209 363 5251 suo
395 5196 648 5266 modulo,
672 5197 724 5252 in
750 5198 969 5254 Domini
1004 5198 1222 5267 legitur
1252 5199 1542 5254 obtulisse
1577 5200 1764 5255 taber-

131 5283 327 5338 naculo
355 5305 365 5338 :
393 5285 543 5340 alius
575 5300 776 5342 aurum
807 5291 862 5342 et
897 5293 1231 5356 argentum;
1268 5287 1418 5342 alius
1447 5303 1762 5359 purpuram

129 5369 209 5423 vel
242 5387 479 5429 coccum
514 5374 788 5440 tinctum;
828 5374 978 5430 alius
1025 5374 1206 5446 pelles
1250 5376 1578 5432 rubricatas
1619 5377 1764 5432 arie-

1874 4221 2176 4291 exemplis.
2213 4220 2354 4276 Sunt
2389 4221 2603 4291 quippe
2649 4220 3036 4277 instrumenta
3072 4223 3354 4280 bonorum
3385 4241 3521 4298 ope-

1877 4324 1999 4364 rum
2024 4307 2341 4364 errantium
2365 4309 2474 4376 via,
2498 4307 2905 4378 poenitentium
2929 4310 3112 4378 venia,
3142 4325 3520 4381 perseveran-

1875 4397 2016 4453 tium
2039 4411 2173 4467 spes
2186 4401 2490 4451 etcorona.
2510 4395 2606 4450 His
2627 4396 2818 4452 tribus
2835 4397 3148 4465 generibus
3167 4399 3521 4458 diﬁ‘erentia-

1875 4501 1998 4541 rum
2025 4486 2135 4541 vim
2161 4485 2423 4555 profecto
2459 4483 2678 4555 patitur
2703 4499 2941 4554 regnum
2964 4485 3245 4542 caelorum
3272 4486 3517 4558 (ΜαιιΙι.

1877 4588 1948 4643 x1,
1969 4577 2078 4644 12),
2100 4573 2231 4630 dum
2253 4588 2456 4628 errans
2477 4571 2714 4642 corrigi,
2734 4572 3020 4644 paenitens
3037 4574 3369 4646 iustiﬁcari,
3390 4591 3519 4647 per-

1877 4677 2154 4718 severans
2203 4661 2502 4717 contendit
2559 4661 2788 4717 salvari.
2853 4662 3073 4718 Laudes
3099 4663 3272 4718 etiam
3307 4663 3521 4724 divina)

1878 4751 2246 4818 attolluntur,
2270 4751 2401 4806 dum
2431 4750 2498 4806 ad
2525 4749 2851 4822 exemplum
2878 4751 3155 4822 ﬁdelium,
3179 4756 3518 4811 sanctorum

1878 4840 2080 4895 merita
2107 4840 2176 4895 ad
2205 4839 2531 4894 memoriam
2568 4843 2936 4896 revocantur.
2961 4843 3040 4896 Ne
3065 4856 3203 4898 vero
3236 4838 3402 4913 plura
3435 4859 3522 4900 re-

1881 4926 2147 5000 plicando
2173 4926 2462 4984 fastidium
2484 4926 2699 4996 legenti
2725 4927 2950 4999 faciam,
2973 4944 3076 4999 per
3096 4929 3217 4986 heec
3237 4931 3425 4994 omnia
3447 4934 3518 4989 ad

1878 5016 2020 5073 illud
2044 5017 2232 5072 tendit
2251 5015 2459 5084 oratio,
2487 5021 2545 5071 ut
2568 5016 2805 5073 doceam
2829 5023 3160 5074 sanctorum
3183 5019 3408 5089 merita,
3431 5036 3520 5082 re-

1878 5106 2066 5162 diviva
2092 5105 2346 5161 ﬁdelium
2380 5105 2534 5160 votis
2567 5120 2797 5177 semper
2827 5107 3092 5178 accipere
3128 5108 3516 5178 incrementa;

1878 5196 2010 5249 dum
2043 5208 2291 5265 superna
2315 5193 2502 5262 gratia
2528 5193 2758 5250 illorum
2782 5195 3195 5250 fecunditatem
3223 5197 3519 5256 mentibus

1880 5289 2140 5355 praestat,
2164 5288 2222 5338 et
2249 5282 2637 5339 fructiﬁcandi
2669 5283 2916 5351 gratiam
2947 5284 3374 5340 sulnninistrat.
3409 5288 3520 5358 Igi-

1880 5378 1973 5428 tur
1994 5372 2180 5429 sancti
2207 5387 2270 5427 ac
2297 5370 2620 5426 beatissimi
2652 5370 2995 5443 Wolphelmi
3019 5372 3250 5430 abbatis
3273 5373 3408 5433 vitae
3431 5391 3522 5434 se-

129 5460 260 5512 tum.
297 5459 449 5515 Bene
482 5465 672 5518 autem
707 5439 900 5532 agitur
933 5439 1252 5533 nobiscum,
1288 5461 1333 5521 si
1366 5463 1517 5534 pilos
1541 5464 1764 5519 obtule-
1797 5439 1844 5500 Ο
1879 5463 2018 5517 riem
2051 5459 2426 5534 explicaturi,
2450 5459 2524 5515 nil
2552 5458 2707 5514 aliud
2731 5474 2976 5530 prorsus
3000 5460 3358 5520 intendimus
3388 5480 3520 5536 pro-

194 5633 266 5703 (1)
312 5637 680 5693 Everhardus
729 5639 786 5694 Β.
840 5638 1201 5708 Wolpbelmo
1251 5637 1551 5693 successit.
1608 5641 1964 5693 llermanuus
2014 5641 2206 5692 autem
2259 5634 2610 5691 monasterio
2672 5634 2724 5688 S.
2777 5634 3151 5692 Pantaleonis
3206 5649 3391 5706 usque
3440 5640 3512 5695 ad

131 5715 252 5759 ann.
291 5709 412 5763 10'21
458 5709 751 5780 praefuisse
785 5709 1017 5765 dicitur.
