3894 6404
358 376 471 443 407

1125 385 1199 449 B.
1247 386 1757 454 WOLPHELMI
1800 390 2154 459 ABBATIS
2197 392 3015 461 BRUNWILLERENSIS

3656 398 3782 464 408

361 515 547 588 sequi,
583 532 750 589 quam
784 519 936 592 quod
960 522 1031 579 ab
1054 521 1279 582 idoneis
1299 525 1554 584 testibus
1572 525 1817 599 contigit
1842 528 2002 586 audi-
2031 528 2085 589 A
2117 530 2412 603 quibus,si
2446 530 2626 589 ullius
2656 531 3017 589 haesitaverit
3045 530 3212 603 ﬁdes,
3240 537 3326 591 tot
3349 532 3656 593 nobiscum
3680 549 3780 593 ex-

361 606 431 676 ri,
458 620 559 664 seu
586 607 738 678 quod
762 608 984 681 aliquot
1009 614 1175 668 annis
1204 615 1675 673 ministrantibus
1697 619 1790 673 vel
1813 623 2002 674 astan-

360 694 519 753 tibus
551 696 680 761 sibi,
728 697 919 755 divina
950 702 1118 758 nobis
1149 704 1336 773 gratia
1368 706 1619 761 contulit
1651 707 1883 763 intueri.
1924 710 2001 763 De

2114 624 2269 676 stant
2301 620 2487 677 idonei
2520 626 2726 689 testes,
2754 626 2896 692 quot
2918 636 2989 677 ex
3013 622 3170 679 illius
3201 623 3483 694 temporis
3512 624 3769 695 collegio

2116 710 2329 766 fratres
2360 720 2509 766 nunc
2544 725 2728 782 usque
2762 716 2992 767 manent
3029 713 3398 783 superstites.

358 855 3770 885 .____________________________________________

1558 1009 2120 1119 INCIPIT
2220 1012 2601 1122 VITA.

429 1214 481 1265 2.
518 1211 704 1281 Igitur
727 1211 1017 1282 gloriosus
1041 1216 1259 1272 Domini
1285 1220 1587 1274 confessor
1615 1218 2015 1291 Wolphclmus

362 1297 416 1354 in
450 1298 801 1357 Ribuarensi
845 1302 922 1373 (2)
965 1317 1113 1373 pago
1146 1320 1216 1359 ex
1248 1305 1464 1362 illustri
1510 1308 1776 1378 prosapia
1821 1312 2012 1377 ortus,

361 1387 482 1454 Dei,
515 1403 740 1445 omnem
776 1390 998 1460 justum
1041 1394 1302 1461 gratuito
1345 1395 1749 1466 illuminantis,
1796 1412 2015 1467 pl‘lBVB-

364 1476 563 1534 niente
594 1480 806 1550 gratia,
841 1480 1049 1538 lineam
1082 1497 1379 1551 generosae
1415 1486 1753 1557 propaginis
1784 1486 2011 1541 ornavit

367 1565 540 1622 titulo
558 1568 910 1625 sanctitatis.
933 1570 1038 1637 Qui
1063 1573 1447 1642 meritojuxta
1470 1576 1899 1645 etymologiam,
1923 1573 2013 1631 vel

370 1653 580 1711 idioma
612 1655 822 1725 linguae
859 1659 1114 1729 regionis
1145 1661 1322 1731 illius,
1348 1663 1671 1734 Wolphelm
1706 1664 1782 1734 (3)
1816 1664 2015 1734 digno-

2127 1218 2277 1275 ciata
2304 1218 2491 1285 virili;
2528 1219 2660 1275 hinc
2693 1220 2907 1275 etenim
2939 1221 3135 1292 potius
3169 1220 3357 1277 laudis
3388 1220 3513 1291 ejus
3540 1221 3777 1277 videtur

2129 1308 2436 1377 propagari
2466 1307 2697 1377 titulus,
2744 1308 2896 1377 quod
2933 1312 3048 1363 tam
3086 1310 3228 1365 bene
3262 1308 3580 1365 redolentis
3613 1309 3777 1365 floris

2128 1398 2381 1453 fructum
2416 1397 2484 1452 ad
2517 1397 2703 1453 totius
2758 1396 3029 1454 Ecclesia;
3080 1398 3259 1453 edidit
3314 1402 3550 1468 statum,
3602 1410 3774 1468 quam

2126 1488 2281 1558 quod
2314 1487 2702 1544 clarissimum
2734 1486 3061 1542 stemmatis
3095 1501 3336 1557 ramum,
3363 1487 3433 1542 ab
3457 1488 3775 1544 auteritate

2128 1577 2496 1647 dignoscitur
2520 1577 2770 1633 traxisse
2794 1576 3068 1648 priorum.
3096 1576 3274 1645 Magis
3299 1575 3545 1646 denique
3581 1576 3775 1632 Omni-

2129 1671 2335 1737 potens
2390 1665 2847 1735 uniuscujusque
2912 1666 3198 1737 approbat
3267 1669 3535 1734 mentem,
3599 1680 3772 1736 quam

372 1742 559 1801 scitur
586 1745 933 1816 appellatus,
969 1749 1237 1819 quoniam
1263 1766 1367 1821 pro
1389 1756 1603 1807 castris
1635 1754 1855 1808 Domini
1881 1770 2014 1811 con-
2042 1746 2100 1809 Β
2130 1756 2548 1824 conditionem,
2569 1755 2704 1811 dum
2731 1754 2878 1810 liber
2896 1769 2961 1811 ac
2983 1769 3206 1823 servus,
3235 1769 3407 1810 unum
3432 1756 3698 1826 profecto
3720 1755 3774 1810 in

371 1838 463 1890 tra
496 1834 971 1893 immanissimum
1013 1838 1234 1910 lupum,
1270 1840 1326 1895 id
1358 1844 1448 1897 est
1493 1842 1807 1909 diabolum,
1848 1844 2011 1912 galea

372 1922 582 1980 salutis
607 1926 883 1993 munitus,
907 1930 1032 1983 erat
1051 1943 1501 1997 congressurus;
1529 1932 1678 2001 quod
1708 1946 1877 2002 quam
1901 1932 2016 1988 effl-

370 2012 611 2081 caciter,
639 2028 807 2085 quam
832 2018 1091 2086 strenue,
1121 2032 1224 2087 pro
1252 2033 1331 2088 re,
1359 2034 1465 2089 pro
1488 2023 1772 2090 tempore,
1802 2021 2013 2077 nomini

370 2101 727 2158 contendens
766 2104 952 2172 gestis
991 2120 1334 2175 congruere,
1380 2107 1673 2164 studuerit
1712 2124 2010 2180 exercere,

370 2188 497 2246 loco
531 2206 638 2246 suo
664 2191 848 2248 lector
874 2192 1101 2264 plenius
1127 2196 1345 2265 poterit
1372 2196 1648 2252 invenire.
1682 2199 1855 2253 Pater
1880 2213 2016 2255 vero

369 2278 571 2349 ipsius,
600 2280 942 2339 Frumoldus
967 2284 1043 2352 (4)
1069 2284 1317 2353 nomine,
1349 2289 1407 2341 ut
1431 2300 1502 2341 ex
1527 2287 1776 2342 nominis
1799 2287 1925 2355 ejus
1952 2288 2018 2343 li-

369 2373 510 2438 quet
531 2370 933 2441 expressione,
959 2374 1177 2443 probus
1201 2373 1387 2429 modis
1411 2375 1680 2430 omnibus
1705 2376 1901 2432 floruit
1926 2391 2017 2432 ac-

366 2456 544 2513 tione.
593 2458 695 2514 Hic
737 2474 953 2528 genere
995 2462 1367 2533 moribusque
1411 2463 1520 2518 sibi
1564 2468 2013 2535 competentem,

367 2546 609 2602 Evezam
661 2548 910 2617 nomine,
963 2550 1211 2606 sortitur
1264 2567 1501 2607 uxorem
1542 2553 1817 2623 :quibus,
1849 2554 2017 2623 juxta

368 2635 732 2706 Apostolum,
759 2638 1098 2697 honorabile
1128 2642 1479 2698 connubimn
1504 2647 1561 2697 et
1588 2648 1753 2699 torus
1782 2644 2015 2700 exstitit

369 2724 773 2784 immaculatus
795 2728 997 2795 (Hebr.
1027 2745 1148 2799 xm,
1175 2733 1258 2801 5);
1287 2732 1555 2801 quoniam
1580 2733 2015 2789 matrimonium

369 2830 481 2872 non
503 2820 851 2873 contraxere
876 2833 1046 2875 causa
1072 2819 1371 2889 explendae
1396 2820 1679 2889 libidinis,
1707 2822 1804 2876 sed
1828 2822 2015 2891 gratia

370 2904 749 2972 procreandze
780 2906 1024 2962 sobolis.
1057 2907 1165 2973 Qui
1190 2922 1404 2977 genere
1427 2908 1592 2977 clari,
1618 2912 1673 2964 et
1701 2910 1852 2964 inter
1877 2925 2017 2965 suos

371 2992 619 3061 quodam
644 2993 992 3050 innocentiae
1018 2994 1323 3066 privilegio
1356 2997 1640 3068 insigniti,
1669 3001 1835 3053 erant
1868 2998 2017 3054 chri-

2128 1845 2368 1900 Domino
2389 1859 2608 1900 sumus.
2636 1846 2709 1899 Ea
2737 1858 2874 1899 vero
2896 1843 3106 1904 solum.
3132 1848 3346 1914 praeter
3369 1857 3595 1899 omnem
3615 1858 3776 1900 mun-

2129 1932 2185 1988 di
2232 1933 2494 2005 gloriam,
2530 1934 2646 1988 Deo
2692 1934 2977 2004 probatur
3015 1936 3183 2001 grata
3225 1931 3489 2002 libertas,
3530 1947 3775 2003 eamque

2130 2022 2492 2079 nobilitatem
2529 2038 2641 2077 non
2675 2022 2886 2076 eximet
2925 2020 3039 2077 ulla
3070 2024 3357 2087 vetustas,
3380 2022 3586 2093 siquid
3618 2023 3770 2090 boui,

2129 2113 2177 2167 si
2216 2112 2354 2183 quid
2405 2111 2550 2167 recti
2595 2116 2691 2167 aut
2736 2126 2844 2166 nos
2887 2111 2993 2181 ipsi
3042 2111 3368 2180 fecerimus,
3419 2116 3521 2167 aut
3570 2111 3773 2167 talium

2130 2201 2433 2257 studiosos
2478 2216 2859 2256 successores
2900 2201 3115 2255 habere
3154 2198 3555 2255 meruerimus.

2202 2295 2249 2344 3.
2279 2290 2526 2344 Primam
2553 2290 2748 2360 itaque
2775 2289 3006 2344 humani
3028 2288 3368 2344 incrementi
3394 2289 3601 2345 beatus
3624 2290 3774 2347 Wol-

2131 2377 2398 2448 phelmus
2430 2378 2751 2434 ascendens
2784 2377 3015 2446 lineam,
3050 2378 3287 2448 auspice
3320 2379 3451 2447 Deo,
3485 2377 3554 2434 de
3588 2378 3768 2434 infan-

2128 2466 2208 2521 tia
2230 2467 2299 2522 ad
2321 2466 2485 2522 bonze
2512 2465 2720 2522 indolis
2744 2466 2978 2521 transiit
3009 2466 3342 2537 pueritiam.
3366 2467 3422 2520 lu
3446 2480 3557 2538 qua
3576 2471 3767 2535 aetate,

2129 2560 2187 2611 et
2218 2555 2547 2611 liberalium
2592 2555 2803 2610 artium
2838 2554 3203 2625 disciplinam
3236 2558 3325 2609 est
3361 2556 3682 2626 professus,
3718 2561 3771 2611 et

2131 2660 2369 2701 suorum
2401 2644 2701 2711 instantia,
2730 2643 2980 2699 Coloniae
3006 2643 3157 2714 apud
3182 2644 3363 2699 aedem
3390 2642 3465 2713 (5)
3492 2643 3644 2699 beati
3675 2645 3774 2699 Pe-

2132 2734 2204 2788 tri
2248 2733 2645 2805 apostolorum
2696 2733 2998 2804 principis,
3044 2732 3273 2804 corpori
3305 2733 3773 2802 congregationis

2132 2824 2411 2880 sociatus.
2436 2824 2558 2889 Quo
2574 2822 2856 2892 temporis
2872 2821 3144 2891 articulo,
3164 2820 3597 2892 postjuniorem
3613 2823 3777 2877 Otto-

2132 2929 2256 2969 nem
2284 2918 2579 2982 sceptrum
2603 2911 2825 2981 imperii
2854 2911 3099 2966 llenrico
3124 2909 3382 2966 secundo
3407 2908 3655 2966 feliciter
3680 2911 3775 2966 ad-

2132 3002 2524 3069 ministrante,
2559 3002 2735 3055 rebus
2767 2999 2999 3069 quidem
3036 2998 3261 3053 bellicis
3288 2998 3413 3054 viro
3438 2999 3775 3068 potentissi-

369 3080 573 3138 stianae
613 3080 915 3151 religionis
956 3083 1319 3141 devotissimi
1361 3085 1643 3153 cultores,
1698 3086 1829 3142 fidei
1882 3087 2016 3143 dote
2051 3108 2099 3171 Ο
2132 3106 2242 3157 mo,
2281 3088 2436 3144 circa
2469 3086 2899 3143 ecclesiasticas
2922 3100 3061 3142 vero
3085 3084 3427 3156 disciplinas
3460 3086 3776 3143 solertissi-

370 3169 678 3241 pollentes,
731 3172 1020 3229 charitate
1072 3174 1387 3245 ferventes,
1424 3175 1663 3245 pietatis
1702 3180 2013 3245 amatores,

362 3258 529 3328 juxta
561 3260 923 3332 Apostolum,
952 3263 1161 3319 bonum
1187 3268 1501 3334 operanles
1527 3264 1594 3319 ad
1620 3280 1819 3320 omnes
1855 3264 2012 3331 (Gal.

367 3362 441 3417 vr,
470 3351 578 3421 10).
606 3350 817 3407 Verum
845 3351 1071 3408 domina
1096 3354 1303 3423 Eveza,
1332 3358 1393 3409 ut
1418 3352 1707 3409 illustrem
1733 3369 2014 3425 exponam

370 3437 639 3495 familiam
672 3444 731 3495 et
759 3439 861 3496 alti
895 3442 1194 3511 sanguinis
1229 3442 1430 3513 decus,
1462 3457 1532 3497 ex
1561 3443 1865 3511 cujusdam
1891 3442 2018 3499 illu-

368 3528 644 3584 strissimi
668 3529 916 3597 comitis,
941 3531 1203 3587 Siceonis
1228 3532 1474 3599 nomine,
1500 3531 1682 3602 stirpe
1704 3532 2017 3587 descende-

370 3621 479 3686 rat,
507 3630 676 3686 quem
700 3622 761 3672 et
782 3617 970 3688 ampla
1004 3620 1356 3689 praediorum
1383 3620 1594 3690 spatia,
1625 3623 1681 3675 et
1710 3620 2016 3691 utriusque

368 3718 545 3763 sexus
576 3720 883 3763 numerosa
909 3707 1143 3778 familia,
1170 3708 1271 3763 sed
1294 3713 1349 3763 et
1379 3708 1649 3764 militaris
1672 3709 1843 3763 animi
1867 3725 2019 3765 com-

371 3793 683 3850 mendabat
701 3794 959 3851 audacia.
985 3796 1105 3865 Hic,
1130 3796 1284 3867 quod
1307 3797 1514 3868 Opibus
1536 3802 1595 3854 et
1614 3798 1919 3854 nobilitate
1940 3799 2015 3854 sit

367 3880 603 3951 celsius,
634 3883 925 3953 justitiam
958 3884 1409 3956 aequitatemque
1445 3891 1723 3955 sectatus,
1761 3903 1870 3957 qua
1903 3890 2017 3945 Deo

366 3970 449 4026 nil
479 3970 773 4027 invenitur
797 3973 1119 4043 acceptius,
1147 3973 1287 4029 totis
1310 3974 1651 4031 elaborabat
1678 3977 1905 4033 nisibus
1931 3982 2013 4044 ut,

366 4059 516 4117 sicut
546 4060 925 4132 propaginem
947 4062 1368 4132 magnificentia
1395 4066 1655 4136 generis,
1679 4066 1756 4121 ita
1779 4074 1835 4122 et
1860 4066 2018 4124 illus-

367 4152 554 4205 traret
579 4150 858 4220 operibus
881 4150 1134 4222 pietatis.
1153 4153 1313 4209 Unde
1335 4153 1535 4225 procul
1558 4156 1735 4211 dubio
1756 4156 2019 4213 innuitur

365 4237 518 4294 hunc
544 4238 767 4309 justum
799 4244 1032 4310 tamque
1063 4241 1328 4312 praeclari
1354 4243 1544 4298 meriti
1572 4259 1781 4313 Vll‘llm,
1808 4260 1876 4300 ex
1903 4260 2018 4299 mo-

367 4325 554 4383 destis
585 4331 641 4383 et
678 4328 788 4399 piis
829 4329 1173 4400 parentibus
1203 4336 1418 4401 ortum,
1460 4347 1788 4403 quanquam
1832 4333 2017 4403 plero-

366 4429 508 4486 sque
533 4415 1096 4487 legamusjustorum
1122 4435 1191 4474 ex
1218 4420 1559 4490 parentibus
1584 4421 1775 4477 editos
1800 4421 2012 4492 impiis,
2045 4470 2099 4531 Β

366 4506 546 4531 "Alﬁo:
588 4521 735 4531 ..Αιυνι
779 4507 1096 4531 ..ε......--..ι.-..
1128 4524 1191 4531 Α-.
1230 4509 1411 4531 --.2,2.
1483 4511 1829 4531 ηὴ.-;ι..ιμ-..-
1876 4527 2007 4531 μμ---

364 4506 546 4564 veluti
588 4521 737 4564 rosae
776 4507 1096 4578 gignuntur
1124 4524 1194 4564 ex
1228 4509 1435 4580 Spinis.
1482 4511 1835 4567 Genitricem
1876 4527 2015 4567 vero

364 4595 513 4665 ejus,
549 4611 740 4667 quam,
776 4596 1042 4669 exemplo
1075 4597 1366 4666 Rachelis,
1404 4614 1506 4669 pro
1546 4598 1664 4654 lilio
1695 4598 1917 4656 doloris
1953 4616 2015 4657 ac

365 4684 645 4753 dexterae,
669 4684 723 4740 in
748 4686 1155 4742 benedictione
1180 4686 1415 4742 seminis
1442 4686 1685 4742 Abrahae
1710 4689 1859 4744 hunc
1883 4704 2015 4745 con-

362 4775 477 4831 stat
505 4773 827 4845 peperisse,
854 4772 1093 4831 dubium
1119 4789 1231 4830 non
1250 4779 1364 4844 est,
1392 4789 1519 4831 cum
1547 4779 1704 4831 Anna
1732 4776 2016 4833 Samuelis

363 4866 570 4933 matre,
617 4861 799 4919 vicem
832 4877 861 4919 a
897 4864 1013 4919 Deo
1051 4864 1404 4920 commodnti
1451 4865 1668 4922 fenoris
1708 4867 2009 4924 meruisse.

361 4951 493 5009 Pari
526 4950 741 5024 quippe
772 4954 908 5007 voto
933 4951 1054 5009 haec
1080 4951 1259 5007 filium
1286 4951 1578 5011 invenitur
1599 4955 1884 5013 obtulisse
1910 4957 2015 5012 Do-

363 5041 537 5099 mino.
561 5042 641 5097 De
663 5054 775 5111 qua
798 5039 975 5096 etiam
1000 5039 1169 5112 plane
1189 5040 1576 5113 sentiendum,
1601 5046 1757 5116 quod
1780 5059 1889 5102 non
1916 5045 2016 5101 mi-

363 5144 471 5189 nus
503 5129 793 5203 placuerit
827 5128 883 5185 in
918 5129 1298 5186 tabernaculo
1337 5132 1557 5189 Domini
1593 5137 1835 5207 prouter
1864 5148 2016 5189 com-

363 5219 643 5279 mercium
677 5216 953 5289 conjugii,
992 5231 1163 5289 quam
1188 5219 1231 5277 si
1260 5224 1390 5279 toro
1422 5222 1653 5279 minime
1690 5222 1891 5279 fuisset
1924 5237 2016 5278 so-

439 5393 517 5466 ('2)
551 5394 811 5465 Ripuarii
854 5398 995 5468 tunc
1035 5395 1400 5465 dicebantur,
1446 5396 1544 5468 qui
1586 5410 1738 5453 nunc
1779 5397 2015 5467 potissi-

368 5464 520 5536 mum
543 5464 734 5536 agros
776 5464 1174 5524 Coloniensem
1207 5472 1266 5522 et
1298 5464 1685 5525 Jul'iaeensem
1728 5464 1993 5523 incolunt

368 5535 1037 5610 Wolphe’lmioriginem
1079 5553 1150 5610 ex
1189 5539 1503 5610 comitibus
1537 5539 1607 5610 de
1636 5537 1759 5610 Niel
1800 5538 2016 5610 repetit

372 5605 644 5663 Gelenius
678 5608 827 5662 libro
859 5621 918 5662 ιιι
952 5609 1030 5663 De
1063 5608 1417 5664 admirandis
1458 5608 1727 5664 Coloniae.

443 5680 518 5747 (3)
551 5679 723 5734 Notat
747 5677 1145 5733 lleuschenius
1170 5679 1320 5749 apud
1347 5679 1723 5736 Colonienses
1764 5681 2019 5753 ll’olflu-

2130 3193 2241 3245 mo,
2297 3182 2537 3233 sanctus
2586 3176 2951 3244 lleribertus,
3000 3178 3121 3230 toto
3157 3176 3272 3245 jam
3314 3175 3438 3231 orbi
3474 3176 3617 3230 fama
3646 3189 3777 3231 san-

2128 3264 2356 3321 ctitatis
2414 3262 2778 3331 notissimus,
2840 3266 3056 3317 sanctae
3112 3261 3441 3318 Coloniensi
3498 3260 3777 3319 Ecclesia:

2132 3354 2489 3426 praesidebat
2535 3352 2869 3423 episcopus.
2923 3350 3030 3415 Qui
3066 3350 3437 3406 beatissimus
3487 3351 3771 3421 pontifex,

2124 3444 2239 3514 jam
2274 3442 2490 3498 ultimae
2525 3441 2719 3496 aetatis
2754 3439 2917 3495 senio
2952 3440 3163 3508 fessus,
3204 3439 3474 3495 famulum
3498 3438 3596 3494 Dei
3619 3439 3776 3495 Wol-

2132 3531 2443 3604 phelmum,
2476 3535 2586 3584 tam
2619 3544 2868 3600 corpore
2901 3528 3089 3584 adhuc
3123 3531 3369 3599 quamet
3395 3527 3612 3583 malitia
3645 3543 3777 3598 par-

2129 3620 2347 3685 vulum,
2376 3634 2535 3675 more
2561 3619 2670 3674 sibi
2696 3618 3042 3673 Christiana:
3075 3617 3372 3687 religionis
3397 3617 3678 3685 oblatum,
3716 3623 3773 3673 ut

2130 3710 2529 3779 evangelicum
2555 3707 2828 3763 Dominus
2852 3706 3175 3778 parvulum,
3198 3706 3251 3761 iu
3276 3706 3463 3762 medio
3487 3709 3775 3762 statutum

2132 3799 2533 3862 benedixcrat,
2576 3801 2631 3852 et
2684 3811 2790 3867 per
2841 3797 2991 3851 sacri
3040 3795 3374 3851 chrismatis
3422 3794 3772 3863 unctionem,

2130 3889 2434 3958 sanctique
2486 3886 2740 3957 Spiritus
2793 3885 3236 3950 invocationem,
3281 3884 3335 3938 in
3379 3884 3625 3939 filiorum
3673 3882 3773 3939 Dei

2130 3976 2513 4033 transtulerat
2541 3979 2780 4030 sortem.
2809 3975 2990 4030 Porro
3014 3988 3083 4029 ne
3109 3972 3316 4042 inanis,
3339 3975 3435 4028 aut
3462 3986 3658 4041 vacua,
3686 3971 3771 4026 vel

2130 4070 2293 4124 certe
2330 4064 2568 4121 fortuita
2602 4063 2655 4119 in
2689 4063 2789 4119 illo
2824 4067 3020 4133 posset
3054 4061 3331 4117 mstimari
3366 4060 3510 4117 tanti
3543 4060 3775 4117 benedi-

2129 4156 2247 4212 ctio
2264 4154 2395 4222 viri,
2415 4153 2599 4209 sancti
2623 4152 2873 4225 Spiritus
2895 4156 3187 4208 attractus
3204 4150 3420 4219 calore,
3439 4150 3507 4205 ad
3522 4154 3768 4205 contem-

2130 4244 2410 4315 plativam
2442 4242 2619 4298 vitam
2651 4245 2779 4297 toto
2805 4241 2920 4311 jam
2951 4240 3160 4296 mentis
3191 4238 3483 4295 desiderio
3515 4243 3773 4309 coeperat

2131 4332 2425 4402 anhelare,
2462 4331 2721 4400 satisque
2752 4330 2990 4384 fecisset
3021 4329 3195 4395 votis,
3222 4328 3265 4383 si
3292 4326 3682 4383 immaturitas
3720 4325 3770 4381 id

2133 4438 2243 4479 non
2278 4421 2617 4493 impedisset
2639 4419 2849 4475 aetatis.
2883 4418 3093 4473 Verum
3120 4420 3336 4486 quanto
3365 4414 3612 4473 naturali
3645 4431 3772 4486 pro-

2132 4526 2302 4568 cessu
2352 4513 2723 4580 augmentum
2775 4507 3041 4579 capiebat
3095 4506 3324 4574 virium,
3377 4508 3536 4561 tanto
3564 4503 3618 4559 in
3652 4502 3772 4559 dies

2131 4598 2317 4656 sancti
2362 4596 2607 4653 fervoris
2650 4595 2806 4651 illius
2844 4593 3147 4650 crescebat
3183 4591 3555 4649 desiderium.

2202 4691 2250 4743 4.
2287 4686 2413 4743 Fuit
2453 4690 2645 4742 autem
2689 4689 2753 4741 ut
2789 4697 3036 4753 corpore
3076 4686 3299 4752 castus,
3348 4681 3425 4737 ita
3467 4685 3655 4736 mente
3688 4695 3771 4735 so-

2128 4776 2311 4846 brius,
2340 4780 2559 4832 tantam
2583 4772 2887 4846 possidens
2906 4770 3151 4841 gratiam
3177 4769 3395 4839 vultus,
3422 4773 3485 4826 ut
3504 4768 3770 4840 quodam-

2127 4866 2299 4923 modo
2318 4863 2617 4935 angelicus
2638 4863 2763 4933 ejus
2781 4864 3088 4934 putaretur
3110 4871 3402 4932 aspectus.
3421 4858 3769 4915 Praeterhaec

2127 4954 2335 5011 divinae
2371 4953 2605 5025 pietatis
2636 4951 2869 5015 indicia,
2896 4949 2951 5006 in
2975 4948 3308 5005 eruditione
3342 4947 3766 5019 Scripturarum

2127 5049 2349 5100 tantam
2376 5042 2696 5115 promeruit
2719 5039 3056 5107 efﬁcaciam,
3080 5042 3141 5093 ut
3163 5036 3316 5109 quod
3336 5034 3513 5093 semel
3534 5034 3769 5106 legendo

2126 5131 2488 5201 adverteret,
2512 5135 2800 5203 perpetuo
2820 5128 3125 5186 retineret.
3149 5126 3313 5194 Quod
3336 5126 3695 5198 plerumque,
3715 5128 3767 5179 ut

2125 5219 2677 5290 credimus,occulto
2691 5219 2789 5276 Dei
2805 5214 3419 5290 agebaturjudicio,ne
3435 5212 3769 5271 beatissimo

2129 5411 2283 5471 pum,
2317 5396 2474 5471 ltelm
2500 5411 2638 5453 vero
2668 5396 2894 5471 galeam
2928 5393 3312 5471 significare,_
3486 5462 3496 5471 ε
3587 5460 3598 5471 ,

2201 5459 2280 5535 (tl
2309 5469 2463 5524 Idem
2500 5459 3011 5523 notat'Germanis
3045 5466 3223 5524 From
3260 5463 3409 5520 idem
3451 5459 3769 5532 signiﬁcare

2126 5552 2195 5594 ac
2229 5541 2495 5611 probum,
2535 5539 2678 5595 Olde
2712 5553 2848 5611 vero
2879 5538 3193 5611 antiquum
3209 5535 3457 5611 referre.

2200 5603 2275 5685 (ὃ)
2312 5603 2568 5685 Hzec‘cst
2594 5608 2859 5685 ecclesia
2905 5603 3767 5685 metropolitana‘polonieu‘sis,

2126 5682 2216 5739 cui
2338 5681 2684 5737 Heribertus
2715 5679 2784 5735 ad
2816 5694 3027 5735 annum
3065 5693 3246 5747 usque
3285 5681 3418 5732 1022
3454 5678 3704 5747 praefuit.
