3894 6418
197 405 318 468 409

1805 404 1984 469 V'l'l‘A
2000 447 2017 468 .

3488 402 3606 467 410

199 540 350 612 viro,
384 538 441 598 in
467 540 662 613 aliquo
693 540 952 601 scientiae
994 541 1225 602 deesset
1274 543 1594 616 plenitudo.
1631 543 1836 614 Igitur,
1875 541 1930 605 A
1961 548 2080 605 voti
2111 562 2352 620 compos
2374 549 2639 617 effectus,
2672 559 2732 604 se
2766 546 3106 605 monachum
3137 550 3228 602 est
3278 541 3601 616 professus,

199 632 468 702 exceptis
499 630 825 688 divinorum
876 632 1230 690 voluminum
1287 635 1526 706 paginis,
1562 634 1842 704 quidq-iid

203 724 375 790 poeta
391 720 626 788 cecinit,
645 726 843 776 orator
862 723 1143 779 facundus
1158 723 1848 794 disseruit,philos0phus

202 810 584 878 excogitavit,
605 809 850 880 quadam
881 826 1064 881 penna
1098 811 1327 868 altioris
1347 827 1556 869 sensus
1583 819 1847 883 pcnetra-

203 897 310 952 vit.
329 897 666 967 Quanquam
689 913 826 954 vero
852 902 1009 954 tanta
1029 899 1260 969 juvenis
1284 901 1526 957 scientia
1568 902 1850 972 praeditus

203 986 1028 1057 claruerit,nunquamtamen
1051 988 1492 1058 hincjactantize
1510 991 1648 1045 vitio
1662 991 1851 1045 elatus

208 1074 542 1144 succubuit,
580 1090 796 1131 memor
820 1075 1070 1132 dicentis
1104 1077 1399 1148 Apostoli:
1424 1079 1610 1133 Nolite
1652 1079 1847 1134 seduci

211 1179 317 1236 per
346 1163 571 1219 inanem
606 1164 948 1234 sapientiam
984 1165 1155 1233 hujus
1182 1165 1373 1220 mundi
1410 1167 1648 1236 (Ep/aes.
1685 1184 1733 1230 v,
1772 1169 1846 1236 6).

206 1253 387 1307 Tanta
408 1258 600 1308 autem
625 1253 904 1321 gravitas,
923 1259 1082 1308 tanta
1109 1269 1327 1308 morum
1357 1254 1436 1308 illi
1461 1255 1644 1310 iuerat
1675 1261 1855 1309 matu-

209 1341 374 1406 ritas,
410 1345 472 1396 ut
506 1341 690 1411 palam
726 1342 954 1397 cunctis
999 1343 1239 1397 daretur
1266 1343 1509 1410 intelligi
1546 1358 1645 1397 vas
1692 1343 1850 1397 illum

209 1429 520 1483 electionis
539 1429 810 1484 existere.
833 1429 1053 1484 Nullam
1074 1445 1211 1484 vero
1240 1447 1340 1499 pro
1357 1431 1571 1485 carnali
1602 1431 1856 1499 ingenui-

214 1522 330 1571 tate
382 1518 492 1572 sibi
540 1517 872 1587 patiebatur
916 1519 1298 1572 reverentiam
1346 1520 1628 1587 exhiberi,
1655 1521 1854 1575 utilius

210 1621 460 1661 ceusens
491 1621 686 1661 amore
720 1607 928 1661 Christi
963 1622 1021 1662 se
1055 1607 1324 1662 humilem
1357 1609 1632 1663 exhibere
1665 1623 1857 1680 perso-

211 1709 362 1762 nam,
414 1710 583 1765 quam
642 1695 894 1749 animum
951 1696 1163 1750 habere
1221 1695 1586 1760 degenerem.
1623 1699 1854 1766 lneptas

209 1783 388 1838 etiam
449 1782 1116 1853 fabulas,juvenumque
1173 1783 1467 1839 lasciviam
1528 1785 1853 1839 declinabat

212 1875 534 1928 venenatas
565 1870 923 1927 adulantium
960 1872 1187 1941 linguas
1221 1873 1604 1936 abhorrebat;
1641 1874 1857 1928 vanilo-

216 1960 743 2030 quium,levitatem
768 1962 1090 2028 oculorum,
1109 1962 1408 2031 totiusque
1445 1969 1634 2018 motus
1657 1978 1858 2033 corpo-

217 2048 581 2116 ris,anchora
599 2049 1644 2117 cohibebatgravitatis.Cousiderans
1667 2052 1858 2121 itaque

212 2141 271 2191 et
302 2137 667 2206 perpendens
693 2137 968 2205 magister
991 2137 1316 2192 scholarum
1335 2140 1486 2194 hunc
1513 2139 1733 2194 illiusiu
1753 2157 1862 2194 om-

212 2224 373 2280 uium
404 2225 688 2280 virtutum
724 2225 1049 2294 disciplinis
1084 2228 1424 2295 profectum,
1451 2229 1741 2291 gaudebat
1767 2228 1863 2282 do-

209 2312 421 2368 ctrina}
456 2312 536 2367 illi
571 2313 925 2383 impendisse
959 2314 1234 2383 studium,
1267 2332 1433 2383 quem
1494 2317 1865 2385 perlimtininis

215 2403 496 2457 cernebat
524 2402 791 2471 attigisse
811 2403 1122 2470 fastigium.
1144 2404 1375 2458 Arctius
1397 2405 1588 2474 itaque
1607 2406 1715 2459 sibi
1735 2421 1861 2460 eum

211 2491 440 2558 eligens
485 2491 930 2555 annectendum,
977 2492 1576 2561 honorilicentiusque
1636 2510 1866 2548 servan-

213 2581 691 2650 dum,assumpsit
719 2581 877 2636 illum
901 2589 1234 2637 consortem
1284 2583 1742 2652 participemi’pic
1787 2584 1864 2638 la-

217 2669 404 2736 boris,
442 2684 590 2724 onus
633 2686 760 2724 cum
803 2669 899 2725 illo
939 2671 1197 2739 partiens
1242 2673 1507 2737 regenda}
1544 2672 1864 2741 disciplina)

219 2757 526 2813 scholaris.
558 2759 838 2813 Fervebat
859 2760 1055 2828 itaque
1083 2760 1132 2812 iu
1167 2778 1236 2813 eo
1263 2761 1560 2823 magnifice.
1588 2761 1862 2828 studium,

211 2847 340 2916 jugi
367 2846 788 2902 exercitatione
813 2847 1269 2917 Scripturarum:
1295 2855 1372 2908 et,
1395 2850 1660 2917 quoniam
1689 2850 1868 2904 scien-

221 2935 322 2988 tize
357 2933 514 2989 illius
549 2934 858 3000 thesaurus
893 2950 998 2989 non
1028 2935 1436 2992 occultahatur
1461 2937 1864 3005 absconditus,

217 3023 396 3077 fiebat
415 3022 802 3090 ubique,fama
821 3023 1111 3089 vulgantc,
1132 3024 1568 3080 celeberrimus.
1597 3029 1626 3075 li
1643 3026 1730 3080 inc
1757 3043 1866 3080 non

214 3111 407 3167 minor
433 3111 501 3166 de
527 3110 858 3180 longinquo,
883 3128 1050 3182 quam
1075 3128 1144 3168 ex
1171 3114 1448 3183 proximo,
1474 3115 1867 3170 studiosorum

207 3200 386 3256 illum
404 3200 753 3256 clericorum
777 3204 1087 3271 expetebat
1119 3204 1690 3273 frequentiaqirzesen
1704 3204 1741 3258 ti
1775 3221 1872 3259 au-

1962 642 2234 710 senisque
2254 657 2380 696 cum
2409 639 2703 711 Seraphim
2731 637 2839 693 alis
2866 638 3130 698 amictus.
3164 637 3338 691 Deum
3369 633 3602 689 excelso

1959 731 2162 800 gloriae
2197 731 2340 786 solio
2376 731 2685 786 subnixum
2710 726 3026 798 tranquilla
3061 726 3272 781 mentis
3305 724 3427 779 acie
3471 738 3605 779 con-

1961 819 2231 890 templari
2265 819 2517 875 laetatur.
2542 818 2702 886 Quod
2737 833 2805 872 ne
2837 817 3076 872 abusive
3109 814 3379 870 videatur
3421 810 3610 883 prola-

1963 914 2082 964 tum
2144 908 2369 964 noverit
2431 908 2636 974 lector,
2682 909 2932 961 Romana
2993 903 3348 959 auctoritate
3405 901 3607 956 dcere-

1962 1001 2082 1053 tuin
2110 997 2207 1066 (7),
2228 996 2384 1052 illius
2408 996 2631 1051 ordinis
2659 995 2860 1050 habitu
2886 991 3332 1063 signiﬁeantiam
3356 989 3601 1059 exprimi

1964 1101 2065 1142 sex
2090 1085 2329 1141 alarum.
2360 1088 2508 1140 Duas
2539 1085 2680 1152 alas,
2707 1083 2803 1139 ille
2828 1098 2939 1152 quo
2966 1081 3143 1137 totius
3166 1078 3434 1148 corporis
3455 1076 3606 1132 vela-

1964 1179 2060 1229 tur
2095 1174 2542 1240 altitudo;duas,
2561 1188 2673 1242 quo
2700 1172 3063 1227 brachiorum
3087 1169 3307 1235 tegitur
3331 1165 3602 1224 latitudo:

1965 1263 2110 1317 duas
2145 1279 2279 1318 vero
2312 1265 2643 1334 superiores
2692 1261 2935 1315 invicem
2971 1259 3078 1314 sibi
3109 1258 3363 1326 junctas,
3391 1253 3603 1322 capitis

1965 1352 2345 1420 operimento.
2383 1351 2542 1416 Quod
2579 1350 2707 1420 quia
2772 1349 3025 1419 priorum
3087 1350 3282 1401 sancta
3342 1342 3599 1398 definivit

1967 1440 2308 1506 auctoritas,
2351 1439 2504 1494 nulla
2557 1437 3059 1502 argumentatione
3118 1433 3385 1489 refellere
3432 1430 3606 1485 habet

1967 1528 2298 1598 posteritas,
2331 1543 2459 1582 cum
2491 1527 2760 1582 videatur
2784 1531 2840 1580 et
2871 1525 3065 1580 crucis
3101 1539 3201 1594 per
3257 1521 3443 1576 omnia
3479 1533 3605 1587 spe-

1965 1616 2329 1683 ciemgcrerc
2343 1615 2597 1682 eiusdem
2614 1615 2846 1670 habitus
2864 1615 3121 1683 inspecta
3147 1608 3602 1680 qualitas.Quam

1967 1720 2200 1759 crucem
2233 1705 2438 1758 beatus
2487 1703 2904 1774 Wolphelmus,
2941 1707 3003 1755 ut
3053 1700 3201 1754 alter
3244 1697 3478 1765 Paulus,
3512 1695 3600 1751 vel

1971 1793 2275 1861 Antonius,
2303 1809 2412 1847 non
2457 1797 2682 1848 tantum
2743 1791 3002 1846 exterius
3060 1803 3379 1855 assumens,
3416 1786 3515 1841 sed
3547 1791 3595 1839 et

1973 1881 2236 1936 interiori
2290 1882 2502 1936 homini
2537 1879 3024 1935 indissolubiliter
3055 1877 3405 1945 astringens,
3428 1888 3604 1929 onere

1973 1968 2169 2023 saeculi
2203 1965 2534 2038 expeditus,
2566 1968 2920 2036 sequebatur
2954 1965 3162 2018 Christi
3207 1963 3474 2031 vestigia,
3512 1976 3608 2014 cx-

1976 2057 2169 2128 pansis
2221 2057 2271 2111 in
2314 2073 2430 2112 siue
2481 2055 2854 2111 exaltationis
2907 2054 3061 2122 ligno
3118 2053 3382 2108 manibus
3415 2049 3482 2105 ad
3546 2064 3606 2104 se

1975 2146 2260 2201 trahentis
2291 2144 2499 2208 omnia,

2043 2239 2092 2288 6.
2117 2234 2486 2288 Colonicnse:
2524 2233 2761 2293 interea,
2800 2233 3010 2302 quibus
3046 2246 3154 2285 non
3189 2229 3396 2284 leviter
3429 2230 3611 2282 feren-

1973 2323 2106 2377 dum
2133 2323 2634 2378 \v'idelmturtantze
2651 2322 2984 2376 sanctitatis
3008 2321 3132 2374 viro
3157 2333 3377 2375 carere.
3401 2317 3494 2371 ubi
3516 2317 3608 2370 uhi

1975 2410 2340 2479 requisitum.
2388 2411 2614 2465 tandem
2669 2409 2993 2464 audientes.
3027 2406 3278 2462 Treviris
3333 2404 3611 2473 angelicae

1979 2499 2411 2553 conversatioui
2432 2501 2690 2566 studere,
2711 2498 2950 2553 invicem
2973 2496 3344 2550 contulerunt
3361 2493 3612 2562 qualiter

1975 2604 2103 2642 eum
2141 2593 2373 2657 possent
2408 2593 2691 2656 repetere.
2731 2587 2867 2640 lliuc
2926 2586 3328 2640 llerimannum
3367 2585 3462 2652 (δ),
3499 2581 3612 2635 illis

1977 2677 2184 2731 diebus
2242 2676 2489 2731 Colonia:
2541 2692 2774 2731 currum
2833 2675 2926 2728 Dei
2963 2674 3344 2743 aurigantmu,
3375 2670 3610 2726 adeunt.

1979 2765 2115 2833 quid
2167 2765 2414 2820 habeant
2443 2765 2558 2818 voti
2603 2764 2788 2834 palam
2823 2764 3035 2818 faciunt
3072 2762 3171 2827 ‘lli,
3221 2765 3277 2817 ct-
3339 2775 3442 2815 cur
3502 2757 3614 2811 alio

1978 2853 2326 2907 translatum
2391 2853 2612 2921 insigne
2649 2853 2808 2908 urbis
2833 2868 2949 2906 suae
2985 2867 3094 2905 nou
3151 2853 3398 2918 repetat,
3431 2846 3521 2916 pie
3554 2861 3615 2899 se

1977 2956 2111 2996 vera
2149 2942 2541 3009 indignatione
2574 2943 2626 2996 in
2678 2956 2807 2996 eum
2867 2941 3248 2995 conclamant.
3284 2939 3418 2991 Erat
3479 2940 3616 2989 tunc

1981 3030 2176 3086 videre
2199 3035 2415 3097 togatze
2448 3031 2609 3085 urbis
2641 3031 2926 3102 primores
2961 3029 3169 3082 iterum
3221 3025 3482 3094 Gregorii
3539 3030 3616 3092 (9')

1980 3119 2066 3172 sui
2102 3119 2424 3174 discessum
2485 3124 2932 3187 conquerentes:
2971 3116 3101 3186 quia
3135 3130 3242 3171 non
3280 3115 3458 3184 major
3519 3111 3617 3165 illo

1982 3208 2321 3264 discedente
2346 3209 2732 3264 Romanorum
2753 3206 3035 3274 confusio,
3053 3219 3221 3274 quam
3248 3205 3352 3258 hoc
3377 3203 3616 3257 absente

218 3288 348 3344 ditu
373 3289 737 3359 cupientium
761 3291 1016 3360 experiri
1042 3296 1251 3360 quanta
1281 3291 1333 3346 iu
1361 3291 1460 3345 illo
1486 3292 1868 3347 veriSalomo-
1903 3271 1951 3332 Ο
1984 3295 2410 3351 Coloniensiqu
2465 3296 2797 3364 agitabatur
2846 3294 3108 3363 quaestio.
3142 3295 3256 3346 Nec
3290 3291 3343 3344 id
3387 3289 3612 3357 injuria.

220 3377 315 3433 nis
337 3377 555 3445 vigeret
582 3377 885 3447 sapientia.
907 3379 1113 3434 Verum
1148 3380 1320 3435 sicuti
1373 3381 1527 3435 nulla
1551 3397 1679 3436 eum
1705 3396 1872 3450 argu-

221 3466 583 3522 mentatione
617 3466 988 3534 concludere,
1027 3468 1109 3521 sic
1143 3468 1297 3524 nulla
1334 3475 1445 3524 tam
1477 3479 1697 3537 arguue
1746 3486 1872 3541 pro-

223 3554 535 3626 positionis
557 3556 828 3610 valebant
861 3557 1205 3612 documenta
1235 3572 1576 3628 proponere,
1595 3573 1720 3628 qua)
1742 3575 1873 3614 c0n~

219 3643 339 3700 cite
397 3659 507 3698 non
564 3643 956 3714 solverentur,
1007 3646 1373 3700 convcnienti
1437 3647 1714 3703 historica
1781 3649 1872 3704 vel

222 3731 539 3800 allegorica
574 3733 954 3802 expositione.

306 3827 336 3876 ὅ
361 3822 559 3892 Itaque
593 3836 870 3876 novorum
905 3823 1012 3877 iste
1045 3839 1110 3880 ac
1142 3827 1398 3879 veterum
1459 3824 1529 3881 de
1580 3827 1728 3882 bono
1755 3826 1874 3881 the-

223 3926 401 3966 sauro
433 3910 522 3965 sui
560 3910 756 3965 cordis
815 3911 1097 3983 prolator,
1123 3913 1590 3968 animadvertens
1643 3920 1872 3984 quantze

227 3998 726 4069 impossibilitatis
743 3999 813 4054 sit
831 4000 1060 4055 duobus
1075 4001 1325 4056 dominis
1345 4003 1869 4069 scrvirchuc.xv1,

228 4093 338 4155 13i,
377 4091 437 4142 ut
474 4088 567 4144 uni
600 4089 738 4156 Deo,
776 4091 866 4144 cui
921 4089 1141 4144 servire
1175 4106 1418 4159 regnare
1467 4097 1578 4160 est,
1618 4092 1872 4147 liberiori

227 4176 420 4232 animo
453 4180 655 4246 posset
704 4176 1007 4245 inhaerere,
1045 4179 1262 4234 saeculo
1313 4181 1542 4250 penitus
1590 4180 1872 4236 deliberat

233 4263 597 4320 renuntiare.
631 4266 802 4320 Juxta
853 4264 998 4320 illud
1031 4281 1170 4334 ergo
1219 4267 1630 4335 Gregoriauum
1664 4268 1785 4329 (lib.
1814 4283 1874 4332 ll,

228 4353 875 4424 Dialog.,c.l),pedem
919 4355 1260 4424 quemquasi
1287 4356 1340 4410 in
1367 4356 1637 4424 ingressu
1681 4356 1873 4412 mundi

233 4445 532 4514 posuerat,
553 4442 874 4510 retrahens,
902 4443 1093 4513 ruptis
1119 4449 1483 4500 terrenarum
1510 4445 1875 4516 voluptatum

229 4531 483 4599 catenis,
519 4545 807 4588 morarum
843 4531 1174 4603 impatiens,
1212 4534 1398 4601 fugam
1431 4533 1578 4598 iniit,
1627 4534 1876 4589 latenter

1983 3385 2137 3439 Sicut
2159 3385 2306 3439 enim
2336 3384 2450 3450 ille,
2470 3399 2572 3439 suo
2598 3383 2810 3438 nomini
2831 3379 3618 3450 bonisoperibuscongruen-

1983 3473 2074 3540 do,
2103 3489 2220 3528 suae
2243 3479 2300 3528 et
2327 3473 2720 3543 proximorum
2748 3471 2920 3526 saluti
2947 3469 3306 3537 invigilabat;
3328 3467 3404 3522 ita
3431 3471 3486 3519 et
3512 3466 3618 3520 iste

1984 3561 2114 3616 ﬁdei
2163 3576 2340 3631 opera
2391 3561 2785 3630 exsequendo,
2821 3564 3161 3614 cunctorum
3205 3555 3517 3611 dilectione
3563 3559 3616 3607 et

1983 3651 2357 3705 veneratione
2405 3648 2779 3718 dignissimus
2818 3652 2964 3703 erat.
3005 3645 3494 3715 ArchiepiscOpus
3525 3657 3622 3697 au-

1985 3742 2098 3792 tem
2125 3738 2290 3806 juxta
2326 3737 2465 3792 illud
2502 3736 2820 3808 sapientis:
2863 3737 3016 3801 Quia
3043 3734 3308 3791 amultis
3358 3731 3618 3797 timetur,

1982 3840 2212 3884 necesse
2233 3827 2646 3883 estutmultos
2695 3826 2918 3893 timeat,
2957 3825 3352 3894 subjectorum
3415 3821 3624 3892 impor-

1984 3915 2339 3970 tunitatibus
2395 3919 2804 3985 optemperare
2859 3912 3241 3977 festinat;sed
3293 3910 3626 3980 suspicatus

1984 4003 2353 4058 Trevirenses
2383 4003 2618 4057 diflicile
2650 4001 2985 4058 reddituros
3018 4002 3199 4056 virum
3226 4005 3339 4056 tam
3371 3996 3626 4053 laudabi-

1985 4090 2058 4146 lis
2091 4092 2245 4160 vitzc,
2272 4091 2583 4147 aestimavit
2608 4106 2738 4147 eum
2763 4089 3162 4160 repetendum,
3182 4090 3333 4144 facta
3359 4087 3409 4142 in
3441 4085 3626 4140 totius

1987 4179 2257 4235 Ecclesiae
2292 4179 2493 4234 auditu
2527 4179 2848 4234 vocatione.

2058 4273 2109 4323 7.
2148 4266 2446 4322 Eminebat
2479 4271 2619 4322 tunc
2649 4265 2929 4336 temporis
2953 4265 3104 4320 inter
3137 4263 3443 4335 prmsentis
3466 4262 3623 4330 regni

1989 4357 2267 4412 coelorum
2302 4355 2565 4424 majores,
2604 4353 2888 4410 Henricus
2920 4352 3028 4422 (l0)
3062 4353 3242 4408 abbas
3285 4349 3623 4406 monasterii

1992 4443 2184 4500 sancti
2215 4442 2606 4509 Pantaleonis,
2641 4441 2736 4512 qui
2773 4440 3071 4496 memorati
3094 4444 3154 4494 et
3188 4440 3400 4511 saepius
3421 4453 3630 4495 memo-

1993 4533 2154 4588 randi
2197 4531 2303 4586 viri
2329 4531 2649 4587 avunculus
2676 4535 2821 4585 erat.
2851 4531 2963 4585 lste
2985 4527 3313 4584 charissimi
3350 4526 3434 4583 sui
3467 4541 3630 4580 revo-

231 4618 524 4688 discessit,
547 4623 931 4689 sanctumque
958 4619 1321 4676 Maximinum
1349 4621 1400 4675 in
1418 4622 1719 4677 Treverica
1737 4622 1878 4676 urbe
1909 4635 1962 4694 D
1993 4623 2275 4678 cationem
2307 4625 2607 4688 gratanter
2659 4619 2887 4688 quidem
2939 4617 3281 4688 suscipiens,
3314 4615 3414 4671 sed
3474 4613 3627 4668 illam

231 4708 507 4778 expetiit,
545 4708 636 4762 ubi
674 4709 781 4764 sub
830 4709 1184 4764 venerabilis
1242 4710 1432 4764 Patris
1493 4710 1769 4765 Bel-nardi
1804 4710 1878 4778 (6)

230 4795 537 4865 regimine,
573 4795 819 4868 amplius
852 4802 911 4850 et
941 4796 1261 4866 perfectius
1291 4802 1430 4853 tunc
1466 4797 1744 4868 temporis
1771 4813 1882 4853 mo-

233 4883 530 4940 nachicam
553 4883 730 4939 vitam
753 4884 978 4939 fervere
1002 4890 1295 4952 cognovit.
1337 4886 1412 4939 lbi
1443 4887 1747 4957 praecplati
1783 4887 1877 4942 diu

307 5071 379 5140 (6)
419 5070 748 5126 Bernardus
777 5070 1164 5126 celeberrimo
1194 5073 1244 5125 ὃ.
1276 5072 1496 5127 Maximi
1528 5073 1889 5129 'l‘revircusns

233 5141 592 5214 monasterio
616 5141 846 5214 duobus
881 5147 1105 5197 tantum
1131 5143 1296 5197 annis
1322 5144 1660 5214 prmfuit,dc
1688 5160 1799 5214 quo
1832 5145 1885 5197 in

234 5214 369 5269 Vita
403 5213 455 5266 S.
491 5213 998 5282 Popponis,quem
1037 5214 1364 5268 Bernardus
1391 5215 1442 5267 in
1465 5213 1665 5268 eodem
1699 5213 1888 5270 mona-

235 5285 420 5341 sterio
445 5283 815 5338 decessorem
846 5287 905 5337 et
928 5299 1327 5339 succossorem
1363 5285 1582 5340 habuit.

308 5357 386 5424 (7)
423 5353 568 5410 Illud
610 5359 702 5409 est
735 5354 1034 5426 decretum
1068 5355 1340 5410 Bonifacii
1377 5370 1538 5426 papze
1576 5357 1639 5410 IV
1674 5357 1724 5409 in
1761 5372 1890 5411 con-

230 5426 372 5483 cilio
406 5426 663 5480 Romano
695 5424 1123 5496 promulgatum
1161 5440 1307 5481 anno
1340 5424 1464 5493 6'10,
1492 5428 1643 5496 quod
1673 5427 1887 5481 videsis

231 5496 615 5553 conciliorum
651 5493 861 5551 Labhei
895 5499 1029 5549 tom.
1068 5498 1124 5550 V.

307 5571 384 5638 (8)
423 5567 522 5638 llic
547 5569 636 5621 est
675 5565 1017 5638 llerimanus
1049 5566 1291 5621 Ezzonis
1332 5566 1564 5623 comitis
1615 5567 1884 5637 Palatini,

233 5636 746 5699 Brunwillerensis
778 5637 1114 5690 monasterii
1149 5638 1471 5693 conditoris
1507 5639 1783 5707 filius,qui
1818 5636 1888 5693 ab

231 5719 383 5767 anno
423 5711 560 5764 1636
589 5707 657 5761 ad
696 5711 828 5762 1055
861 5707 1130 5763 Ecclesia:
1165 5708 1494 5764 Coloniensi
1535 5710 1785 5779 przefuit.

1994 4708 2396 4780 aequanimiter
2431 4710 2580 4764 ferre
2612 4707 2908 4776 nequiens,
2945 4704 3202 4777 episcopi
3258 4703 3629 4774 przescntiam

1995 4798 2261 4868 expetiit,
2281 4796 2416 4865 quid
2439 4797 2588 4850 facto
2612 4810 2758 4864 opus
2774 4792 3336 4863 seutiret,exposuit.
3365 4790 3632 4847 Pontifex

1995 4887 2118 4941 sani
2179 4885 2408 4940 consilii
2472 4884 2771 4953 neglector
2807 4883 3030 4952 fugiens
3061 4895 3364 4953 apparere,
3402 4878 3632 4934 litteras

2071 5073 2145 5139 (9)
2171 5068 2672 5194 νὶαρςὸϐιιρέξοινὶἰ
2696 5069 2881 5125 Vitam
2907 5082 3011 5138 per
3030 5069 3302 5122 Joannem
3329 5061 3635 5118 diaconum

2071 5161 2098 5194 ι.
2133 5159 2167 5194 ι.
2204 5158 2334 5194 (330.
2409 5184 2418 5194 .

2001 5142 2098 5199 lib.
2133 5159 2167 5199 ι.
2204 5158 2334 5199 can.
2367 5142 2418 5194 6.

2071 5159 2182 5337 ζιδ)
2204 5158 2666 5268 (ίιθυῐίίοοᾷιὼειῑυηι
2698 5209 2825 5280 ejus
2855 5208 2962 5264 loci
2997 5211 3223 5262 sextum
3269 5204 3456 5284 fuisse
3498 5203 3638 5258 dicit

2071 5285 2293 5337 eenius.
2323 5299 2491 5337 quem
2534 5298 2684 5337 anno
2751 5280 2882 5336 “66
2910 5295 2939 5333 e
2984 5278 3127 5332 vivis
3189 5277 3401 5330 abiisse
3453 5278 3635 5337 notat,

2000 5277 2293 5348 Gelenius,
2323 5299 2491 5352 quem
2534 5298 2684 5355 anno
2732 5277 2882 5336 ’1ι66
2910 5295 2939 5333 e
2977 5278 3127 5355 vivis
3189 5277 3635 5355 ahiisschnotat,

2001 5372 2093 5411 vn.
2160 5346 2294 5411 ldus
2344 5346 2711 5420 Noveli'iliris,
2761 5349 3020 5421 quamvis
3047 5347 3181 5421 ejus
3229 5346 3640 5421 depositio__vi

2001 5427 2285 5483 Kalendas
2319 5423 2677 5494 Septembris
2701 5415 2762 5497 in
2781 5415 3059 5497 catalogo
3093 5419 3366 5497 abbatum
3399 5415 3645 5497 Gl‘adba-

2000 5499 2280 5565 censium,
2317 5491 2654 5565 ut'ipsemet
2717 5491 2988 5567 Gelenius
3038 5491 3206 5567 testis
3248 5493 3357 5567 est,
3385 5491 3640 5567 notetur.

2002 5574 2163 5624 Anno
2190 5558 2932 5636 fortasse-sequenticidem
2962 5559 3317 5615 monasterio
3332 5558 3643 5629 praefectus

2003 5644 2092 5696 est
2117 5638 2531 5709 \\-'olplielnius.
