3894 6454
295 395 391 460 ill
1043 410 1116 470 B.
1167 402 1675 475 WOLPHELMI
1719 406 2068 473 ABBATlS
2111 402 2928 474 BHUNWILLERENSIS

3587 401 3715 471 412

287 534 462 607 sigilli
497 537 585 597 sui
627 537 1009 612 impressione
1061 542 1333 615 bullatas,
1369 544 1637 604 Treviros
1672 550 1927 604 maturat
1959 540 2015 602 A
2044 544 2372 602 structione
2398 544 2717 615 decoravit,
2754 544 3061 616 virumque
3106 541 3515 617 saepedictum,
3540 555 3715 601 acce-

288 628 562 700 dirigere,
590 630 657 688 ad
688 637 908 703 patrem
934 632 1208 689 videlicet
1234 636 1612 706 Bernardum,
1630 639 1737 694 sub
1760 639 1928 709 cujus

289 721 749 778 conversabatur
772 722 1066 791 regimine.
1092 723 1193 779 Ille
1222 728 1589 797 perpendens
1617 727 1755 782 nihil
1784 727 1928 783 inte-

290 823 448 865 resse
483 815 675 867 utrum
710 826 873 866 ovem
908 811 1152 868 alienam
1186 814 1256 869 de
1310 831 1475 871 manu
1528 817 1781 886 pastoris
1841 818 1928 872 sui

287 899 601 970 rapuisset,
628 900 716 955 vel
743 915 811 956 eo
835 900 1015 956 invito
1039 903 1295 959 retinere
1320 907 1722 974 contenderet,
1752 906 1933 961 humi-

288 987 396 1044 lem
422 991 598 1045 tantze
616 988 892 1058 legationi
913 992 1164 1061 priebuit
1195 995 1794 1063 assensum,quamvis
1820 1011 1931 1050 non

285 1076 406 1131 sine
437 1078 601 1145 gravi
631 1093 881 1135 moerore
918 1083 1142 1136 tantum
1194 1082 1390 1150 gregis
1420 1083 1720 1137 omitteret
1769 1098 1933 1138 orna-

285 1169 558 1221 mentum.
588 1166 779 1222 Talem
804 1168 1168 1233 adolesccns,
1192 1170 1525 1227 monastiem
1550 1172 1684 1227 vita)
1710 1172 1934 1226 deside-

286 1253 677 1324 rantissnnus,
706 1255 1133 1312 Coloniensium
1159 1272 1369 1327 passus
1393 1258 1725 1313 violentiam
1754 1260 1807 1313 in
1843 1260 1932 1314 sui

282 1342 579 1413 pontiﬁcis
608 1342 922 1400 deducitur
986 1347 1388 1416 praesentiam:
1424 1362 1452 1401 a
1486 1361 1622 1417 quo,
1657 1351 1719 1403 ut
1781 1348 1934 1404 ﬁlius

286 1431 485 1486 debito
507 1437 769 1503 paterna)
795 1433 1126 1490 dilectionis
1168 1435 1380 1491 affectu
1406 1435 1708 1506 recipitur,
1727 1440 1783 1490 et
1807 1452 1935 1507 pro-

286 1524 416 1590 pter
449 1526 808 1592 assumptum
841 1523 1119 1591 angclica:
1144 1523 1448 1591 dignitatis
1482 1524 1762 1587 habitum,
1792 1527 1936 1579 Hen-

285 1607 389 1663 rici
420 1608 687 1664 avunculi
714 1610 803 1665 sui
832 1610 1215 1680 providentim
1239 1613 1695 1667 commendatur.
1724 1612 1827 1678 Qui
1855 1612 1937 1666 vi-

287 1696 429 1753 dens
461 1712 590 1753 cum
640 1705 889 1755 assuetae
931 1700 1265 1756 solitudinis
1313 1699 1690 1755 inhaerentem
1716 1700 1929 1768 studio,

294 1784 677 1855 frequentiam
703 1786 1047 1842 audiendict
1071 1788 1302 1843 videndi
1329 1805 1502 1844 causa
1531 1789 1781 1857 undique
1802 1804 1935 1843 eon-

287 1874 648 1930 currcntium
684 1874 897 1929 habere
932 1876 1187 1939 fastidio,
1213 1878 1355 1931 urbe
1387 1876 1684 1943 eductum,
1713 1893 1935 1947 pl'thU-

290 1961 405 2017 suit
439 1962 667 2019 cuidam
702 1964 788 2020 sui
824 1965 1123 2032 regiminis
1153 1966 1424 2035 abbatize,
1462 1966 1688 2021 nomine
1732 1966 1936 2021 Gladc-

288 2051 447 2107 baco.
484 2051 659 2121 Cujus
695 2053 1049 2109 utilitatibus
1091 2069 1259 2123 quam
1296 2059 1594 2109 strenuam
1621 2070 1740 2110 suae
1774 2069 1934 2123 saga-

284 2141 483 2196 citatis
516 2157 713 2197 curam
748 2142 1116 2213 impenderit,
1146 2158 1311 2198 nemo
1333 2159 1530 2200 eorum
1565 2144 1660 2213 qui
1690 2159 1935 2214 praeces-

284 2234 485 2287 serunt
517 2230 796 2287 credulus
850 2232 1119 2287 dubitare
1151 2232 1386 2302 poterit.

352 2324 402 2373 8.
431 2322 656 2377 Interea
691 2321 875 2376 isdem
910 2322 999 2376 vir
1028 2322 1147 2391 Dei,
1176 2323 1344 2392 cujus
1371 2322 1595 2377 animus
1618 2338 1646 2377 a
1675 2327 1936 2377 terreno-

288 2423 413 2465 rum
429 2410 648 2481 appetit
661 2424 950 2482 upergcre
973 2414 1185 2481 erat,et
1199 2413 1568 2481 sinccorjiorc
1580 2412 1751 2466 celos
1765 2412 1930 2478 (lion.

288 2497 468 2553 Erlsr.
505 2512 540 2563 ι,
580 2502 665 2567 12,
704 2499 787 2568 13)
819 2498 887 2554 ad
923 2513 1306 2568 supernorum
1353 2498 1564 2554 civium
1590 2499 1932 2553 societatem

288 2586 590 2655 tendebat,
609 2586 822 2643 dudum
848 2592 1314 2658 prmeoneeptam
1329 2602 1643 2657 aggressus
1664 2592 1754 2643 est
1777 2601 1938 2658 pere-

286 2674 693 2743 grinationem,
721 2676 1073 2746 Romamque
1108 2676 1279 2747 petiit
1306 2691 1481 2731 causa
1512 2675 1775 2731 solvendi
1801 2680 1934 2731 vota

284 2778 519 2833 precum
536 2764 688 2834 apud
702 2764 1099 2835 apostolorum
1112 2764 1674 2830 confessionem.Qui
1708 2779 1868 2833 vero,
1881 2764 1934 2818 in

282 2852 404 2908 suis
430 2852 678 2923 positus,
700 2853 926 2909 unicam
952 2853 1161 2909 salutis
1185 2858 1400 2909 nostra:
1416 2854 1666 2908 hostiam
1688 2853 1935 2922 singulis

287 2940 493 2997 diebus
518 2946 861 2998 assueverat
885 2942 1286 3009 immolare,ah
1311 2942 1418 2997 hoc
1436 2942 1610 2996 etiam
1636 2942 1937 2997 intereun-

284 3029 419 3086 dum
443 3028 630 3084 noluit
653 3030 1224 3100 desuescere.Neque
1241 3029 1390 3084 enim
1409 3029 1604 3097 gravis
1624 3029 1935 3084 videbatur

289 3117 518 3173 itineris
541 3117 904 3187 dilatio,quze
946 3118 1121 3174 ﬁebat
1153 3119 1279 3174 solo
1308 3133 1501 3175 amore
1538 3118 1927 3190 patrizecoelc-

286 3207 413 3263 stis.
450 3210 685 3263 Factum
719 3210 808 3263 cst
844 3214 1033 3264 autem
1062 3213 1119 3264 ut
1146 3207 1407 3263 nonnulli
1440 3208 1936 3279 peregrinationis

288 3294 445 3352 illius
466 3296 734 3365 comites,
770 3296 1019 3352 humano
1054 3311 1214 3351 more
1243 3295 1315 3351 ad
1352 3295 1543 3351 dulcia
1570 3295 1677 3350 soli
1722 3296 1935 3350 natalis

288 3399 421 3439 arva
448 3384 833 3456 suspirantes,
858 3400 927 3441 eo
955 3385 1151 3457 paucis
1171 3400 1300 3441 cum
1325 3383 1679 3440 necessariis
1703 3383 1931 3454 relicto,

289 3473 537 3543 abirent,
565 3474 729 3543 quasi
765 3490 837 3529 ex
869 3474 975 3530 hoc
1006 3474 1427 3544 expeditiorem
1450 3478 1506 3529 et
1533 3472 1681 3528 viam
1706 3478 1765 3527 et
1789 3472 1937 3527 redi-

289 3566 409 3618 tum
442 3561 937 3618 habituriessent.
975 3561 1085 3618 Sed
1127 3563 1343 3618 frustra
1396 3561 1572 3617 renisi
1622 3562 1756 3616 aunt
1809 3575 1939 3615 sen-

290 3649 490 3705 tentia}
513 3649 800 3720 Apostoli,
826 3650 921 3719 qui
956 3665 1181 3706 omnem
1211 3647 1581 3722 [profectum]
1608 3663 1719 3703 non
1744 3646 1939 3702 volen-

296 3735 372 3791 tis
402 3749 590 3805 neque
620 3737 933 3805 currentis,
966 3736 1066 3792 sed
1122 3735 1454 3791 miserentis
1509 3734 1587 3789 ait
1644 3748 1777 3790 esse
1837 3735 1934 3790 Dei

289 3822 478 3889 (Rom.
515 3838 591 3893 1x,
629 3822 736 3895 16).
774 3825 854 3879 lta
886 3825 1037 3880 enim
1073 3823 1302 3879 occulta
1342 3823 1438 3878 Dei
1474 3822 1775 3878 voluntate
1806 3838 1936 3893 pro-

291 3912 426 3968 fecit
459 3912 649 3968 saneti
682 3912 790 3967 viri
825 3911 1050 3968 dilatio.
1085 3917 1143 3968 et
1175 3912 1253 3967 ita
1279 3911 1510 3967 illorum
1529 3910 1708 3967 dilata
1732 3916 1821 3968 est
1845 3926 1937 3969 ac-

287 3999 589 4069 celeratio,
617 4003 679 4057 ut
704 4000 878 4058 unius
902 4001 1061 4057 horae
1088 4016 1195 4057 una
1217 4001 1469 4056 omnium
1495 4000 1669 4055 fuerit
1698 4016 1936 4072 perven-

286 4088 390 4145 tio.
410 4089 835 4147 Nondumenim
861 4089 943 4146 illi
966 4090 1223 4161 expediti
1249 4091 1508 4146 viatores
1534 4090 1934 4160 apostolorum

286 4177 691 4235 subintrarunt
719 4177 935 4249 limina,
962 4194 1091 4236 cum
1115 4179 1203 4233 vir
1224 4179 1321 4235 Dei
1347 4178 1728 4250 subsequenti
1749 4182 1933 4248 gradu

292 4266 507 4335 pressit
543 4281 739 4322 eorum
769 4268 1058 4337 vestigia;
1102 4283 1209 4324 non
1246 4272 1360 4323 tam
1395 4268 1591 4323 verbis
1621 4268 1939 4323 ostendens

288 4368 458 4423 quam
494 4355 687 4425 rebus,
721 4371 833 4411 non
867 4370 998 4413 esse
1024 4357 1079 4411 in
1113 4371 1401 4427 quoquam
1435 4356 1730 4412 hominum
1780 4355 1932 4411 viam

286 4441 429 4511 ejus.
470 4442 576 4509 Qui
605 4449 904 4516 expertam
938 4445 994 4502 in
1028 4445 1138 4501 hoc
1197 4460 1389 4502 rerum
1421 4450 1635 4500 eventu
1666 4444 1763 4499 Dei
1817 4460 1935 4500 om-

287 4531 668 4602 nipotentiam
702 4533 1815 4604 admirati,transactoperegrinationis
1838 4547 1933 4588 ne-

1969 3256 2017 3318 Ο

2044 640 2139 705 pta
2176 634 2647 704 sanctitatiscjus
2677 634 3047 701 notitia,loco
3074 649 3413 706 praeponere
3440 634 3708 692 curavit.

2045 724 2151 779 Sed
2170 723 3250 793 studiosumdivina:contemplationis
3283 724 3581 779 hominem
3622 738 3714 778 ac-

2048 812 2340 877 tiva3,vit:e
2379 813 2594 868 talibus
2629 812 2815 868 initiis
2847 812 3324 883 pernecessaria},
3351 812 3566 869 videns
3591 827 3713 866 0m-

2044 902 2179 955 nino
2200 902 2738 972 cxpertem,eduxit
2765 916 2895 957 eum
2920 902 2990 956 ad
3006 901 3192 956 locum
3240 900 3544 957 solitudini
3581 900 3713 969 ejus

2041 1006 2165 1046 com
2187 990 2662 1060 petentioremJn
2684 990 3109 1060 proximoi‘nim
3126 990 3356 1045 abbatia
3376 988 3714 1046 Brunwile-

2044 1081 2235 1135 rensis
2271 1084 2567 1148 erat,qu:c
2592 1078 2862 1149 quoniam
2906 1078 3138 1135 viduata
3173 1082 3297 1133 erat
3324 1083 3587 1149 pastore,
3612 1093 3714 1133 cu-

2045 1186 2163 1225 ram
2189 1170 2315 1237 ejus
2330 1169 2513 1223 sancti
2531 1168 2637 1222 viri
2661 1168 3086 1223 commendavit
3107 1167 3707 1238 providentiaquam

2047 1257 2168 1313 sine
2202 1256 2485 1327 prepositi
2521 1255 2875 1311 detrimento
2902 1254 3070 1311 facile
3097 1258 3296 1327 posset
3326 1256 3591 1326 explere.

2118 1346 2199 1401 10.
2236 1345 2370 1401 lstis
2402 1345 2861 1400 diebusFraneia
2888 1345 3238 1400 turbabatur
3267 1359 3368 1416 per
3400 1346 3704 1413 Berenga-

2048 1436 2194 1491 rium
2250 1436 2675 1503 Turonensem,
2723 1434 2819 1503 qui
2884 1434 3207 1489 asserebat.
3255 1433 3706 1500 eucharistiam,

2047 1538 2213 1592 quam
2241 1523 2524 1578 sumimus
2551 1522 2604 1577 in
2640 1522 2832 1591 altari,
2865 1537 2976 1577 non
3015 1536 3144 1578 esse
3172 1535 3371 1577 revera
3395 1536 3625 1593 corpus
3648 1526 3709 1575 et

2048 1613 2387 1679 sanguinem
2422 1612 2658 1666 Christi.
2697 1612 2858 1667 Unde
2909 1618 3112 1667 contra
3164 1626 3293 1667 eum
3341 1615 3399 1666 et
3448 1626 3558 1682 pro
3612 1625 3703 1677 eo,

2049 1700 2292 1756 multum
2332 1716 2362 1756 a
2398 1701 2596 1757 multis
2616 1705 2674 1756 et
2707 1700 2905 1755 verbis
2936 1702 2996 1755 et
3038 1700 3277 1770 scriptis
3334 1699 3708 1770 disputatum

2048 1793 2157 1843 est.
2198 1790 2491 1844 Adversus
2522 1804 2689 1859 quem
2723 1790 2898 1844 etiam
2931 1792 3125 1845 exstat
3161 1789 3330 1859 hujus
3370 1787 3707 1844 beatissimi

2049 1877 2157 1931 viri
2197 1877 2443 1947 cpistola
2486 1879 2553 1932 ad
2603 1878 2907 1947 quemdam
2940 1877 3373 1946 Meginhardum
3422 1877 3704 1933 abbatem

2049 1966 2539 2021 Gladebaecnsem
2598 1966 2777 2034 edita,
2818 1966 3063 2021 ﬁrmiter
3110 1964 3361 2036 undique
3425 1964 3712 2021 veritatis

2049 2055 2380 2111 assertione
2412 2056 2678 2110 subnixa:
2703 2054 2798 2124 qui
2826 2055 2987 2124 quasi
3018 2053 3173 2110 ﬁlius
3200 2058 3423 2125 patrem
3459 2053 3706 2124 scriptis

2048 2143 2338 2200 consuluit
2377 2160 2555 2214 super
2578 2144 2748 2214 hujus
2775 2144 3113 2214 quaestionis
3143 2142 3496 2199 deﬁnitione.
3516 2142 3704 2208 Quam

2048 2232 2185 2287 licet
2213 2236 2478 2287 attcxere
2506 2233 2579 2288 sit
2608 2232 3113 2301 longum,utilitati
3137 2236 3328 2287 tamen
3342 2230 3708 2302 prospicien-

2049 2328 2140 2377 tes
2170 2322 2507 2389 legentium,
2544 2337 2653 2377 non
2690 2323 3071 2390 incongruum
3117 2320 3387 2378 duximus
3424 2320 3704 2392 przesenti

2052 2412 2310 2466 inserere
2339 2410 2714 2480 opusculo,ut
2738 2410 2807 2465 ad
2833 2411 3099 2465 notitiam
3129 2409 3404 2466 translata
3432 2414 3703 2481 postero-

2052 2516 2197 2569 rum,
2235 2500 2367 2556 hine
2399 2501 2525 2569 ejus
2588 2500 2819 2568 cognita
2870 2500 3213 2556 sinceritate
3262 2500 3413 2569 ﬁdei,
3448 2502 3698 2556 caveant

2055 2587 2258 2643 ﬁdeles
2293 2587 2608 2658 aliquando
2659 2587 3009 2657 hujusmodo
3038 2588 3340 2643 erroribus
3384 2586 3691 2660 implicari.

2050 2677 2149 2731 Est
2177 2680 2370 2732 autem
2404 2676 2498 2731 hic
2532 2676 2735 2732 modus
2764 2676 2855 2732 vel
2892 2680 3087 2732 textus
3121 2675 3403 2747 epistolae.

2051 2784 2322 2854 Epistola
2354 2783 2553 2841 sancti
2616 2783 2964 2854 inp/wlmi
2990 2784 3061 2839 de
3088 2782 3457 2840 sacramento
3484 2781 3701 2839 suc/ta-

2311 2856 2522 2923 risti/r,
2554 2856 2761 2912 contra
2794 2868 3023 2911 errores
3048 2854 3424 2927 Bcrmgarii.

2124 2966 2199 2996 .‹‹
2259 2943 2355 2998 Dei
2433 2944 2620 3013 gratia
2697 2947 3096 2999 Wonrucmus
3156 2943 3356 3009 abbas,
3421 2941 3696 2998 coabbati

2054 3053 2076 3078 α
2118 3032 2497 3088 MEGINHARDO
2544 3030 2813 3087 salutem.

2126 3138 2154 3169 «
2188 3121 2296 3175 Lac
2330 3119 2612 3176 doctrinae
2643 3118 2987 3191 spiritualis,
3016 3119 3169 3189 quod
3193 3132 3222 3174 a
3254 3132 3341 3173 me
3376 3122 3595 3187 rogasti
3632 3118 3705 3173 de

2051 3228 2078 3261 «
2111 3208 2261 3264 coelo
2294 3209 2397 3263 tibi
2434 3208 2544 3264 ﬁde
2576 3214 2635 3263 ct
2659 3207 2991 3264 humilitate
3025 3208 3245 3277 largius
3294 3206 3698 3263 accumulasti.

2053 3321 2076 3344 «ι
2108 3297 2263 3362 Fide,
2298 3297 2568 3367 quoniam
2603 3296 2759 3367 quod
2796 3296 2848 3350 in
2882 3311 2971 3351 me
3006 3312 3119 3352 non
3152 3301 3264 3365 est,
3298 3293 3491 3351 credis
3524 3294 3579 3349 in
3614 3310 3704 3350 me

2054 3410 2077 3433 ‹‹
2118 3400 2291 3457 posse
2345 3387 2521 3441 Deum
2565 3385 3021 3456 omnipotentem
3078 3383 3342 3456 Operari;
3374 3382 3703 3439 humilitate

2056 3496 2082 3523 ‹‹
2116 3490 2273 3537 vero,
2330 3474 2449 3545 qui,
2494 3474 2903 3529 deﬁcientibus
2975 3473 3202 3529 meritis
3251 3476 3308 3527 et
3386 3472 3699 3542 sapientia,

2052 3580 2079 3612 «
2113 3562 2387 3618 canitiem
2419 3566 2475 3616 et
2509 3561 2729 3617 ordinis
2761 3561 3103 3632 dignitatem
3150 3576 3261 3616 non
3307 3559 3588 3615 abhorres
3642 3560 3696 3613 in

2052 3669 2077 3699 «
2112 3665 2198 3705 me
2232 3649 2520 3705 venerari.
2557 3650 2601 3705 Ο
2656 3665 2825 3720 quam
2883 3664 3249 3719 consequens
3305 3652 3395 3705 est
3439 3652 3524 3716 ut,
3561 3648 3696 3704 dum

2056 3761 2080 3787 ‹‹
2119 3742 2291 3794 nocet
2324 3738 2477 3807 quod
2502 3738 2776 3807 inebriat,
2804 3753 2911 3809 pro
2942 3736 3199 3793 remedio
3222 3736 3520 3793 desideres
3544 3735 3696 3806 quod

2051 3846 2077 3878 «
2114 3826 2400 3883 deebriat.
2439 3828 2617 3881 Nocet
2652 3831 2844 3882 autem
2882 3826 3142 3898 quaedem
3175 3825 3432 3882 ebrietas
3456 3824 3698 3881 haeresis

2053 3915 2444 3985 «Berengarii,
2464 3914 2630 3983 cujus
2655 3915 2962 3970 ebrietatis
2980 3913 3300 3986 periculum
3323 3913 3695 3979 declinemus,

2052 4028 2074 4052 ιι
2107 4009 2167 4059 et
2197 4003 2265 4058 ad
2302 4004 2479 4059 ubera
2516 4002 2648 4058 vino
2681 4004 2919 4059 meliora
2954 4002 3391 4075 appoppiemus.
3427 4003 3495 4057 Et
3539 4016 3692 4069 mox,

2050 4111 2076 4142 «
2110 4097 2173 4148 ut
2227 4107 2387 4162 eam.
2413 4092 2814 4161 assertionem,
2845 4092 3050 4161 juvent
3110 4091 3363 4161 Christo,
3411 4089 3700 4161 possimus

2047 4201 2078 4232 «
2112 4181 2443 4249 destruere,
2480 4196 2608 4250 quae
2639 4181 2857 4236 clausis
2895 4180 3091 4251 januis
3114 4194 3245 4235 eum
3279 4179 3348 4235 ad
3379 4178 3696 4250 discipulos

2050 4290 2077 4319 «
2112 4274 2241 4340 post
2264 4269 2759 4326 resurrectionem
2782 4284 2892 4325 non
2909 4268 3161 4324 intrasse
3184 4268 3395 4324 nititur
3407 4272 3692 4327 astruere:

2048 4377 2072 4407 α
2108 4374 2179 4413 ex
2214 4358 2415 4413 matris
2448 4357 2723 4414 Ecclesiae
2770 4372 3009 4413 manans
3041 4356 3322 4419 mammis,
3368 4356 3540 4413 iactet
3594 4371 3697 4411 nos

2051 4468 2069 4495 «ι
2109 4446 2481 4515 Evangelium
2539 4446 2816 4502 Joannis:
2854 4445 3186 4515 C'mnesset,
3216 4445 3483 4516 inquiens
3542 4458 3690 4513 sero,

2049 4552 2076 4584 «
2112 4534 2332 4591 dieillo
2355 4548 2475 4590 mia
2498 4533 2923 4602 Sabbatorum,
2959 4540 3012 4590 ct
3025 4535 3201 4606 fores
3232 4533 3426 4591 rssmt
3449 4534 3689 4600 clauses,

285 4620 468 4691 gotio,
504 4620 559 4677 in
592 4636 694 4678 sua
726 4627 861 4678 sunt
894 4622 1137 4691 reversi,
1169 4636 1241 4678 ex
1272 4622 1373 4677 illo
1404 4626 1671 4690 tempore
1703 4621 1799 4676 Dei
1834 4621 1934 4676 ho-
1962 4604 2016 4664 D
2052 4646 2076 4671 α
2107 4623 2705 4693 ubicrantdiscipnli
2727 4604 3097 4694 congregati,
3117 4623 3291 4679 stetit
3307 4622 3482 4680 Jews
3507 4622 3573 4679 in
3592 4636 3702 4676 me-

287 4710 495 4766 minem
536 4710 712 4779 digno
744 4710 1090 4768 reverentiae
1126 4710 1253 4766 loco
1288 4711 1564 4767 habituri.

356 4802 405 4855 9.
444 4798 795 4855 Herimanno
826 4804 1019 4855 autem
1066 4798 1356 4867 Pelegrini
1406 4814 1745 4856 successore
1802 4815 1933 4857 cum

289 4888 409 4945 vita
440 4887 822 4959 pontiﬁcatus
853 4887 1052 4943 infulis
1110 4893 1309 4957 exuto,
1342 4888 1466 4958 pari
1502 4888 1933 4946 Coloniensium

290 4989 537 5033 assensu
559 4974 923 5032 substitutus
943 4979 1037 5031 est
1060 4974 1206 5030 divae
1231 4977 1522 5033 memoriae
1546 4977 1937 5049 archiepisco-

290 5079 398 5135 pus
431 5067 615 5120 Anno.
651 5063 759 5130 Qui
790 5077 942 5133 cum,
964 5068 1029 5119 ut
1059 5064 1333 5119 sacerdos
1366 5080 1607 5135 magnus
1640 5066 1693 5121 in
1728 5066 1936 5123 diebus

289 5152 432 5223 suis,
466 5150 669 5208 volens
702 5153 819 5207 Deo
851 5149 1105 5221 placere,
1143 5151 1287 5207 miro
1331 5152 1633 5221 religionis
1683 5154 1934 5209 ferveret

291 5253 506 5307 amore,
538 5254 650 5296 non
684 5238 981 5295 minimum
1015 5240 1382 5310 expcndebat
1416 5241 1467 5295 in
1493 5241 1937 5297 constructione

290 5327 707 5397 emnobiorum,
744 5326 896 5384 unde
930 5327 1079 5384 unde
1114 5329 1257 5398 legis
1279 5330 1375 5383 Dei
1408 5328 1781 5385 zemulatores
1844 5344 1939 5400 ag-

288 5428 539 5485 gregans
565 5415 972 5471 inhabitationi
1006 5430 1225 5474 eorum.
1254 5418 1474 5472 Caetera
1497 5416 1677 5485 igitur
1703 5417 1807 5487 pim
1824 5418 1939 5473 sol-

298 5503 642 5561 licitudinus
675 5506 1024 5561 monimenta
1058 5504 1500 5575 Sigebergensis
1519 5505 1768 5561 emnobii
1802 5523 1934 5562 con-

2052 4729 2078 4762 ‹‹
2112 4712 2211 4767 die
2241 4714 2480 4779 (Jac-1m.
2519 4726 2610 4779 xx,
2637 4716 2746 4775 49).
2776 4713 2843 4765 Et
2889 4710 3062 4781 paulo
3087 4710 3358 4766 inferius:
3384 4710 3529 4767 Post
3572 4708 3697 4766 dies

2051 4824 2075 4848 α
2104 4800 2244 4868 octo,
2270 4800 2487 4855 iterum
2503 4803 2678 4856 erant
2698 4800 2992 4869 discipuli
3015 4798 3144 4869 ejus
3164 4799 3350 4868 intus,
3368 4800 3428 4855 et
3450 4799 3695 4855 Thomas

2052 4911 2078 4938 (ι
2107 4903 2241 4945 cum
2269 4890 2392 4957 eis;
2411 4888 2469 4943 et
2488 4888 2653 4943 venit
2668 4889 2847 4944 Jesus
2859 4888 3080 4957 januis
3106 4888 3351 4957 clausis,
3369 4887 3429 4943 et
3451 4887 3616 4945 stetit
3631 4887 3696 4942 in

2053 4998 2078 5025 α
2105 4977 2299 5033 medio
2345 4975 2526 5043 (Ibid.
2563 4976 2675 5045 96).
2711 4977 2856 5031 Ecce
2890 4975 3043 5031 inter
3083 4975 3512 5044 Berengarium,
3543 4976 3691 5046 quod

2050 5084 2077 5116 «
2114 5080 2218 5119 non
2284 5064 2588 5119 intraverit
2641 5064 2914 5120 Dominus
2964 5064 3160 5133 januis
3201 5062 3419 5120 clausis
3475 5066 3607 5132 (11),
3637 5070 3693 5119 et

2051 5173 2077 5205 «
2111 5153 2263 5208 inter
2290 5154 2589 5221 Joannem,
2617 5152 2771 5223 quod
2817 5152 3146 5221 intraverit,
3183 5167 3312 5208 cum
3345 5152 3419 5211 sit
3467 5156 3693 5208 contro-

2051 5262 2078 5292 ‹‹
2110 5241 2320 5310 versia,
2351 5244 2589 5310 superat
2648 5240 2763 5310 ille,
2801 5241 2915 5311 cui,
2952 5242 3187 5309 scimus,
3224 5241 3525 5312 inquienti,
3562 5241 3689 5311 quia

2052 5350 2079 5381 «
2110 5345 2311 5386 verum
2361 5334 2452 5385 est
2502 5330 2903 5385 testimonium
2958 5331 3103 5400 ejus,
3141 5330 3327 5385 omnis
3374 5329 3690 5401 .applaudit

2049 5442 2073 5466 η
2112 5418 2393 5475 Ecclesia.
2425 5418 2564 5473 Nam
2596 5418 2641 5474 si
2672 5418 2992 5487 gentilitas,
3028 5420 3163 5475 dum
3214 5419 3397 5474 libros
3452 5418 3687 5485 claudit,

2055 5530 2081 5557 ‹‹
2107 5508 2197 5563 his
2231 5522 2378 5578 quos
2412 5507 2593 5578 recipi
2638 5506 2859 5576 judieat
2914 5508 3237 5580 applaudit,
3274 5506 3455 5563 multo
3501 5507 3690 5563 verius

360 5708 472 5779 (tl)
509 5708 599 5767 Sic
635 5709 1022 5766 Guitmundus
1051 5708 1204 5764 libro
1246 5723 1337 5773 Ill;
1367 5706 1501 5764 hinc
1533 5708 1772 5763 emenda
1810 5724 1935 5780 qua:
1968 5708 2220 5767 diximus
2250 5708 2307 5766 in
2339 5710 2593 5777 observ.,
2629 5724 2682 5765 n.
2710 5715 2743 5765 2
