3894 6416
179 411 304 476 418

1804 409 2016 474 VITA.

3473 413 3590 480 4H.

191 567 219 598 α
248 545 383 608 huic
436 548 750 624 Evangelio
808 552 1075 625 perhibet
1124 551 1379 613 Ecclesia
1434 555 1828 616 testimonium
1859 542 1916 608 A
1953 571 1979 600 ιι
2009 554 2201 607 autem
2228 551 2470 610 mediam
2492 553 2636 611 hanc
2662 552 2905 611 ironiam
2929 554 3364 626 abrumpentes,
3387 560 3591 615 contra

187 657 216 689 ‹‹
247 640 442 708 (Joan.
479 656 594 706 XXI,
627 643 740 714 24),
778 659 880 714 pro
911 660 1043 715 quo,
1074 645 1410 717 priusquam
1447 649 1830 718 scriberetur,

192 749 219 776 ιι
250 731 526 801 praemisit
589 734 887 789 orationes
955 740 1011 790 et
1067 735 1368 804 jejunium.
1434 739 1595 792 Norit
1659 739 1835 807 igitur

190 840 215 865 α
251 819 636 890 Berengarius
691 823 814 877 haec
872 825 982 880 sibi
1039 828 1324 896 sufficere,
1361 828 1591 896 quibus,
1645 844 1772 882 cum
1806 844 1834 884 a

190 929 217 954 α
247 908 364 965 Deo
395 910 531 979 sint,
571 926 676 967 non
729 914 908 982 possit
958 915 1128 970 homo
1175 917 1598 971 contradicere.
1635 919 1837 986 Itaque

194 1016 219 1042 ιι
253 995 532 1070 deinceps
561 1001 630 1056 ad
667 1001 717 1054 id
756 1017 1002 1073 quoque,
1039 1004 1552 1074 Dominojuvante,
1590 1006 1835 1068 veniam,

195 1087 409 1155 «quod
458 1088 510 1142 in
560 1091 934 1146 eucharistize
979 1098 1340 1148 sacramenta
1399 1093 1659 1163 loquitur
1693 1095 1843 1148 blas-

193 1196 216 1221 ιι
253 1174 555 1244 phemiam.
594 1180 701 1234 Sed
737 1181 869 1249 quia
905 1181 1203 1251 Scriptura
1249 1183 1416 1236 docet
1463 1183 1646 1236 stulto
1675 1182 1839 1251 juxta

193 1284 216 1307 «
249 1263 560 1322 stultitiam
594 1282 753 1323 suam
789 1284 918 1324 esse
945 1271 1410 1341 reSjmmlemlum
1448 1272 1643 1340 (Prov.
1692 1285 1838 1339 xxvi,

192 1377 216 1401 «
254 1354 335 1423 5);
367 1357 655 1426 repressis
715 1358 944 1414 interim
999 1361 1144 1430 ipsis
1202 1362 1575 1431 blasphemiae
1623 1363 1840 1427 verbis,

195 1465 219 1489 ιι
252 1443 322 1498 ad
359 1445 572 1500 fontem
603 1448 769 1514 cujus
817 1451 1310 1519 przecurrendum,
1351 1456 1430 1518 ut,
1493 1453 1536 1506 si
1569 1452 1846 1508 Dominus

194 1552 220 1577 ιι
252 1530 478 1588 dederit
514 1549 619 1590 nos
649 1549 778 1590 eum
831 1539 1161 1606 obstruere,
1228 1539 1453 1594 desinat
1490 1541 1621 1594 inde
1653 1542 1844 1597 sanies

194 1641 220 1668 ιι
251 1620 423 1692 hujus
447 1623 816 1693 blasphemiae
835 1626 907 1682 ad
932 1628 1326 1683 nosdeﬂuere.
1356 1630 1451 1683 Est
1481 1635 1672 1684 autem
1698 1644 1841 1684 vena

190 1727 218 1760 «
251 1698 426 1779 huius
460 1713 858 1785 scaturiginis,
919 1716 1070 1786 quod
1103 1731 1211 1771 non
1249 1723 1404 1772 recte
1438 1719 1615 1774 sentit
1652 1717 1720 1772 de
1755 1734 1840 1772 sa-

195 1820 220 1846 ιι
253 1805 553 1856 cremento
612 1804 891 1860 Dominici
954 1807 1218 1876 corporis
1277 1811 1330 1860 et
1386 1808 1727 1875 sanguinis:
1782 1813 1837 1862 et

1953 663 1978 688 ιι
2009 641 2421 712 Berengarium
2455 651 2513 699 et
2569 661 2672 716 pro
2716 645 2880 700 nobis
2915 651 3138 700 nosmet
3195 647 3592 715 cohortamur,

1953 752 1976 778 ιι
2014 731 2088 785 ita
2127 732 2422 788 dicentes:
2451 735 2740 805 Sicorpus
2769 736 2894 802 hoc,
2933 735 3082 790 unde
3108 734 3317 803 agitur,
3347 737 3417 789 ab
3466 751 3600 807 apo—

1952 844 1975 867 ιι
2009 821 2176 875 stolis
2200 825 2348 877 etab
2378 825 2646 880 omnibus
2671 823 3234 886 electiscomcstum,
3264 824 3356 893 qui
3383 824 3488 880 soli
3511 825 3596 881 sic

1955 930 1979 956 ιι
2012 909 2150 963 illud
2186 912 2493 966 comedunt
2529 917 2585 966 ut
2620 913 2884 967 Christus
2919 913 2969 966 in
3009 914 3095 967 eis
3128 918 3376 976 n‘ianeat.
3399 918 3455 968 et
3483 913 3592 983 ipsi

1957 1019 1982 1046 «
2013 997 2068 1052 in
2105 999 2376 1055 Christo:
2411 1007 2468 1055 et
2500 1016 2609 1057 non
2671 1003 2848 1056 .ludas
2881 1006 2939 1056 et
2972 1016 3172 1056 omnes
3233 1003 3487 1072 reprobi,
3525 1002 3592 1057 ad

1957 1110 1980 1133 ιι
2015 1101 2159 1156 quos
2198 1093 2329 1158 post
2382 1092 2700 1144 [matellam
2742 1091 2906 1161 panis
2937 1093 3176 1145 Satanas
3211 1091 3410 1158 intrat,
3444 1095 3502 1146 et
3536 1089 3606 1146 lit'

1960 1199 1984 1223 ιι
2017 1175 2183 1244 longe
2209 1178 2321 1232 alia
2343 1178 2765 1248 conglutinatio
2792 1179 3063 1234 intrantis
3080 1181 3304 1234 Satanze
3328 1185 3385 1233 et
3402 1195 3598 1249 repro-

1959 1288 1982 1310 ιι
2020 1266 2242 1334 borum,
2305 1283 2471 1336 quam
2524 1283 2586 1322 ea
2621 1283 2747 1338 qua:
2778 1273 2867 1322 est
2929 1268 3138 1322 Christi
3187 1273 3243 1322 et
3277 1268 3595 1323 electorum

1959 1375 1984 1405 «
2020 1355 2325 1425 (nusquam
2359 1357 2508 1411 enim
2559 1358 2798 1425 angelos
2828 1358 3229 1427 apprehendit,
3267 1357 3367 1412 sed
3400 1371 3595 1412 semen

1962 1465 1987 1490 «
2020 1445 2264 1500 Abrahae
2291 1446 2696 1515 apprehendit)
2725 1466 2735 1502 :
2764 1447 2832 1514 si,
2867 1448 3118 1516 inquam,
3147 1447 3251 1501 hoc
3280 1462 3494 1516 corpus
3520 1446 3596 1502 ita

1961 1554 1984 1579 ιι
2019 1534 2088 1587 ab
2139 1533 2345 1588 electis
2378 1540 2693 1591 comestum
2728 1540 2786 1590 et
2824 1536 2910 1590 eis
2961 1535 3446 1603 conglutinatum,
3483 1534 3598 1590 illis

1960 1645 1984 1668 «
2017 1638 2246 1692 quoque
2274 1624 2696 1691 conglutinatis
2729 1624 2938 1694 cidem,
2967 1640 3028 1679 se
3063 1640 3262 1680 sanum
3288 1628 3346 1678 et
3379 1623 3600 1679 incolu-

1962 1732 1986 1758 ιι
2019 1727 2128 1780 me,
2156 1713 2344 1768 vivum
2379 1718 2436 1768 et
2471 1712 2756 1783 intljigrum
2793 1715 3002 1784 recipit
3027 1714 3093 1768 ad
3129 1716 3388 1776 Patrem;
3416 1713 3597 1768 multo

1960 1825 1983 1848 ιι
2019 1802 2202 1868 magis
2243 1818 2269 1856 a
2303 1804 2446 1859 Juda
2480 1808 2536 1859 et
2573 1804 2839 1874 reprobis
2873 1804 3159 1869 omnibus,
3196 1803 3330 1874 plus
3364 1803 3535 1858 etiam
3569 1819 3598 1859 a

197 1909 222 1936 ιι
257 1887 394 1944 dum
425 1889 492 1946 ad
529 1890 923 1961 aspiciendum
959 1894 1010 1949 in
1037 1895 1121 1950 eis
1148 1911 1349 1966 panem
1383 1901 1441 1951 ρι
1465 1898 1677 1951 Vinum,
1706 1912 1840 1952 οοιι-
1869 1907 1924 1967 Β
1959 1910 1985 1941 ιι
2018 1892 2279 1948 muribus
2303 1896 2361 1946 et
2386 1895 2456 1946 ab
2499 1893 2629 1947 aliis
2656 1893 2849 1949 mundi
2887 1893 3208 1964 spurcitiis,
3239 1891 3602 1960 recolligitur

193 2001 218 2025 «
256 1977 342 2034 los
374 1981 643 2050 corporis
675 1981 870 2050 habet,
923 1983 990 2038 ad
1028 1985 1493 2055 perspiciendmn
1531 1986 1585 2040 in
1617 1986 1838 2041 eisdem

197 2087 224 2116 ιι
257 2081 491 2124 carnem
509 2072 564 2123 et
592 2071 949 2141 sanguinem,
986 2073 1184 2128 oculos
1214 2075 1423 2129 mentis
1446 2090 1554 2130 non
1582 2075 1836 2129 adhibet.

195 2179 222 2204 α
253 2157 371 2213 ΝΟὸ
404 2161 595 2214 autem
629 2162 688 2214 ut
714 2159 898 2216 visum
936 2178 1230 2233 acuamus,
1253 2169 1309 2219 et
1362 2165 1621 2220 acuendo
1671 2167 1842 2236 proli-

193 2269 222 2293 ιι
256 2245 478 2302 ciamus
502 2263 614 2317 quo
642 2248 761 2305 haec
785 2250 1135 2322 intueamur,
1169 2254 1236 2308 ad
1262 2254 1630 2309 obtinendam
1667 2255 1840 2311 semel

198 2356 226 2382 ιι
259 2341 557 2407 acceptam
584 2337 752 2407 hujus
776 2340 1042 2396 veritatis
1085 2342 1452 2397 traditionem
1479 2349 1699 2398 nosmet
1731 2344 1839 2399 hoc

196 2446 221 2470 α
262 2424 434 2480 modo
457 2426 850 2482 cohortemur.
880 2429 932 2482 Si
983 2430 1076 2499 qui
1105 2432 1282 2496 dixit,
1318 2433 1560 2503 etfacm
1585 2434 1754 2489 sunt:
1787 2434 1848 2488 et

199 2532 228 2560 α
259 2513 591 2584 mandavit,
618 2516 675 2571 et
692 2518 896 2573 creata
931 2520 1076 2574 sunt
1104 2520 1294 2582 (Psal.
1331 2537 1504 2590 xxxu,
1539 2522 1591 2585 9)
1618 2523 1836 2584 omnia;

200 2628 228 2652 ιι
263 2605 313 2661 si
345 2605 412 2675 is,
447 2607 698 2678 inquam,
741 2610 879 2664 dixil
929 2612 998 2666 de
1024 2612 1127 2667 hoc
1154 2627 1326 2682 pane:
1364 2615 1490 2671 Hoc
1520 2616 1606 2671 est
1631 2629 1840 2685 corpus

198 2717 226 2742 ιι
264 2695 709 2760 7ηεῑιθη(Μαίιῆ.
737 2715 887 2768 xxvr,
923 2699 1042 2768 2(5);
1077 2706 1133 2755 et
1166 2703 1234 2756 de
1268 2703 1433 2758 vino:
1462 2705 1581 2760 Hic
1601 2705 1690 2760 est
1706 2719 1840 2761 sma—

201 2805 231 2834 ‹ι
255 2785 399 2855 guis
441 2799 604 2842 meus
663 2786 864 2855 (ΗΜ,
901 2792 1021 2855 28);
1077 2805 1315 2847 necesse
1347 2796 1434 2847 est
1493 2793 1722 2847 omnino
1757 2795 1840 2850 sic

200 2897 227 2922 ιι
263 2888 415 2930 esse.
448 2877 584 2931 Nam
634 2877 752 2932 haec
806 2879 922 2934 sola
972 2883 1243 2947 mysteria
1296 2899 1404 2937 non
1441 2883 1509 2938 ab
1543 2883 1672 2938 aliis
1706 2889 1839 2939 sunt

201 2985 231 3011 ιι
262 2967 550 3033 separata,
588 2980 735 3034 quze,
764 2967 993 3023 dicente
1031 2972 1161 3039 Deo,
1205 2972 1350 3026 facta
1379 2977 1531 3033 sunt,
1568 2972 1655 3025 vel
1692 2988 1844 3028 man-

204 3074 233 3098 ιι
269 3052 442 3108 dante
477 3058 694 3109 creata.
731 3057 832 3109 Est
876 3064 1064 3112 autem
1103 3075 1251 3115 unus
1283 3067 1457 3129 atque
1493 3062 1640 3116 idem
1672 3065 1838 3132 Deus,

198 3162 226 3185 ιι
261 3139 445 3209 primo
479 3141 749 3197 mundum
783 3145 1052 3213 formans,
1087 3146 1295 3201 deinde
1327 3149 1434 3202 hec
1477 3156 1841 3204 sacramento

198 3250 226 3273 «
259 3241 420 3282 suam
456 3228 757 3297 imaginem
791 3233 1129 3288 rel'ormans.
1167 3235 1219 3288 Si
1262 3236 1411 3290 enim
1445 3237 1592 3292 alius
1627 3239 1838 3293 faceret

203 3335 224 3360 α
258 3315 564 3380 hominem,
600 3323 659 3373 et
687 3319 837 3374 alius
874 3322 1217 3387 redimeret;
1254 3325 1544 3380 redimens
1579 3326 1710 3396 plus
1745 3326 1840 3380 ho~

198 3425 227 3452 «
262 3404 422 3460 noris
472 3405 582 3461 sibi
628 3416 973 3476 assumeret,
1009 3416 1182 3481 atque
1244 3413 1320 3468 ita
1353 3420 1411 3468 et
1446 3417 1594 3469 Deus
1651 3431 1749 3485 per
1784 3429 1842 3470 se

202 3516 229 3540 ιι
267 3495 681 3565 redempturus
715 3504 862 3562 erat,
884 3507 940 3554 et
968 3500 1137 3556 homo
1161 3518 1271 3557 non
1300 3503 1405 3558 nisi
1435 3519 1534 3573 per
1553 3519 1613 3558 se
1639 3504 1842 3558 redimi

206 3601 234 3629 ιι
268 3585 528 3650 poterat;
555 3584 683 3653 quia
702 3585 969 3642 videlicet
1007 3588 1085 3642 nil
1110 3589 1323 3644 homini
1354 3591 1483 3658 jure
1509 3592 1845 3647 redimendo

205 3690 232 3714 σι
257 3669 1846 3746 jn'oliceret,quidquidaliudquamhomineminduendo

211 3778 236 3806 ιι
267 3759 418 3814 Deus
464 3762 804 3829 perliceret;
838 3769 896 3818 ut
944 3780 1014 3820 ex
1046 3766 1150 3821 hoc
1184 3766 1404 3837 liquido
1435 3773 1664 3825 constet
1694 3771 1844 3838 quod

211 3869 236 3894 ιι
260 3861 410 3904 unus
440 3853 614 3919 atque
648 3850 818 3916 idem,
859 3855 1008 3909 Deus
1062 3858 1120 3909 et
1161 3855 1349 3924 homo,
1387 3857 1721 3928 redemptor
1752 3858 1849 3913 ho—

209 3960 233 3984 ιι
270 3936 441 3992 minis
513 3943 724 3994 exstet.
790 3942 973 4010 Igitur
1033 3945 1266 3999 omnino
1318 3946 1402 4000 sic
1448 3961 1580 4002 esse
1614 3962 1847 4003 necesse

207 4049 230 4072 ιι
267 4028 551 4096 estquod,
579 4028 808 4084 dicente
841 4032 956 4085 Deo
990 4031 1423 4103 velmandante,
1451 4050 1560 4090 non
1585 4050 1716 4090 esse
1737 4051 1844 4091 non

208 4136 234 4162 ιι
265 4119 478 4184 potest.
501 4117 649 4172 Ecce
671 4118 811 4174 Novi
835 4122 890 4173 et
941 4120 1169 4176 Veteris
1212 4122 1560 4177 Testamenti
1595 4139 1698 4179 nos
1728 4124 1848 4180 haec

207 4226 231 4250 «
267 4204 624 4259 auctoritate
671 4207 981 4277 probamus
1017 4228 1026 4261 :
1080 4209 1294 4278 quibus
1326 4211 1707 4280 Berengarius
1733 4216 1850 4266 ter-

205 4316 228 4339 ιι
265 4291 410 4347 tium
445 4292 626 4363 addit,
691 4296 842 4366 quod
878 4313 986 4353 non
1053 4298 1240 4353 minus
1285 4314 1450 4369 quam
1487 4301 1720 4356 tertium
1780 4301 1849 4356 de

208 4403 233 4431 ιι
268 4383 418 4440 coelo
467 4385 754 4441 cecidisse
801 4387 1072 4443 Catonem
1125 4388 1519 4458 reprobamus.
1556 4390 1652 4445 Eia
1684 4405 1846 4460 ergo,

207 4496 234 4522 ιι
269 4479 401 4544 post
435 4473 548 4530 duo
589 4476 974 4544 Testamenta,
1037 4477 1275 4532 tertium
1311 4477 1447 4542 hoc;
1482 4483 1540 4533 et
1574 4478 1701 4534 ideo
1737 4485 1848 4534 ter—

206 4586 231 4611 ιι
262 4562 430 4631 tium,
465 4562 596 4632 quia
647 4564 718 4618 ab
746 4563 831 4620 eis
884 4563 1192 4634 alienatur,
1254 4566 1449 4620 verbis
1507 4566 1691 4637 ipsius
1719 4583 1851 4623 auc-
1879 4601 1932 4663 D

209 4674 234 4700 ιι
268 4651 436 4720 toris,
470 4651 548 4706 ita
582 4651 878 4721 loquitur:
910 4653 962 4708 Si
991 4668 1184 4710 mures
1203 4659 1611 4711 consecratum
1635 4671 1848 4727 corpus

205 4759 234 4793 «
273 4739 488 4796 Christi
512 4741 912 4808 comederint;
938 4757 1046 4797 non
1095 4741 1223 4797 ideo
1264 4743 1531 4799 Christus
1565 4745 1619 4799 in
1651 4745 1757 4814 eis,
1791 4750 1847 4800 et

207 4849 234 4880 «
271 4828 376 4899 ipsi
411 4828 466 4883 in
524 4829 752 4886 Christo
808 4831 1142 4898 manebunt,
1206 4846 1309 4886 nec
1342 4833 1517 4887 vitam
1572 4837 1848 4888 aeternam

210 4940 238 4966 ιι
273 4917 588 4973 habebunt.
625 4920 668 4972 Ο
701 4918 750 4972 si
782 4934 932 4973 nunc
966 4919 1116 4988 apud
1157 4919 1374 4976 inferos
1406 4924 1598 4976 tortor
1630 4922 1849 4976 Horatii

207 5030 234 5054 α
273 5003 554 5076 desideat,
591 5006 725 5063 dum
770 5007 994 5062 hostem
1029 5007 1303 5064 Ecclesiae
1350 5009 1502 5064 hunc
1536 5010 1730 5064 verbis
1764 5009 1851 5064 his

203 5113 233 5144 ί(
269 5094 534 5150 derideat
570 5114 580 5149 :

278 5185 640 5241 Ρανιιινίεφιι
666 5183 908 5253 montes,
934 5185 1212 5241 nascetur
1237 5185 1554 5242 riduculus
1586 5195 1745 5243 mus!

205 5295 232 5322 α
265 5273 768 5329 Putavimnshunc
795 5272 948 5327 inter
970 5279 1196 5328 montes
1216 5274 1557 5343 exaltatum,
1585 5291 1849 5345 magnum

207 5385 234 5412 ιι
267 5361 403 5433 quid
460 5361 774 5434 parturire,
823 5361 955 5417 dum
987 5377 1123 5418 ecce
1157 5377 1351 5418 mures
1385 5363 1436 5417 in
1497 5364 1848 5433 adjutorium

1961 2004 1985 2029 ιι
2017 1982 2070 2036 in
2108 1997 2344 2049 regnum
2383 1998 2548 2038 suum
2585 1984 2708 2040 sine
2742 1983 2830 2038 sui
2862 1984 3241 2038 dimunitione
3285 1983 3372 2038 vel
3406 1988 3603 2038 conta-

1957 2089 1983 2121 ιι
2017 2070 2351 2126 minutione.
2380 2073 2514 2127 Nam
2549 2075 2604 2127 et
2626 2071 2710 2127 sol
2737 2073 2828 2127 hic
2852 2072 3122 2138 visibilis,
3147 2076 3383 2128 creatus
3406 2075 3460 2126 et
3492 2085 3600 2126 non

1957 2177 1984 2211 «
2021 2159 2412 2229 omnipotens,
2441 2159 2634 2216 radios
2667 2176 2804 2216 suos
2829 2161 2882 2215 in
2907 2160 3138 2216 cloacas
3160 2165 3218 2214 et
3241 2159 3383 2216 alias
3406 2158 3602 2214 mundi

1959 2269 1983 2294 ιι
2017 2247 2224 2302 sordes
2257 2249 2519 2316 emissos,
2552 2265 2755 2305 rursus
2797 2249 3043 2305 retrahit
3068 2249 3137 2304 ad
3171 2264 3233 2303 se
3256 2249 3376 2303 sine
3408 2247 3599 2317 aliqua

1957 2358 1980 2382 «
2017 2336 2356 2406 pollutione.
2379 2339 2490 2392 Hoc
2506 2342 2695 2392 autem
2720 2353 2953 2408 corpus,
2979 2342 3108 2408 post
3127 2337 3416 2407 expletam
3435 2351 3591 2391 more

1956 2446 1979 2472 ιι
2020 2425 2306 2482 catholico
2363 2427 2845 2494 communionem,
2907 2441 3108 2482 sanum
3166 2431 3222 2480 et
3284 2425 3589 2493 incolume,

1955 2535 1972 2565 ι
2014 2515 2203 2571 vivum
2229 2519 2285 2570 et
2309 2515 2594 2581 integrum
2622 2530 2682 2570 se
2710 2532 2734 2569 r
2774 2515 2916 2585 cipit
2941 2515 3012 2569 ad
3046 2517 3293 2570 Patrem.
3326 2515 3416 2568 Sic
3440 2513 3591 2569 enim

1959 2626 1983 2652 «
2016 2609 2270 2660 testatur
2303 2605 2560 2660 Ecclesia
2617 2605 2847 2659 Achaize
2878 2603 2988 2674 (12)
3047 2605 3275 2659 beatum
3307 2603 3590 2658 Andream

1957 2717 1979 2740 ιι
2016 2693 2341 2762 apostolum
2375 2693 2596 2749 dicere:
2633 2695 2946 2762 Postquam
2979 2694 3165 2748 omnis
3195 2691 3448 2763 populus
3478 2706 3596 2746 ere-

1956 2781 2276 2838 «dentium
2329 2783 2467 2851 Agni
2528 2797 2734 2837 carnes
2793 2781 3112 2837 comederit
3144 2787 3201 2836 et
3259 2781 3591 2849 sanguinem

1961 2893 1984 2919 u
2020 2872 2248 2940 biberit,
2281 2875 2491 2940 Agnus,
2517 2871 2610 2941 qui
2631 2871 2994 2926 sacrilicatus
3016 2876 3128 2939 est,
3156 2869 3380 2939 integer
3402 2883 3597 2939 perse-

1957 2977 1984 3007 «
2019 2965 2182 3014 verat
2211 2965 2268 3014 et
2327 2960 2495 3015 vivus
2524 2979 2534 3012 :
2570 2966 2628 3015 et
2657 2975 2783 3014 cum
2843 2974 2975 3014 vere
3009 2959 3373 3014 sacriﬁcamus
3405 2958 3503 3022 sit,
3537 2962 3592 3012 et

1961 3069 1985 3095 ιι
2015 3063 2148 3103 vere
2181 3063 2386 3103 carnes
2432 3049 2558 3116 ejus
2579 3053 2850 3104 comestae
2902 3048 3018 3103 sint
3050 3061 3077 3101 a
3114 3045 3342 3118 p0pulo,
3369 3050 3427 3101 et
3461 3061 3595 3101 vere

1962 3160 1984 3184 ιι
2021 3137 2256 3205 sanguis
2278 3138 2404 3207 ejus
2429 3137 2500 3192 sit
2537 3137 2786 3200 bibitus;
2815 3142 3024 3203 tamen,
3054 3141 3114 3190 ut
3134 3135 3346 3204 dixi,et
3371 3134 3598 3203 integer

1957 3243 1982 3275 «
2017 3232 2339 3295 permanet,
2368 3248 2375 3275 l
2401 3229 2420 3279 t
2449 3225 2871 3292 immaculatus,
2900 3225 3157 3280 etvivus.
3179 3224 3359 3292 Igitur
3382 3237 3597 3292 corpus

1958 3334 1982 3363 «
2019 3315 2217 3369 hocab
2243 3314 2348 3383 his,
2385 3314 2596 3384 quibus
2629 3313 2725 3368 ille
2760 3312 3145 3385 participibus
3171 3312 3466 3382 particeps
3485 3315 3596 3378 est,

1958 3419 2078 3458 «se
2135 3403 2324 3458 vivum
2386 3408 2446 3458 et
2503 3403 2790 3471 integrum
2822 3407 2881 3456 et
2942 3401 3228 3456 incolume
3289 3399 3597 3469 recipiens,

1961 3517 1985 3540 ιι
2019 3492 2200 3547 multo
2236 3492 2418 3561 magis
2448 3492 2518 3547 ab
2552 3491 2639 3544 his
2675 3491 2790 3562 [qui
2826 3490 2951 3558 ejus
2989 3489 3190 3558 gratiae
3226 3504 3334 3543 non
3365 3487 3602 3558 partici~

1961 3601 1986 3632 «
2020 3580 2181 3652 pant]
2216 3580 2439 3648 colligit
2485 3580 2536 3634 in
2575 3595 2812 3648 regnum
2848 3595 3034 3633 suum.
3066 3579 3183 3632 Hoc
3209 3577 3436 3631 interim
3470 3575 3602 3630 cha-

1965 3692 1989 3718 ‹‹
2024 3669 2181 3724 ritati
2204 3673 2319 3724 tuze
2347 3673 2485 3738 puto
2510 3669 2795 3734 sullicere,
2815 3667 2948 3722 dum
2974 3665 3272 3721 videamus
3286 3663 3328 3720 si
3353 3664 3600 3741 sitppus

1961 3778 1986 3808 ιι
2017 3758 2107 3813 his
2129 3757 2346 3827 aliquid
2370 3757 2641 3825 adjicere.
2673 3757 3077 3811 Verumtamen
3099 3759 3154 3809 et
3183 3754 3332 3824 quod
3370 3752 3509 3821 dixi,
3544 3756 3601 3806 et

1964 3872 1985 3895 ιι
2023 3848 2070 3902 si
2103 3847 2238 3917 quid
2261 3846 2527 3902 dicturus
2558 3861 2704 3914 sum,
2734 3844 2850 3901 tuis
2881 3844 3245 3900 orationibus
3266 3848 3321 3898 et
3347 3841 3600 3897 omnium

1963 3954 1990 3987 «
2025 3937 2114 4006 pie
2147 3937 2326 3991 deme
2349 3934 2722 3992 sentientium
2744 3933 3120 3997 commendo;
3149 3931 3437 4002 quoniam,
3473 3934 3530 3984 et
3555 3928 3603 3984 si

1963 4043 1988 4075 ιι
2025 4025 2236 4081 mortui
2270 4028 2407 4080 sunt
2438 4024 2872 4078 obtrectatores
2898 4021 3247 4090 Hieronymi,
3306 4024 3603 4076 auctorem

1966 4137 1991 4164 ιι
2018 4111 2466 4170 obtrectationis
2489 4109 2815 4181 hujusmodi
2851 4108 3043 4164 vivere
3074 4107 3390 4179 perpendo.
3428 4127 3447 4158 ι)

2029 4202 2244 4258 Taliter
2276 4202 2368 4256 hic
2392 4199 2559 4254 miles
2583 4198 2863 4253 emeritus
2881 4197 3344 4267 armisjustitize,
3368 4195 3478 4250 lide
3495 4195 3604 4251 sci-

1962 4292 2096 4347 licet
2116 4291 2240 4361 ipse
2255 4293 2312 4345 et
2330 4289 2617 4344 charitate
2635 4286 2910 4353 munitus,
2931 4285 3230 4355 perﬁdiam
3249 4284 3606 4352 Berengarii-

1963 4382 2018 4435 in
2053 4380 2173 4437 acie
2235 4377 2454 4433 Domini
2515 4375 2891 4441 constitutus,
2928 4388 3034 4429 suo
3092 4373 3221 4430 loco
3251 4373 3605 4443 expugnavit

1965 4466 2573 4531 invictissiimis.Quod
2593 4469 2806 4534 quanta
2825 4463 3026 4518 fecerit
3044 4462 3605 4529 devotione,testan-

1969 4565 2080 4628 tur,
2117 4573 2258 4628 quas
2284 4555 2582 4622 fundebat,
2606 4553 2902 4609 orationes
2920 4555 2975 4606 et
3003 4550 3290 4621 lacrymm,
3317 4554 3606 4618 quatenus

1965 4647 2194 4703 seducti
2245 4643 2683 4713 resipiscerent,
2735 4639 3022 4696 catholica
3059 4637 3200 4692 fides
3257 4638 3601 4691 intemerata

1964 4737 2338 4802 consisteret,
2374 4736 2429 4787 et
2465 4748 2492 4785 a
2532 4736 2689 4786 recto
2733 4729 2964 4784 tramite
2998 4727 3149 4783 nulla
3201 4725 3489 4797 pravitate
3519 4721 3628 4779 in:

1965 4829 2113 4882 lecta
2148 4824 2428 4878 deviaret.

2043 4920 2118 4969 12.
2155 4913 2253 4968 l-lis
2276 4911 2353 4965 ita
2392 4906 2731 4980 praelibatis,
2772 4908 3037 4960 vertatur
3069 4903 3254 4974 stylus
3284 4903 3351 4958 ad
3385 4902 3603 4957 descri-

1965 5003 2214 5060 bendum
2241 4999 2461 5070 quales,
2490 5013 2595 5067 pro
2634 4998 2778 5050 bono
2803 4993 3069 5050 ecclesia:
3094 5008 3230 5059 sum,
3259 4991 3497 5046 Cloteno
3528 4991 3606 5044 vi-

1964 5093 2180 5149 delicet
2211 5089 2459 5155 nomine,
2490 5084 2734 5156 pertulit
2759 5084 3007 5153 labores,
3033 5082 3165 5150 imo,
3193 5081 3238 5136 si
3269 5080 3380 5135 dici
3409 5080 3490 5134 fas
3513 5082 3607 5134 est

1963 5179 2427 5254 persecutiones.
2459 5174 2620 5239 Quod
2649 5172 2901 5242 qualiter
2914 5170 3179 5227 ecclesiae
3195 5167 3468 5224 collatum
3489 5169 3606 5222 fue-

1966 5272 2039 5326 rit
2070 5273 2127 5324 et
2171 5267 2445 5330 ablatum,
2485 5263 2685 5334 paucis
2737 5262 2965 5316 videtur
3017 5258 3430 5322 intimandum;
3466 5271 3605 5326 quo-

1965 5361 2113 5417 niam
2148 5371 2258 5412 non
2282 5352 2528 5426 pleniter
2553 5350 2880 5406 advertitur
2907 5348 3078 5417 ratio,
3107 5346 3274 5414 cujus
3301 5345 3606 5414 ignoratur

205 5470 235 5502 ιι
270 5449 396 5521 ejus
429 5451 828 5524 conspicimus
892 5465 1020 5506 eum
1054 5452 1123 5506 de
1180 5452 1450 5508 cavernis
1484 5454 1699 5509 accire.
1758 5455 1817 5509 Ja

2012 5452 2146 5520 rigo.
2185 5443 2418 5500 Domina
2452 5440 2697 5495 Richeza
2731 5437 2864 5506 (l3),
2895 5436 3061 5506 cujus
3094 5435 3393 5504 genitores
3429 5434 3607 5489 Brun-

279 5649 392 5729 llg)
428 5649 488 5729 in
509 5647 759 5729 epistola
778 5647 1076 5729 encyclica
1095 5647 1466 5729 de‘inartyrio
1499 5650 1566 5729 S.
1588 5650 1851 5729 Andreae.

278 5718 391 5789 (13)
425 5718 558 5775 ΙΙωο
591 5718 906 5774 Mizechoni
944 5718 1063 5788 regi
1095 5718 1354 5776 Polonize
1381 5720 1597 5791 nupsit,
1634 5721 1856 5792 fuitque

1971 5653 2154 5704 mater
2175 5612 2435 5698 Casimiri
2462 5638 2531 5692 de
2565 5650 2678 5708 quo
2699 5650 2764 5708 su
2777 5648 2875 5704 pra
2898 5632 3142 5708 egimus.
3179 5631 3313 5708 Ejus
3337 5629 3613 5708 sanctita-

1971 5701 2385 5788 t'isapologiam
2411 5701 2759 5776 conscripsit
2778 5701 2987 5760 contra
3013 5701 3265 5766 Poloniae
3291 5701 3611 5766 scriptores
