3894 6458
279 418 386 478 ΗΓ,

1036 422 1106 483 B.
1161 421 1667 486 W’ULI’lli‘LLMI
1713 421 2063 485 ABBATIS
2109 421 2917 487 HHUNWILIEBENSIS

3559 422 3689 489 416

268 554 581 613 wilerense
614 572 642 613 a
678 558 1067 617 fluulamentis
1108 562 1523 637 exstruxerunt
1559 559 1907 629 emnobium,
1943 559 1997 619 A
2028 559 2336 629 genitricis
2369 559 2645 627 adimere,
2700 558 2850 632 quod
2889 558 3034 616 tanti
3070 556 3261 617 meriti
3314 558 3400 618 vir
3433 575 3539 634 pro
3571 575 3683 619 sua

272 644 403 702 ﬁdei
437 662 502 704 ac
528 645 855 706 devotionis
890 651 1117 708 illorum
1141 654 1469 709 zemulatrix
1498 655 1777 721 existens,
1800 657 1914 706 ter-

271 750 540 793 renarum
578 742 1017 809 possessionum
1055 758 1290 799 suarum
1326 744 1609 800 ecclesias
1642 742 1737 798 Dei
1776 741 1909 796 fecit

270 825 551 893 haeredes,
576 834 638 882 ut
665 831 823 899 regni
858 831 1138 902 eoelestis,
1167 834 1285 904 ipsa
1306 849 1543 905 compos
1563 834 1708 889 ei’ﬁci
1735 845 1914 886 mere-

272 922 436 971 retur
451 920 507 972 et
534 918 741 975 haeres.
767 920 1027 976 Tradidit
1053 923 1248 993 itaque
1274 925 1445 980 beato
1469 928 1642 980 Petro
1668 926 1719 980 in
1754 925 1913 981 Colo-

271 1005 363 1060 nia
389 1006 675 1077 Comburg
693 1016 749 1063 et
775 1010 1049 1082 Salevelt,
1076 1028 1204 1068 eum
1232 1014 1519 1070 universis
1551 1015 1911 1085 appendieiis

271 1093 424 1161 suis;
449 1101 654 1151 saneto
688 1113 828 1155 vero
844 1100 1150 1157 Nicolaoin
1172 1104 1528 1158 Brnnwilerc
1556 1104 1748 1159 villam
1783 1120 1910 1174 qum

273 1182 490 1239 dicitur
516 1185 779 1255 Clotcno,
800 1202 930 1243 cum
958 1192 1228 1247 omnibus
1256 1192 1542 1249 reditibus
1566 1194 1704 1247 suis.
1733 1194 1910 1260 Quam

276 1273 786 1341 traditionem,sub
804 1278 1110 1335 multarum
1130 1281 1515 1351 probabilium
1539 1300 1587 1353 pi
1612 1298 1912 1338 rsonarnm

272 1361 607 1418 testimonio
633 1365 857 1433 factam,
879 1383 1136 1437 pl‘tBSCllS
1161 1370 1405 1425 domnus
1430 1372 1913 1442 episcopusAnno

272 1465 373 1506 sua
392 1452 743 1509 auctoritate
759 1459 1182 1527 corroboravit,
1202 1461 1584 1516 auetorizavit
1606 1465 1715 1529 ;et,
1734 1468 1793 1517 ut
1815 1476 1914 1531 per

271 1539 483 1595 saecula
513 1540 847 1599 inconvulsa
881 1546 1258 1617 consisteret,
1290 1549 1918 1620 violatores,raptores

273 1634 558 1699 perpetuo
579 1632 1271 1692 anathematedamnavit.
1301 1638 1573 1693 Solvente
1598 1654 1737 1691 vero
1763 1639 1918 1693 dom-

272 1717 602 1773 naRicheza
639 1721 835 1789 regina
862 1724 1067 1778 mortis
1099 1725 1380 1788 debitum,
1417 1727 1548 1781 dum
1585 1727 1916 1781 deferretur

276 1805 614 1862 tumulanda
632 1808 686 1862 in
704 1810 1160 1867 Brunwilerensi
1176 1815 1461 1881 ccenohio,
1484 1815 1565 1869 uti
1586 1814 1703 1884 ipsa
1722 1815 1919 1869 vivens

2028 650 2348 707 contulerit
2380 651 2707 707 devotione.
2746 651 2897 707 Tunc
2931 651 3017 706 vir
3050 650 3271 706 Domini
3316 652 3465 724 apud
3491 652 3687 709 archi-

2026 741 2358 811 episc0pum
2411 741 2639 795 minimc
2674 754 2735 795 se
2766 755 3014 801 cernens
3050 740 3350 812 proﬁcere,
3391 758 3492 812 per
3530 758 3684 797 suos

2027 829 2254 897 legatos
2299 830 2517 899 regiam
2559 830 3042 898 magniﬁcentiam
3087 830 3310 885 studuit
3331 830 3512 898 adire,
3561 846 3686 886 0m-

2026 932 2270 988 nemque
2284 924 2469 988 gestae
2493 918 2576 973 rei
2593 918 2854 973 ordinem
2876 918 3412 988 proclamare.Tnnc
3429 924 3685 989 quartus

2024 1008 2308 1063 Henricus
2342 1024 2462 1077 rex,
2522 1009 2891 1079 postmodum
2926 1008 3311 1063 Romanorum
3345 1010 3678 1078 Augustus.

2025 1098 2121 1167 qui
2140 1096 2236 1150 illo
2258 1102 2519 1168 tempore.
2547 1097 2704 1166 regni
2724 1097 3111 1153 monarchiam
3133 1100 3370 1153 strenue
3388 1100 3684 1166 guberna-

2025 1185 2143 1255 bat,
2181 1187 2353 1255 hujus
2380 1186 2461 1241 rei
2487 1191 2784 1257 comperta
2821 1185 3295 1257 proclamatione,
3323 1187 3571 1257 spondet
3606 1202 3677 1243 se

1997 1275 2379 1337 ,omnimodis
2409 1276 2744 1331 adfuturum
2800 1275 3093 1345 juvaminc
3129 1295 3139 1329 :
3201 1276 3411 1331 factum
3443 1276 3679 1346 quidem

2025 1365 2286 1435 graviter
2321 1366 2494 1435 ferre,
2530 1380 2820 1435 nunquam
2856 1378 3012 1433 vero,
3049 1366 3236 1435 quoad
3272 1365 3514 1433 viveret,
3551 1381 3685 1437 per-

2029 1455 2341 1510 missurum
2368 1454 2598 1509 stabile.
2632 1453 3114 1509 Animadvertens
3137 1454 3307 1509 etiam
3337 1454 3541 1509 famam
3576 1455 3676 1509 bo-

2030 1544 2230 1597 uitatis
2266 1542 2457 1598 domni
2491 1543 2912 1614 archiepiscopi
2973 1543 3226 1598 Annonis
3259 1542 3364 1598 hac
3394 1544 3677 1614 przevari—

2031 1631 2258 1687 cationc
2285 1632 2470 1701 legum
2507 1631 2591 1687 vel
2646 1632 2895 1699 justitize
2928 1646 3038 1687 non
3076 1631 3442 1687 mediocriter
3505 1648 3680 1703 posse

2033 1722 2292 1776 obfusca:
2314 1722 2346 1781 i,
2368 1736 2507 1774 mem
2522 1746 2528 1769 ε
2543 1736 2585 1773 ιι·
2601 1720 3098 1777 veterisamicitize
3116 1720 3220 1775 viri
3240 1720 3334 1785 (al)
3352 1720 3448 1776 illo
3461 1721 3679 1793 quippe

2034 1810 2319 1866 educatus
2344 1810 2433 1865 vel
2463 1811 2716 1865 nutritus
2743 1810 2954 1880 fuerat)
2981 1810 3211 1865 mandat
3232 1810 3435 1865 domno
3460 1810 3680 1865 Hildol-

272 1894 683 1963 constituerat,
720 1909 847 1952 nam
882 1905 938 1954 Ct
974 1900 1163 1956 loenm
1197 1903 1303 1957 sibi
1336 1904 1653 1973 sepulturae
1706 1903 1914 1958 ibidem
1948 1922 2001 1980 Β
2036 1899 2149 1969 pho
2173 1899 2299 1967 ejus
2325 1898 2936 1967 suecessori,Cloteno
2958 1898 3207 1954 celerius
3233 1899 3463 1953 restitui
3485 1913 3680 1953 emno—

275 1981 703 2055 designaverat,
728 1986 897 2055 jussu
927 1989 1192 2059 prmdieti
1218 1992 1642 2062 archiepiscopi
1662 1992 1920 2047 Anuonis

275 2085 487 2141 corpus
518 2074 644 2143 ejus
680 2075 733 2129 vi
760 2077 1069 2145 retinetur,
1104 2084 1159 2134 et
1196 2080 1249 2134 in
1283 2080 1535 2135 ecclesia
1578 2082 1714 2150 (14),
1751 2095 1915 2149 quam

272 2156 397 2229 ipse
431 2161 485 2215 in
516 2161 789 2219 honorem
823 2166 1010 2223 beatae
1047 2169 1139 2223 Dei
1165 2170 1467 2237 genitricis
1491 2184 1717 2241 semper
1748 2170 1920 2235 virgi-

274 2247 363 2302 nis
399 2247 586 2306 Mariae
613 2266 639 2305 a
661 2252 1035 2311 fundamento
1056 2261 1344 2326 erexerat,
1366 2258 1668 2328 sepelitur.
1698 2260 1820 2323 Quo
1849 2258 1921 2312 l‘a-

271 2339 775 2403 cto,memoratum
801 2340 1075 2397 allodium
1094 2344 1334 2399 Cloteuo
1359 2344 1543 2400 cidem
1561 2346 1924 2402 contnlitec-

271 2422 486 2495 clesize,
512 2428 1206 2503 contradicentibusillis,
1226 2435 1922 2503 quilmsardorejustitim

275 2511 392 2567 haec
428 2520 551 2571 erat
588 2518 656 2573 ad
692 2519 1001 2576 videndum
1036 2522 1308 2579 violentia
1341 2525 1557 2593 gravis.
1596 2526 1751 2579 Adeo
1786 2529 1922 2579 tunc

273 2601 362 2657 vir
399 2604 655 2673 prudens
677 2612 732 2662 et
761 2609 1181 2667 solertissimus
1209 2628 1512 2683 pravorum
1533 2612 1925 2669 fueratconsi-

279 2687 845 2768 liiscircumventus,
874 2714 976 2755 nec
1002 2708 1243 2772 repente
1267 2708 1495 2773 poterat
1516 2703 1741 2759 animus
1761 2702 1928 2757 abin-

271 2784 465 2849 c03W)
499 2784 784 2851 revocari,
822 2787 1035 2857 quippe
1067 2789 1236 2858 cujus
1263 2797 1402 2845 nutu
1436 2791 1609 2845 etiam
1643 2794 1781 2846 tunc
1814 2789 1927 2846 dis-

274 2868 641 2934 ponebantur
674 2874 901 2939 negotia
930 2876 1109 2944 regni.

350 2956 450 3011 llis
485 2958 562 3012 ita
599 2962 870 3032 patratis,
905 2963 1368 3035 imminentejam
1402 2968 1528 3036 ejus
1553 2967 1756 3023 mortis
1789 2967 1926 3023 arti-

275 3044 429 3115 culo,
464 3050 627 3117 gravi
660 3051 837 3120 coepit
869 3054 1091 3108 anxiari
1149 3055 1505 3113 inﬁrmitatis
1538 3057 1919 3114 incommodo.

275 3135 431 3193 Tune
464 3138 552 3193 vir
585 3137 792 3195 beatus
840 3141 1236 3213 Wolphelmus
1291 3146 1514 3202 visendi
1546 3162 1675 3203 eum
1735 3147 1921 3216 gratia

276 3222 496 3293 adiens,
531 3224 685 3281 inter
715 3229 1133 3286 consolationis
1160 3234 1333 3288 verba
1363 3234 1533 3304 hujus
1568 3235 1645 3290 rei
1684 3236 1925 3290 mentio-

276 3325 400 3366 nem
430 3313 718 3384 ingerens,
746 3320 967 3374 monuit
991 3334 1119 3375 eum
1140 3322 1229 3391 pia
1256 3322 1645 3381 sollicitucinc
1671 3326 1773 3381 hoc
1809 3324 1927 3395 pia-

273 3400 464 3459 culum
490 3405 748 3476 expiare,
777 3408 1287 3479 hancinjustitiam
1320 3412 1622 3469 eliminarc
1648 3414 1924 3484 :addcns,

276 3489 380 3546 nisi
397 3494 805 3552 emendatione
821 3513 870 3551 m
884 3501 1924 3572 utasseteommissum,pcrnieiosuin

274 3579 401 3650 ejns
423 3582 627 3639 animae
660 3583 961 3641 imminere
986 3587 1332 3657 periculum.
1362 3591 1536 3659 Cujus
1563 3590 1678 3658 ille,
1714 3595 1775 3646 ut
1797 3596 1925 3646 erat

274 3666 363 3722 vir
388 3669 599 3747 mentis
624 3670 909 3743 ingenuze,
934 3676 1179 3744 benigne
1206 3682 1482 3747 suscepta
1507 3678 1920 3748 admonitione,

276 3756 471 3811 sciens
485 3771 614 3813 eum
639 3760 825 3816 virum
847 3761 1069 3831 justum
1093 3766 1149 3819 et
1166 3770 1451 3835 sanetum,
1478 3766 1778 3822 humiliter
1800 3769 1924 3838 ejus

276 3857 338 3899 se
370 3846 741 3903 commendat
786 3850 1058 3919 orationi,
1103 3852 1400 3927 spondens
1442 3854 1494 3909 in
1529 3855 1791 3925 proximo
1822 3865 1922 3912 aut

276 3931 427 3987 idem
464 3934 674 3991 bonum
702 3937 1087 4009 redditurum,
1124 3946 1223 3995 aut
1246 3941 1399 3996 aliud
1426 3944 1724 4014 reciproca
1748 3945 1922 4001 vicis-

274 4018 531 4077 situdine
564 4038 669 4093 pro
700 4025 904 4081 eodem
960 4027 1390 4085 restituturum.
1430 4032 1528 4086 His
1562 4033 1919 4090 exhilaratus

274 4108 783 4183 promissionibus,
817 4115 1079 4183 gaudens
1104 4124 1321 4174 remeat
1346 4120 1415 4174 ad
1442 4121 1671 4191 prepria
1696 4122 1917 4178 Domini

275 4210 498 4254 servus.
536 4200 665 4271 Sed,
712 4204 851 4274 proh
905 4204 1099 4260 dolor!
1135 4222 1305 4263 secus
1339 4225 1507 4278 quam
1545 4210 1913 4281 promiserat.

275 4285 519 4352 accidit;
557 4304 682 4345 nam
724 4292 1029 4350 immatura
1074 4301 1263 4352 morte
1296 4304 1629 4368 praeventus
1658 4300 1823 4369 obiit,
1858 4306 1916 4355 ct

274 4390 401 4429 cum
437 4375 550 4431 vita
588 4378 640 4433 in
675 4381 880 4451 medio,
918 4384 1069 4453 quod
1106 4386 1474 4455 promiserat,
1514 4387 1916 4458 imperfectum

274 4462 607 4536 dereliquit.
647 4470 827 4539 Igitur
860 4487 987 4542 qua:
1021 4488 1051 4528 a
1084 4475 1402 4546 majoribus
1435 4477 1669 4545 nostris,
1702 4480 1917 4534 cozevis

273 4550 542 4610 videlicet
568 4555 656 4611 vel
683 4558 986 4630 discipulis
1012 4562 1331 4617 beatissimi
1360 4564 1486 4631 viri,
1504 4566 1912 4636 comperimus,

1960 3276 2007 3335 C

2041 1987 2133 2041 bio
2179 1986 2652 2043 Brunwilcrensi.
2711 1986 3167 2042 Atillonileerti
3194 1987 3263 2042 ad
3289 1988 3409 2044 haec
3445 2002 3682 2059 respon-

2037 2074 2228 2143 dente,
2266 2076 2361 2131 sed
2405 2076 2602 2145 potius
2628 2076 2697 2130 de
2722 2076 2813 2129 die
2839 2076 2891 2130 in
2917 2076 3067 2130 diem
3103 2075 3421 2132 diﬁ‘crendo
3454 2081 3684 2145 tempus

2037 2163 2379 2233 redimente,
2408 2179 2515 2218 non
2553 2180 2620 2218 ex
2649 2169 2783 2219 voto
2815 2163 3086 2229 consulti,
3124 2165 3223 2220 sed
3256 2179 3356 2235 spe
3391 2164 3679 2233 frustrati,

2038 2252 2266 2306 rediere
2302 2252 2493 2321 legati.
2529 2254 2681 2307 Tunc
2707 2253 2795 2307 vir
2823 2253 3065 2321 Domini,
3118 2254 3270 2308 omni
3308 2254 3555 2309 humano
3586 2252 3685 2307 de-

2036 2340 2283 2395 stitutus
2322 2340 2583 2409 consilio,
2621 2341 2756 2411 quid
2788 2344 3007 2409 ageret,
3045 2357 3157 2412 quo
3188 2356 3249 2396 se
3279 2347 3553 2411 verteret,
3580 2341 3684 2398 du-

2038 2428 2168 2484 bius
2201 2430 2552 2496 ﬁuctuabat;
2586 2430 2686 2485 sed
2722 2431 2793 2485 ab
2826 2446 2894 2485 eo
2925 2430 3035 2485 sibi
3068 2445 3233 2501 opem
3260 2428 3349 2485 vel
3378 2429 3682 2486 consilium

2038 2518 2279 2587 ﬂagitat,
2308 2518 2405 2588 qui
2432 2519 2591 2574 solus
2610 2519 2771 2573 novit
2797 2520 2851 2573 iu
2875 2518 3219 2590 periculiset
3239 2518 3687 2574 necessitatibus

2038 2607 2371 2664 subvenire.

2114 2699 2200 2750 14.
2237 2698 2393 2751 Tunc
2427 2697 2555 2765 ejus
2588 2697 2790 2753 incidit
2826 2698 3036 2767 animo,
3081 2697 3160 2752 nil
3186 2698 3580 2769 prmstantius,
3605 2696 3687 2751 nil

2041 2784 2371 2840 consultius
2404 2787 2543 2853 fore,
2596 2802 2762 2855 quam
2800 2787 3128 2857 pontiﬁcem
3161 2787 3319 2841 sedis
3348 2784 3687 2857 apostolica).

2042 2889 2221 2944 super
2255 2874 2360 2930 hac
2394 2890 2455 2929 re
2511 2875 2907 2945 interpellare.
2972 2877 3090 2941 Qua
3154 2874 3528 2946 inspiratione
3560 2873 3680 2929 ani-

2038 2963 2318 3032 maequior
2335 2965 2541 3032 factus,
2561 2964 2814 3019 destinat
2832 2963 3430 3034 velociterlcgatosad
3447 2964 3682 3035 aposto-

2036 3051 2231 3117 licum,
2257 3057 2392 3108 tunc
2416 3053 2561 3107 forte
2581 3054 2992 3110 consistentem
3015 3053 3070 3108 in
3090 3053 3411 3110 conﬁnibus
3429 3051 3679 3124 Alpium.

2039 3140 2143 3206 Qui
2172 3141 2266 3197 ubi
2293 3156 2486 3197 coram
2532 3148 2769 3198 senatus
2803 3143 3174 3213 primoribus,
3199 3146 3255 3197 et
3279 3143 3545 3198 Romana:
3577 3141 3683 3196 Ee-

2037 3229 2548 3301 elesitejudieibus
2563 3231 2631 3285 ad
2668 3230 2948 3301 liquidum
2965 3232 3160 3287 verbis
3176 3245 3333 3302 papas
3351 3242 3681 3301 exposuere

2041 3318 2285 3387 singula,
2339 3334 2466 3389 qua)
2497 3321 2569 3374 ab
2602 3319 3044 3391 archiepiscopo
3076 3321 3309 3375 Annone
3339 3318 3408 3373 de
3438 3317 3682 3373 Cloteno

2042 3408 2253 3478 saepius
2285 3414 2604 3463 memorato
2653 3414 2816 3477 gesta
2854 3410 3034 3478 l'ncre,
3084 3408 3335 3463 omnium
3366 3412 3588 3463 mentes
3619 3411 3682 3461 et

2037 3496 2213 3552 corda
2247 3502 2455 3568 stupor
2474 3497 3002 3568 apprehenditcum
3024 3496 3402 3553 admiratione
3427 3509 3534 3552 non
3563 3509 3684 3551 mo-

2038 3585 2184 3641 dica.
2234 3587 2385 3642 Tunc
2417 3584 2663 3641 domnus
2689 3602 2829 3657 papa
2865 3585 3308 3654 Hildebrandus,
3336 3585 3513 3654 quiet
3544 3583 3684 3640 Gre-

2035 3673 2338 3743 gorius,ex
2364 3674 2715 3729 auctoritate
2732 3674 2884 3729 beati
2903 3675 3056 3729 Petri
3077 3672 3323 3745 apostoli
3339 3688 3443 3744 per
3459 3672 3684 3744 episto-

2036 3761 2121 3818 las
2140 3764 2252 3831 (15)
2283 3776 2419 3818 suas
2435 3761 2737 3818 denuntiat
2755 3763 2964 3818 domno
2983 3762 3290 3833 Hildolpho
3305 3762 3431 3832 ejus
3447 3776 3681 3818 succes-

2035 3851 2251 3921 sori,ne
2269 3852 2377 3907 sub
2391 3851 2587 3921 specie
2606 3851 2842 3922 pietatis
2859 3851 3403 3907 defensorcxistens
3419 3849 3684 3921 impieta-

2036 3940 2130 4008 tis,
2161 3939 2425 4008 tlloteno,
2454 3939 2904 3995 Brumvilercnsi
2931 3940 3209 3995 Ecclesia:
3228 3937 3686 3995 violenterabla-

2037 4028 2329 4097 tum,diuti
2344 4044 2407 4083 us
2424 4028 3233 4098 patiuturirrcvoeatuui.N0n
3247 4031 3376 4097 eget
3390 4027 3677 4099 inquiens,

2031 4118 2881 4189 oﬁli,Dcusotl‘erriquidquam
2923 4134 2995 4174 ex
3040 4117 3484 4188 injustitiasibi;
3517 4132 3676 4186 quia,

2032 4207 2376 4275 ntlegimns.
2397 4208 2483 4263 sic
2518 4208 2731 4262 eiﬁunt
2763 4207 3015 4264 victimae
3050 4222 3120 4263 ex
3156 4206 3681 4277 rapina,quomodo

2033 4296 2079 4350 si
2137 4300 2352 4351 mactet
2387 4295 2518 4366 quis
2564 4295 2739 4351 ﬁlium
2794 4296 2847 4350 in
2886 4296 3067 4366 patris
3124 4294 3436 4366 praesentia
3469 4294 3674 4361 (Eccli.

2035 4399 2225 4453 χχχιιι,
2264 4387 2374 4453 24).
2411 4386 2777 4439 Patratorcm
2807 4385 3036 4454 quidem
3064 4383 3375 4439 multorum
3400 4384 3678 4439 bonorum

2032 4474 2373 4539 agnovimus
2397 4474 2635 4529 fratrem
2669 4480 2933 4529 nostrum
2965 4475 3259 4528 Annonem
3292 4471 3680 4542 archiepisco-

2035 4577 2198 4632 pum;
2232 4563 2332 4617 secl
2355 4566 2550 4618 tamen
2586 4560 2641 4616 in
2677 4561 2780 4616 hac
2820 4566 2985 4631 parte
3017 4561 3249 4616 minime
3279 4558 3680 4616 defendendus

276 4640 525 4698 ﬁdeliter
555 4645 708 4714 style
758 4654 1140 4718 percurrente
1183 4650 1529 4720 digessimus
1556 4671 1567 4706 :
1595 4669 1746 4709 nunc
1789 4670 1917 4725 quae
1950 4644 2000 4703 D
2032 4658 2124 4706 est
2149 4666 2261 4706 non
2289 4664 2554 4716 errasse;
2580 4649 2712 4705 dum
2742 4649 2894 4720 quod
2912 4649 3332 4706 beatoNicolao
3358 4648 3675 4719 praeripuit.

274 4730 495 4787 nostris
526 4731 643 4788 sint
684 4738 811 4791 aeta
863 4738 1252 4808 temporibus,
1288 4746 1345 4795 et
1376 4740 1483 4811 ipsi
1540 4741 1813 4812 vidimus,
1861 4744 1918 4799 in

273 4822 575 4884 gestorum
610 4821 768 4879 illius
800 4825 1061 4881 ordinem
1096 4828 1434 4885 referamus.

345 4911 431 4962 13.
466 4909 603 4965 Post
634 4926 941 4969 excessum
999 4914 1196 4985 itaque
1230 4918 1585 4975 venerabilis
1640 4920 1925 4992 archiepi-

278 4995 440 5065 SCOpi
476 4998 754 5069 Annonis,
779 5001 1028 5059 domnus
1058 5003 1399 5075 Ilidolphus,
1437 5022 1547 5063 non
1572 5009 1791 5079 absque
1824 5011 1927 5065 Co-

282 5080 629 5143 loniensiuin
663 5089 892 5159 injuria,
953 5092 1308 5162 prazsulatus
1350 5096 1601 5153 obtinuit
1636 5098 1879 5166 insignia
1914 5117 1925 5154 :

281 5171 382 5240 qui
416 5188 594 5245 super
625 5180 730 5235 hac
758 5180 959 5236 eadem
985 5197 1047 5237 re
1072 5183 1290 5253 szepius
1313 5189 1401 5239 est
1426 5189 1751 5241 conventus
1783 5201 1812 5240 a
1840 5201 1932 5241 ve-

284 5263 531 5319 nerabili
556 5268 749 5324 Patre.
780 5269 885 5335 Qui
914 5271 1289 5339 przeinonitus
1315 5286 1343 5327 a
1369 5274 1631 5343 praedicti
1666 5273 1776 5329 loci
1799 5288 1935 5329 eon-

280 5354 646 5428 gregatione,
678 5359 987 5430 reSpondit
1010 5376 1072 5416 se
1088 5361 1242 5417 nulla
1270 5364 1496 5418 ratione
1519 5363 1574 5417 id
1600 5366 1818 5417 sanctae
1834 5360 1932 5417 Dei

278 5505 561 5580 Celcnius.
597 5506 787 5577 Ipsius
818 5522 954 5563 vero
978 5524 1183 5565 nomen
1210 5510 1387 5565 variis
1412 5510 1464 5564 in
1494 5511 1921 5580 Martyrologiis

277 5577 625 5660 inscriptum
659 5582 772 5660 est,
812 5580 1026 5660 qua_de
1062 5596 1121 5635 re
1144 5580 1364 5660 videsis
1394 5585 1532 5637 tom.
1570 5582 1608 5634 V
1634 5577 1759 5636 Maii
1798 5577 1922 5638 Bol-

276 5646 532 5719 landia’ni
565 5649 659 5704 die
691 5653 749 5705 21
793 5646 1051 5719 ejusdem
1088 5651 1321 5706 mensis.
1574 5684 1579 5687 Α

348 5717 460 5790 (14)
492 5720 622 5778 Haec
641 5717 893 5777 ecclesia
928 5721 1211 5779 hactenus
1236 5725 1350 5777 stat
1388 5722 1659 5795 Coloniae,
1688 5738 1814 5795 qum
1838 5724 1919 5781 di-

2035 4744 2252 4795 sanetie
2269 4739 2548 4795 Genitriei
2567 4739 2663 4793 Dci
2679 4744 2909 4807 gratum
2928 4738 3329 4794 holocaustum
3346 4736 3677 4801 azstimavit,

2035 4827 2265 4884 dicente
2286 4827 2523 4883 Domino
2540 4842 2643 4897 per
2670 4829 3045 4898 prophetam:
3085 4826 3240 4892 Quia
3279 4840 3381 4896 ego
3397 4826 3683 4881 Dominus

2038 4914 2298 4988 diligens
2302 4914 2629 4986 judicium,
2655 4915 2714 4971 et
2730 4915 2863 4972 odio
2895 4913 3116 4972 habens
3132 4916 3409 4987 rapinam
3429 4915 3495 4969 in
3519 4912 3683 4971 Ιιοιιι-

2037 5005 2239 5062 caueto
2280 5005 2452 5073 (Isai.
2508 5019 2615 5073 LXI,
2650 5006 2725 5075 8).
2772 5005 2885 5058 Nec
2919 5004 3002 5059 t‘as
3030 5007 3122 5059 est
3159 5018 3187 5057 a
3224 5000 3490 5057 ﬁdelibus
3523 5000 3678 5057 credi

2043 5099 2285 5150 matrem
2318 5092 2698 5164 discreparea
2726 5092 3031 5147 voluntate
3056 5091 3178 5159 ﬁlii,
3208 5092 3342 5147 dum
3367 5090 3423 5146 id
3439 5105 3680 5163 prorsus

2044 5187 2266 5238 constet
2307 5182 2569 5251 utrisque
2602 5180 2901 5252 proprium
2935 5184 3111 5250 atque
3145 5194 3447 5236 commune
3480 5178 3679 5235 eadem

2044 5270 2192 5327 velle
2225 5277 2284 5326 et
2315 5270 2516 5326 eadem
2549 5270 2721 5326 nolle.
2758 5273 2829 5324 At
2865 5274 2944 5337 tu,
2972 5285 3041 5324 ne
3067 5268 3429 5324 defendendo
3460 5267 3684 5338 injusti-

2050 5361 2186 5416 tiam
2216 5359 2470 5415 videaris
2492 5358 2783 5415 oﬁ‘endere
2810 5361 3005 5423 Deum,
3034 5357 3172 5412 tolle
3197 5357 3266 5412 de
3286 5356 3471 5412 medio
3506 5356 3679 5426 quod.

2031 5510 2185 5568 citur
2218 5513 2385 5566 beata
2419 5511 2588 5565 Maria
2625 5511 2692 5565 ad
2721 5510 2963 5568 Gradus.
2987 5515 3077 5563 est
3110 5524 3221 5578 que
3253 5506 3585 5577 collegiata,
3610 5507 3681 5562 de

2033 5599 2143 5654 qua
2173 5581 2444 5654 Gelenius
2478 5581 2627 5637 libro
2660 5597 2721 5637 ιιι
2755 5580 3100 5654 Mirabilium
3137 5578 3407 5654 Colonia).

2102 5654 2211 5724 (15)
2246 5655 2344 5710 Hae
2377 5652 2592 5711 litteras
2642 5668 2753 5709 non
2797 5652 3172 5723 reperiuntur
3209 5649 3361 5704 inter
3384 5648 3682 5718 Gregoria-

2029 5740 2152 5796 nas,
2191 5723 2319 5797 qua)
2352 5724 2406 5780 in
2439 5723 2566 5792 ejus
2587 5724 2857 5795 Registro
2886 5725 3139 5779 exstant.
