3894 6408
338 370 459 440 419

1097 374 1169 439 Β.
1219 374 1737 440 VVOLPHELMI
1782 369 2134 437 ABBATIS
2180 369 2987 438 BRUNW’ILLERENSIS

3636 370 3763 435 420

335 513 613 583 tionibus,
640 512 803 568 adest
834 511 921 567 vir
937 511 1155 567 Domini
1191 510 1561 584 improvisus.
1582 512 1976 583 Quis,quaeso,

2097 530 2303 587 statuit
2349 532 2599 600 quatuor
2652 526 3015 598 temporibus
3037 528 3479 587 recurrentibus
3525 528 3666 585 anni
3700 528 3755 583 in

337 604 549 658 ﬂuctus
578 600 1098 671 eloquentiamque:
1126 600 1315 669 lingua
1334 606 1530 671 potest
1563 601 1982 669 evolveregau-

339 691 493 748 dium
515 694 653 745 tunc
672 690 885 746 factum
912 689 966 744 in
992 703 1293 747 commune
1320 693 1342 744 ?
1380 689 1981 761 Gloriabaturquippe

340 794 448 835 non
490 778 784 833 immerito
818 777 1117 834 humilitas
1156 779 1355 848 gregis
1410 794 1477 834 ex
1534 780 1843 851 praesentia
1893 780 1979 835 sui

338 866 614 939 pastoris,
658 881 826 936 quem
848 866 1127 923 Dominus
1154 867 1587 935 gloriﬁcaverat
1628 867 1981 924 admirandae

339 955 773 1026 protestatione
805 954 1061 1011 virtutis.

410 1046 491 1100 18.
530 1044 605 1098 Ea
664 1048 1040 1114 tempestate,
1094 1043 1326 1113 quidam
1398 1047 1804 1100 Hartmannus.
1845 1047 1978 1116 (17),

333 1134 512 1188 abbas
545 1131 879 1199 Tuitiensis,
916 1130 1050 1186 dum
1079 1136 1247 1187 nocte
1280 1134 1525 1203 quadam
1578 1133 1982 1190 somnoindul-

332 1222 529 1295 sisset,
562 1220 682 1277 tale
716 1220 1189 1289 viditsomnium,
1219 1224 1565 1292 praesagium
1599 1223 1800 1292 utique
1834 1223 1984 1278 l‘utu-

334 1326 549 1368 rorum.
570 1308 724 1365 Vidit
741 1309 919 1379 igitur
943 1310 1266 1380 pervisum,
1296 1312 1481 1366 virum
1516 1312 1823 1382 quemdam
1869 1313 1984 1367 for-

331 1414 419 1455 ma
454 1398 776 1468 egregium,
812 1397 977 1454 vultu
1003 1399 1409 1469 reverendum,
1445 1399 1985 1471 episcopalibusin-

332 1488 768 1545 l‘ulisdecenter
799 1492 1091 1558 ornatum,
1128 1504 1157 1543 a
1213 1488 1672 1546 Brunwilerensi
1718 1489 1982 1545 Ecclesia

330 1579 801 1650 prodeuntem,et
826 1577 938 1632 iter
957 1577 1247 1633 Coloniam
1264 1578 1822 1648 dirigentem.Quein
1843 1595 1985 1650 prte-

329 1667 656 1735 ccdentem,
695 1667 927 1721 beatum
949 1665 1378 1736 Wolphelmum
1415 1669 1683 1723 abbatem
1714 1683 1846 1724 cum
1873 1669 1983 1723 fra-

330 1762 379 1811 tr
396 1772 486 1812 am
501 1759 736 1811 caterva
750 1754 984 1810 cernite
1006 1755 1258 1823 vestigio
1274 1771 1340 1810 su
1351 1756 1981 1827 bsequentem,septcm

2096 624 2348 691 quatuor
2380 617 2566 689 plagis
2594 615 2839 673 claustri
2874 615 3136 685 singulos
3157 632 3186 672 a
3212 616 3457 687 singulis
3487 616 3751 675 diaconi-

2094 710 2203 764 bus
2238 707 2493 763 recitari.
2531 705 2695 771 Quod
2730 704 2898 774 cujus
2934 704 3131 760 fecerit
3171 704 3446 762 utilitatis
3499 706 3748 775 intuitu,

2094 796 2182 853 vel
2242 793 2568 852 devotionis
2617 793 2848 864 affectu,
2901 810 2973 849 ex
3023 794 3305 865 subjectis
3338 795 3481 865 ejus,
3564 809 3750 868 super

2094 892 2404 955 utrumque
2418 886 2848 940 Testamentum
2864 884 3226 955 compositis,
3246 884 3427 956 liquet
3447 885 3742 942 versibus.

2094 976 2152 1028 In
2184 974 2396 1044 quibus
2413 972 2844 1042 singulisannis
2870 973 3136 1044 utrisque
3151 973 3458 1046 explendis
3481 989 3591 1031 non
3609 990 3747 1046 par-

2092 1062 2517 1134 vipendendam
2545 1062 2804 1118 annectit
2839 1075 3075 1118 causam
3118 1062 3391 1120 utilitatis
3426 1083 3437 1117 :
3496 1062 3748 1136 plurima

2093 1152 2268 1208 etiam
2297 1151 2627 1207 necessaria
2662 1156 2925 1220 tangens,
2956 1166 3107 1207 nunc
3131 1166 3407 1224 personas
3437 1153 3632 1210 subito
3650 1153 3747 1209 de-

2093 1246 2304 1297 center
2337 1241 2668 1309 immutans,
2706 1256 2816 1296 non
2842 1240 3164 1298 electorum
3185 1257 3288 1312 per
3318 1243 3562 1299 verbera
3593 1242 3747 1300 salu-

2094 1338 2212 1387 tem
2235 1330 2608 1401 denuntians,
2636 1345 2787 1387 nunc
2804 1331 3239 1402 Scripturarum
3259 1346 3492 1389 suavem
3507 1338 3742 1403 gustum

2094 1420 2528 1489 commendans,
2559 1424 2855 1490 postremo
2891 1419 3177 1489 geminam
3204 1420 3258 1475 in
3312 1421 3542 1478 Christo
3578 1426 3746 1477 natu-

2098 1525 2216 1565 ram
2252 1509 2486 1579 generis
2508 1508 2741 1564 humani
2764 1507 3109 1565 medicinam
3142 1509 3448 1566 declarans
3490 1512 3621 1567 Haec
3663 1509 3747 1565 id-

2096 1598 2258 1654 circo
2291 1597 2747 1669 przelibavimus,
2785 1586 2990 1653 ut'cum
3024 1596 3095 1653 ad
3119 1597 3258 1655 talia
3284 1603 3515 1656 ventum
3562 1597 3741 1655 fuerit

2098 1687 2244 1757 loca,
2280 1687 2610 1759 intrepidus
2636 1686 2821 1742 lector
2880 1701 3224 1757 percurrere
3258 1688 3458 1759 possit,
3492 1688 3651 1758 quod
3682 1701 3743 1744 se

2091 1776 2207 1845 jam
2232 1775 2504 1832 didicisse
2537 1774 2864 1831 meminerit
2902 1795 2913 1828 :

336 1844 592 1916 psalmos
622 1858 752 1899 cum
786 1842 1006 1898 litaniis
1029 1843 1245 1912 saepius
1276 1842 1589 1899 modulatis
1622 1844 1983 1900 vocibusite-
2012 1872 2091 1930 Β-

337 1940 557 1990 rantes.
594 1934 665 1986 At
699 1931 797 1987 ubi
844 1931 917 1987 ad
977 1932 1131 1987 fores
1184 1937 1527 2002 perventum
1586 1937 1674 1988 est
1725 1933 1981 1989 cubiculi

334 2022 597 2094 episcopi
634 2020 1014 2091 quiescentis,
1052 2021 1209 2076 fores
1232 2022 1539 2090 obseratae,
1585 2021 1745 2091 virga
1774 2038 1986 2092 prmce-

336 2110 529 2169 dentis
559 2108 1021 2180 impulsai,dicto
1044 2109 1300 2165 velocius
1328 2115 1725 2181 suntapertae.
1762 2110 1985 2176 Quibus

335 2201 535 2257 taliter
566 2197 943 2267 intromissis,
970 2196 1085 2253 dux
1112 2198 1365 2268 praevius
1398 2202 1644 2254 stratum
1662 2199 1865 2254 adiens
1899 2216 1987 2256 re-

333 2288 624 2357 cubantis,
660 2300 790 2343 cum
812 2286 972 2355 gravi
1014 2287 1260 2356 requirit
1296 2286 1820 2357 animadversione,
1881 2305 1986 2344 cur

336 2382 496 2434 tanta
519 2381 724 2433 contra
741 2390 804 2430 se
821 2375 1170 2431 temerarius
1192 2376 1663 2445 praesumpsisset
1683 2390 1979 2445 exercere,

335 2465 582 2538 Expleto
607 2479 898 2534 sermone,
930 2464 1114 2532 virga,
1164 2479 1334 2533 quam
1380 2478 1547 2519 manu
1586 2466 1875 2534 gestabat,
1913 2467 1982 2521 ad

336 2556 616 2612 ultionem
651 2554 877 2623 injuriae
906 2552 1341 2621 graviterillum
1360 2554 1647 2623 percussit
1667 2554 1720 2608 in
1738 2554 1978 2610 vertice.

336 2646 539 2714 Itaque
572 2657 773 2699 somno
791 2642 1020 2697 excitus
1047 2641 1229 2696 abbas
1249 2656 1367 2712 prae
1400 2657 1636 2711 pavore,
1679 2641 1863 2698 virum
1880 2645 1986 2699 Do-

338 2733 475 2789 mini
507 2737 733 2788 certum
758 2729 949 2786 reddit
983 2746 1053 2785 ex
1078 2730 1269 2785 divina
1307 2730 1675 2800 protectione
1708 2736 1766 2786 et
1827 2732 1983 2786 beati

336 2820 557 2878 Nicolai
586 2819 1008 2876 consolatione.
1046 2820 1158 2872 Nec
1194 2818 1399 2873 falsum
1424 2834 1665 2889 prorsus
1698 2820 1982 2876 somnium

335 2910 569 2967 exstitit
599 2908 689 2963 vel
724 2908 912 2975 inane,
940 2906 1073 2962 dum
1108 2914 1261 2977 quod
1295 2907 1507 2962 fratres
1538 2907 1591 2962 in
1654 2908 1892 2978 psalmis
1924 2913 1980 2964 et

335 2996 556 3052 litaniis
579 2996 845 3051 constitit
876 2997 1084 3065 egisse,
1122 2996 1229 3051 hoc
1255 2994 1335 3049 illi
1361 2995 1636 3051 Dominus
1671 3009 1771 3066 per
1796 2997 1981 3052 visum

337 3086 613 3156 dignatus
646 3086 720 3142 sit
754 3084 1030 3139 revelare.
1066 3084 1317 3139 Adhibet
1352 3084 1524 3139 etiam
1572 3089 1790 3139 certam
1813 3084 1981 3140 ﬁdem

334 3173 541 3231 visioni
585 3173 870 3229 exhibitio
919 3172 1132 3243 operis.
1166 3174 1302 3226 Nam
1358 3187 1467 3227 uno
1507 3173 1826 3243 eodemque
1876 3189 1985 3229 mo-

334 3268 549 3333 mento,
581 3261 927 3319 uthicillum
950 3262 1094 3317 vidit
1116 3262 1364 3332 percuti,
1395 3276 1456 3315 se
1473 3261 1985 3332 seusitepise0pus

335 3354 538 3408 morbo
570 3352 823 3422 gravari.
844 3351 961 3406 Tali
986 3365 1126 3419 ergo
1154 3350 1321 3405 modo
1340 3350 1829 3417 divinitusrelisa,
1856 3352 1983 3407 nisu

336 3442 619 3497 frustrata
681 3440 839 3495 illius
891 3439 1260 3495 adversatrix
1304 3438 1549 3494 intentio
1605 3444 1733 3504 est;
1782 3442 1984 3495 morbo

335 3530 549 3600 quippe
576 3530 997 3597 invalescente,
1036 3527 1311 3598 postdies
1362 3543 1578 3597 paucos
1608 3528 1772 3593 obiit,
1799 3530 1855 3581 et
1892 3542 1984 3583 ca-

336 3617 605 3673 thedram
643 3616 997 3687 praesulatus
1013 3616 1301 3683 Seguinus
1329 3616 1416 3670 vir
1442 3616 1573 3686 pius
1605 3616 1877 3671 obtinuit.
1905 3617 1983 3671 De

335 3706 426 3762 his
460 3707 539 3761 ita
572 3705 899 3760 meminisse
932 3704 1180 3759 sutﬁciat
1208 3721 1222 3768 ;
1247 3719 1396 3759 nunc
1443 3719 1504 3759 se
1560 3704 1629 3759 ad
1681 3709 1981 3773 gestorum

334 3794 461 3863 ejus
495 3794 801 3864 sequentia
836 3791 1221 3848 describenda
1240 3792 1525 3848 articulus
1555 3797 1767 3849 vertat.

407 3887 493 3937 19.
520 3882 622 3937 Hic
655 3881 853 3950 itaque
885 3880 1105 3935 Domini
1152 3880 1421 3950 famulus,
1458 3896 1585 3950 quae
1628 3886 1786 3936 retro
1846 3887 1983 3937 sunt

336 3970 581 4038 oblitus,
618 3971 673 4025 in
704 3969 997 4025 anteriora
1050 3985 1112 4025 se
1159 3970 1480 4025 extendens
1543 3971 1683 4026 totis
1730 3971 1978 4040 viribus,

335 4060 602 4131 exemplo
625 4058 1123 4129 Davidprophetze
1141 4059 1427 4115 dicentis:
1475 4061 1744 4128 Domine,
1789 4060 1984 4115 dilexi

334 4150 598 4205 decorem
611 4150 816 4205 dom-us
832 4149 945 4204 lux
957 4148 1012 4202 et
1027 4148 1212 4204 locum
1227 4148 1433 4204 habita
1442 4149 1623 4205 tionis
1639 4163 1679 4219 g
1690 4148 1855 4205 lorix
1870 4149 1985 4204 tux

335 4237 670 4307 (Psal.xxv,
693 4241 779 4309 8);
821 4236 1049 4292 domum
1091 4236 1188 4292 Dei
1250 4251 1523 4306 egressus
1561 4241 1649 4292 est
1692 4238 1980 4293 adornare

333 4326 488 4382 omni
550 4326 779 4382 decoris
825 4326 1152 4393 varietate;
1209 4326 1361 4395 quod
1417 4327 1547 4396 quia
1601 4325 1977 4381 devotissima

333 4419 525 4472 mente
556 4415 844 4486 concepit,
872 4415 1117 4471 miriﬁco
1134 4414 1345 4471 effectu
1364 4415 1981 4470 consummavit.Deni-

2015 3226 2064 3290 C

2169 1942 2255 1992 20.
2290 1936 2435 1992 Late
2464 1936 2527 1993 di
2524 1934 2727 2009 fusus
2754 1937 2845 1993 sic
2873 1935 3308 1993 ecclesiasticus
3336 1949 3496 2007 usus,

2096 2026 2179 2081 Se
2212 2024 2598 2081 Testamentis
2628 2023 2865 2079 exercet
2884 2024 2950 2079 in
2983 2023 3426 2093 Omnipotentis,

2105 2114 2179 2169 Ut
2208 2113 2369 2185 legat
2397 2112 2518 2168 hac
2538 2111 2725 2180 ambo,
2757 2110 2862 2168 sed
2888 2111 2947 2167 et
2968 2111 3126 2166 omni
3183 2111 3472 2183 compleat
3488 2125 3663 2182 anno,

2096 2203 2277 2259 Sicut
2298 2203 2363 2257 in
2380 2200 2747 2257 bebdonzada
2774 2199 3141 2270 psalmorum
3194 2200 3500 2257 clauditur
3532 2200 3665 2258 oda.

2100 2293 2204 2346 Ast
2225 2292 2365 2347 hinc
2382 2290 2694 2361 psallendi
2725 2302 2856 2345 cum
2885 2288 3228 2359 stetstatus,
3258 2289 3399 2346 inde
3414 2288 3665 2361 legendi,

2096 2381 2290 2439 Lectio
2321 2394 2436 2450 quo
2460 2379 2670 2449 prosit,
2704 2391 3013 2449 nunquam.
3028 2378 3305 2448 praefatio
3336 2377 3506 2447 desit,

2101 2471 2227 2535 Qua
2250 2469 2408 2525 claci
2438 2469 2618 2524 limen
2635 2467 2815 2537 patet
2837 2467 2918 2522 ad
2946 2466 3334 2539 quodcunque
3358 2468 3624 2525 columen
3650 2486 3672 2523 :

2095 2560 2343 2617 Pendat
2368 2559 2437 2614 ut
2462 2559 2723 2613 admisso
2751 2556 2912 2628 quod
2934 2557 3152 2613 clamet
3174 2557 3424 2628 abgssus
3441 2556 3667 2631 abysso,

2092 2649 2352 2705 Admitti
2382 2661 2519 2703 rere
2553 2646 2721 2702 dedit
2747 2647 2877 2716 ejus
2905 2646 3105 2715 gratia
3126 2646 3298 2715 clero,

2099 2738 2212 2806 Qui
2248 2736 2486 2807 populis
2508 2737 2629 2805 ipso
2636 2734 2825 2804 parat
2843 2734 2984 2791 hinc
3012 2733 3659 2792 documentamiuistro.

2091 2828 2216 2884 Sed
2247 2824 2473 2881 cunctis
2504 2837 2666 2894 xque
2694 2836 2811 2878 non
2842 2822 3067 2892 detegit
3100 2823 3319 2881 intima
3373 2836 3616 2896 quaque
3643 2843 3669 2895 ,-

2100 2916 2244 2981 Quis
2269 2916 2463 2970 tamen
2485 2913 2716 2968 interea
2744 2924 2860 2966 non
2890 2910 3107 2966 abnuit
3123 2910 3430 2969 interiora.

2096 3004 2353 3072 Angelus
2383 3001 2524 3056 nine
2553 3013 2743 3055 ensem
2771 3000 3089 3069 suspendit
3103 3001 3548 3071 percutientem.

2097 3092 2295 3148 Altius
2322 3090 2591 3163 ing/licius
2617 3103 2731 3144 non
2761 3089 3233 3159 lxditfuz’minis
3257 3090 3430 3160 ictus,

2095 3183 2227 3239 Non
2254 3181 2416 3250 ignis
2448 3178 2695 3246 torrens,
2715 3192 2830 3232 non
2859 3178 3059 3233 cultus
3092 3177 3370 3236 daemonis
3392 3178 3654 3248 horrens,

2097 3270 2369 3341 Captivis
2395 3268 2543 3324 dim
2568 3266 2887 3323 discedunt
2904 3265 3177 3323 sensibus
3203 3268 3312 3324 ἐγω
3345 3286 3359 3330 ;

2105 3362 2281 3416 Vasta
2309 3359 2432 3414 lues
2460 3356 2670 3425 morbi,
2703 3369 2835 3425 qua
2849 3369 2999 3425 sape
3018 3356 3359 3425 superrenit
3381 3355 3528 3427 orbi,

2092 3450 2218 3505 Aut
2241 3463 2356 3504 non
2374 3445 2622 3513 accedit,
2656 3444 2905 3501 citiusre
2922 3443 3226 3515 precando
3254 3445 3479 3502 recedit
3507 3465 3519 3499 :

2093 3539 2383 3608 Exceptos
2405 3535 2577 3590 natos
2592 3534 2750 3605 quod
2763 3534 2893 3589 vult
2905 3534 3088 3603 pater
3109 3547 3232 3589 esse
3247 3534 3517 3605 paratos,

2109 3625 2451 3683 Verberibus
2475 3623 2664 3693 tangi,
2688 3623 2998 3693 panisque
3012 3622 3349 3694 fugacibus
3375 3622 3541 3694 angi,

2099 3716 2276 3782 Queis
2304 3713 2679 3771 absterrendi
2706 3725 2887 3767 nocua
2916 3712 3061 3768 sunt
3069 3712 3300 3783 fxdere
3318 3710 3540 3768 mundi.

2090 3805 2215 3862 Sed
2242 3818 2359 3859 non
2386 3803 2669 3857 donorum
2689 3802 2848 3857 Deus
2878 3814 3051 3856 usum
3097 3798 3408 3857 subtrahit
3434 3799 3657 3870 horum,

2099 3894 2255 3958 Quin
2265 3893 2505 3965 patrem
2525 3904 2648 3947 sese
2666 3905 2781 3961 per
2816 3888 3061 3945 uerbera
3089 3888 3423 3960 comprobat
3449 3902 3585 3949 esse.

2091 3984 2166 4040 Si
2200 3983 2287 4039 sit
2311 3983 2398 4037 eis
2428 3982 2588 4036 ritus
2602 3979 2881 4050 legaliter
2911 3977 3351 4051 llicstabilitus,

2098 4072 2174 4128 Ut
2190 4072 2279 4128 sic
2305 4069 2630 4141 psallatur,
2673 4082 2776 4125 ceu
2800 4067 3085 4137 diximus,
3108 4068 3291 4139 atque
3317 4067 3568 4139 legatur,

2098 4161 2346 4216 Utiliias
2392 4159 2562 4214 extra
2580 4158 2757 4228 patet
2784 4157 2922 4225 haec,
2959 4156 3110 4212 latet
3133 4156 3315 4213 altior
3334 4157 3517 4214 intra.

2092 4250 2269 4304 Hunc
2288 4246 2663 4304 introductus
2684 4244 2963 4315 gustabit
2983 4258 3235 4300 munera
3248 4244 3516 4319 fructus,

2097 4340 2211 4394 Cui
2240 4336 2426 4392 donat
2452 4336 2697 4391 mentem
2725 4334 3015 4390 Dominus
3039 4334 3285 4404 gustare
3301 4334 3579 4392 scientem

2091 4426 2347 4484 Fructus
2360 4426 2629 4496 majoris,
2654 4438 2836 4494 quam
2840 4422 3095 4494 pandat,
3135 4423 3347 4494 lingua
3399 4421 3649 4495 saporis.

332 4520 464 4575 que,
500 4510 561 4560 ut
597 4504 858 4560 breviter
882 4511 1091 4560 cuncta
1126 4504 1539 4575 perstringam,
1558 4504 1977 4573 ejusinstantia

2096 4516 2215 4573 Sed
2234 4528 2337 4570 nec
2348 4514 2481 4583 erit,
2496 4513 2743 4584 gustum
2764 4513 2871 4583 qui
2883 4512 3126 4582 scriptis
3140 4511 3443 4582 exprimat
3457 4510 3661 4580 istum,-

330 4593 417 4651 vel
444 4598 731 4665 tempore,
770 4594 824 4648 in
859 4593 1308 4649 variosoruatus
1328 4593 1576 4663 picturae
1617 4593 1711 4648 vel
1747 4592 1978 4669 fabricae

335 4698 438 4738 seu
469 4683 645 4739 etiam
680 4680 1349 4752 musivioperisdecore,
1400 4682 1559 4737 intus
1582 4686 1641 4735 et
1700 4687 1865 4736 extra
1917 4696 1978 4738 se

331 4775 526 4828 status
549 4771 763 4827 extulit
778 4770 1265 4827 Brunwilerensis
1279 4768 1822 4825 EcclesiaeTextum
1842 4785 1978 4842 prmi

329 4866 490 4916 terea
506 4861 792 4930 cujusque
812 4860 1009 4931 operis
1024 4860 1298 4915 versibus
1316 4860 1606 4930 expressit
1641 4860 1898 4929 egregiis
1916 4865 1977 4915 ut

330 4948 552 5019 liquido
572 4950 800 5019 pateret
820 4947 1135 5017 inquirenti
1154 4948 1338 5004 totius
1363 4947 1664 5019 plenitudo
1685 4948 1972 5003 materici.

330 5038 537 5109 Operae
566 5038 817 5108 pretium
847 5042 958 5105 est,
987 5036 1129 5092 illud
1147 5037 1321 5093 etiam
1371 5051 1481 5093 non
1516 5039 1785 5106 reticere,
1820 5035 1976 5105 quod

328 5126 576 5197 singulis
605 5126 773 5184 annis
803 5126 891 5182 vir
929 5128 1171 5198 Domini,
1209 5128 1337 5184 novi
1385 5143 1450 5184 ac
1502 5126 1732 5182 Veteris
1784 5127 1977 5181 Testa-

327 5217 507 5273 menti
544 5217 779 5288 paginas
810 5232 881 5274 ex
913 5217 1143 5288 integro
1166 5215 1679 5285 faciebatlegendo
1704 5214 1923 5271 revolvi
1959 5234 1970 5271 :

327 5312 578 5378 quatuor
609 5321 747 5363 vero
770 5308 1213 5379 Evangeliorum
1240 5308 1441 5375 libros,
1475 5305 1745 5375 quoniam
1780 5319 1891 5359 non
1907 5320 1975 5359 eo

330 5397 458 5453 loco
487 5396 580 5451 vel
613 5397 839 5465 ordine,
868 5413 980 5468 quo
1001 5398 1282 5465 reliquos,
1315 5395 1687 5465 eompetebat
1725 5393 1970 5465 expleri,

400 5600 512 5681 (t7)
543 5599 793 5681 Quintus
813 5597 1040 5681 dicitur
1076 5597 1256 5681 fuisse
1297 5596 1468 5681 hujus
1500 5595 1608 5650 loci
1634 5597 1836 5681 abbas.
1867 5598 1975 5676 .Dc

327 5667 611 5729 Tuitiensi
657 5668 890 5725 abbatia
914 5683 944 5725 a
977 5670 1036 5726 Β.
1090 5668 1402 5726 Heriberto
1435 5681 1620 5740 prope
1681 5667 1973 5724 Coloniam

2094 4604 2359 4661 Gustans
2389 4604 2515 4675 ipse
2526 4603 2722 4673 magis
2743 4602 2885 4670 scio,
2907 4614 3092 4672 quam
3120 4601 3207 4657 sit
3224 4599 3441 4672 gratia
3454 4599 3679 4671 suavis,

2096 4695 2286 4760 Quam
2310 4693 2775 4763 Scripturarum
2801 4690 3110 4747 conservat
3143 4689 3297 4747 cella
3329 4702 3655 4756 sacrarum,

2090 4785 2175 4841 Et
2195 4796 2326 4852 qua
2358 4782 2420 4838 di
2417 4780 2626 4854 fundi
2654 4780 2711 4836 si
2730 4779 2863 4835 vult
2873 4793 2987 4849 per
3015 4778 3263 4835 climata
3291 4777 3526 4835 mundi:

2094 4873 2215 4938 Quo
2222 4884 2409 4943 genus
2427 4868 2925 4925 humanumsitin
2938 4866 3044 4924 hoc
3076 4866 3468 4924 medicamine
3476 4878 3685 4923 sanum
3699 4885 3726 4936 ,-

2093 4962 2258 5027 Qucd
2286 4960 2647 5015 naturarum
2669 4957 2910 5029 peragit
2935 4970 3211 5027 compago
3279 4955 3551 5026 duarmu,

2088 5053 2244 5107 Dum
2258 5052 2414 5106 Deus
2426 5048 2565 5104 inde
2580 5047 2764 5103 Pater
2766 5046 3110 5119 parit,hinc
3107 5044 3521 5119 paritinuuba
3533 5042 3725 5102 Mater

2086 5122 2199 5180 Nil
2224 5123 2384 5178 extis
2408 5122 2603 5188 illinc,
2630 5120 2724 5175 nil
2744 5117 2923 5175 terris
2945 5119 3173 5175 clarius
3201 5117 3290 5173 est
3342 5117 3499 5186 hinc,

2093 5213 2223 5275 Qua
2252 5211 2441 5281 specie
2464 5209 2605 5266 bina
2637 5208 3003 5280 componitur
3030 5206 3152 5264 liceo
3165 5205 3480 5276 medicina,

2091 5301 2372 5358 Christus
2386 5300 2772 5368 Patresatus,
2790 5301 2949 5355 Deus
2972 5317 2983 5352 :
3004 5297 3277 5354 astltomo
3305 5293 3725 5367 Virginem!”

2093 5391 2208 5457 Qui
2237 5405 2370 5448 cum
2391 5390 2577 5446 Pau'e
2592 5390 2766 5457 Deus,
2781 5388 2885 5446 sed
2905 5388 2963 5443 et
2990 5388 3146 5444 almo
3175 5386 3503 5444 Pnewmate
3534 5396 3721 5455 ceras,

2087 5596 2429 5651 constructa
2488 5590 2621 5648 vide
2670 5589 2968 5646 Gelenium
3005 5587 3256 5647 Coloniae
3312 5601 3434 5644 suae
3484 5586 3582 5642 lib.
3639 5599 3718 5655 iu,

2087 5667 2380 5738 Syntagm.
2403 5666 2487 5720 14.
