3894 6406
156 396 262 459 -l'.’.l

159 535 248 590 Aci
276 548 379 590 eos
410 531 1037 603 imlultispandatpia
1068 533 1300 590 viscera
1332 530 1545 602 culpis,

157 622 351 678 Szecla
376 636 482 691 per
512 635 756 676 meane):
792 621 1115 688 (iuinjuste
1174 620 1458 676 discutit.
1494 621 1691 674 Amen.

231 787 317 836 2|.
361 783 472 835 llos
505 781 829 836 versiculos
891 781 1041 834 beati
1097 781 1201 834 viri
1265 780 1393 834 ideo
1453 778 1583 834 huic
1643 778 1803 847 operi

161 870 504 928 inserendos
524 870 664 924 utile
692 869 900 937 dixi,ut
919 869 1204 938 quimiodo
1220 868 1605 938 simpliciores
1641 867 1805 937 plane

161 958 456 1014 currentis
484 973 668 1027 pros:e
700 957 1070 1011 delectantur
1104 962 1291 1027 pastu,
1320 957 1397 1010 ita
1425 955 1806 1026 perfectiores

161 1047 525 1102 enucleatius
577 1045 968 1116 spiritualiter
999 1045 1149 1099 dicta
1213 1043 1573 1113 indagantes,
1605 1059 1803 1097 eorum

160 1133 452 1205 spirituali
476 1139 651 1202 gustu
675 1134 893 1204 pariter
913 1133 1251 1187 reficiantur
1277 1139 1334 1186 et
1355 1134 1565 1186 fructu.
1585 1131 1806 1200 Siepius

163 1229 352 1279 autem
385 1238 436 1277 ιη
471 1228 760 1278 conventu
797 1223 1037 1277 fratrum
1073 1221 1142 1275 de
1178 1221 1368 1276 salute
1413 1220 1720 1290 disputans
1749 1225 1804 1272 et

161 1313 412 1367 suadens
442 1312 782 1379 animarum,
812 1311 963 1365 inter
987 1309 1359 1366 multimodas
1379 1311 1657 1363 virtutum
1682 1323 1811 1378 pro-

164 1399 485 1470 positiones
527 1400 632 1454 hoc
693 1400 863 1454 modo
924 1399 1264 1468 plerumque
1313 1397 1805 1464 eleemosynarum

163 1488 247 1543 vel
301 1487 727 1558 hospitalitatis
761 1487 1199 1541 commendabat
1233 1486 1501 1554 gratiam.
1539 1487 1805 1555 Oportet,

164 1576 369 1646 inquit,
400 1580 456 1631 ut
495 1576 903 1646 scriptumest,
929 1581 988 1630 et
1013 1575 1401 1630 testimonium
1455 1575 1666 1628 habere
1722 1575 1812 1628 bo-

163 1681 294 1719 num
329 1664 401 1719 ab
443 1663 532 1719 his
559 1664 654 1733 qui
690 1665 828 1719 foris
856 1669 992 1718 sunt
1017 1664 1240 1724 ([Tim.
1275 1665 1367 1731 ΙΙΙ,
1412 1671 1488 1731 7),
1521 1668 1580 1716 et
1617 1662 1808 1731 hospi-

163 1752 453 1807 talitatem
488 1768 597 1806 non
631 1751 924 1808 oblivisci:
954 1751 1026 1806 du
1051 1768 1086 1806 ιι
1132 1757 1186 1806 et
1212 1751 1489 1820 quosdam
1517 1750 1808 1820 placuisse

166 1841 442 1910 legamus,
476 1839 699 1909 angelis
727 1841 900 1895 etiam
926 1840 1178 1911 hospitio
1211 1840 1480 1909 receptis.
1516 1840 1674 1893 Unde
1696 1853 1807 1893 ma-

164 1944 418 1998 gnopere
460 1945 581 1999 vos,
616 1930 847 1996 fratres,
888 1944 1204 2000 pauperum
1246 1929 1335 1983 vel
1386 1928 1680 1998 hospitum
1714 1944 1809 1982 su-

166 2017 451 2088 sceptioni
476 2033 671 2073 curam
697 2018 1030 2088 impendere
1055 2018 1338 2073 admoneo
1357 2034 1369 2078 ;
1389 2016 1520 2085 quia
1548 2018 1808 2087 profecto

168 2107 447 2177 quidquid
483 2107 599 2162 illis
631 2107 782 2162 fideli
809 2107 1118 2164 devotione
1142 2108 1460 2176 confertur,
1487 2106 1706 2160 christo
1733 2107 1812 2160 ni-

171 2196 509 2266 niirum,qui
537 2210 599 2251 se
633 2197 685 2250 in
715 2211 967 2267 paupere
993 2196 1228 2266 suscipi,
1254 2196 1308 2250 in
1353 2195 1580 2264 hospite
1610 2195 1809 2262 colligi

167 2284 300 2351 sult,
358 2284 734 2353 impenditur.
799 2285 1051 2352 Ideoque
1113 2284 1357 2338 maxime
1419 2284 1807 2338 necessariam

167 2369 594 2442 hospitalitatis
648 2373 734 2426 vel
786 2372 1280 2441 eleemosynarum
1350 2371 1517 2426 intuli
1564 2371 1811 2440 gratiam

169 2459 369 2524 (Hebr.
405 2475 527 2529 xm,
565 2466 626 2524 2;
654 2461 786 2530 quia
818 2475 921 2516 nee
956 2460 1143 2515 locum
1178 2460 1483 2531 propagari
1516 2460 1811 2530 perpendo

169 2547 253 2603 vel
287 2549 706 2617 inhabitantes,
743 2549 849 2603 nisi
885 2564 984 2619 per
1015 2548 1411 2617 eleemosyna-;
1441 2557 1497 2601 et
1542 2548 1812 2602 assiduas

169 2651 391 2706 preces.
433 2638 664 2705 Verum,
701 2637 1052 2704 charissimi,
1091 2637 1222 2691 dum
1267 2637 1515 2705 alicujus
1553 2637 1604 2690 in
1648 2637 1811 2690 vobis

172 2726 300 2780 boni
331 2725 648 2779 scintillam
683 2725 950 2780 videritis
974 2725 1292 2794 ignescere,
1319 2740 1387 2779 ne
1414 2725 1640 2793 vestris,
1661 2740 1813 2794 quae—

172 2829 254 2882 so,
281 2813 510 2868 meritis
545 2813 740 2867 velitis
773 2813 1413 2882 ascribere;qnoniam,
1443 2820 1502 2868 ut
1526 2814 1808 2882 scriptum

170 2907 276 2955 est:
302 2903 509 2971 Neque
537 2902 805 2969 cole/itis,
823 2915 1010 2971 neque
1031 2902 1456 2970 cm'rentis,sed
1485 2901 1806 2958 Deieslmi-

171 2991 418 3047 serentis
471 2993 658 3058 (Rom.
694 3006 766 3058 Ix,
804 2990 907 3059 16).
946 2990 1324 3061 Omnipotens
1383 2991 1596 3061 quippe
1637 2993 1807 3056 Dens,

174 3078 485 3149 aspirando
510 3095 613 3133 nos
645 3079 944 3149 praevenit,
979 3086 1039 3134 ut
1076 3081 1222 3134 bona
1255 3080 1520 3148 velimus,
1552 3085 1607 3134 et
1657 3080 1817 3147 adju-

174 3168 354 3223 vando
386 3167 788 3237 subsequitur,
808 3173 867 3222 ut
903 3168 1209 3237 possimus.
1243 3169 1435 3223 Inanis
1463 3168 1612 3222 enim
1645 3167 1816 3222 aliter

913 397 988 459 Β.
1040 387 1551 460 WOLPIHQLMI
1600 387 1951 454 ABBATIS
1996 391 2803 456 BRL'N\VII.LERENSIS

1839 1883 1889 1940 Β

3441 395 3558 458 422

1836 529 1882 585 Α
1920 526 2156 583 stinctis
2190 529 2412 585 facibus
2462 529 2561 584 ira}
2611 529 2699 585 vel
2732 529 3176 599 invidiae-,elegit
3207 546 3407 588 omnes
3443 535 3558 588 fra-

1923 623 2082 672 terna
2131 618 2442 674 dilectione
2491 619 2752 686 diligere.
2792 622 3028 689 Semper
3080 621 3279 676 hilaris
3331 638 3563 693 semper

1920 706 2122 772 lagtus;
2159 708 2475 776 praeferens
2503 708 2798 762 hilaritate
2846 709 3042 764 vultus
3074 724 3243 779 quam
3297 711 3562 767 sincerus

1917 797 1976 846 et
2012 810 2189 864 purus
2213 810 2346 861 erga
2374 797 2545 851 Deum
2571 804 2622 850 et
2655 797 2939 851 hominem
2969 799 3093 867 ejus
3113 805 3266 853 esset
3294 799 3556 855 affectus.

1919 882 2255 953 Quanquam
2283 900 2421 939 vero
2447 886 2566 954 jngi
2601 891 2759 941 esset
2794 888 3286 958 contemplatione
3321 903 3561 960 suspen-

1918 987 2038 1041 sus,
2073 979 2198 1026 erat
2253 981 2440 1028 tamen
2482 976 2723 1043 singulis
2781 977 3179 1046 compassione
3229 977 3558 1046 proximus;

1919 1069 2111 1114 mente
2159 1062 2388 1116 minime
2439 1063 2757 1118 deflectens
2803 1080 2831 1118 a
2882 1065 3393 1136 contemplatione,
3426 1067 3557 1121 dum

1923 1148 2110 1218 pietas
2142 1151 2391 1204 ferveret
2429 1151 2480 1205 in
2511 1167 2706 1222 opere.
2745 1153 2833 1208 Sic
2868 1154 3136 1208 nimirum
3188 1154 3242 1207 in
3293 1153 3562 1211 similitu-

1921 1237 2052 1291 dine
2084 1239 2411 1294 cmlestium
2445 1240 2797 1310 animalium,
2835 1247 2966 1296 ante
2997 1248 3055 1296 et
3091 1247 3249 1298 retro
3270 1243 3556 1311 oculatus,

1923 1330 2300 1396 utrarumque
2331 1328 2610 1384 virtutum
2647 1332 2831 1384 fuerat
2894 1330 3180 1385 charitatc
3217 1332 3554 1386 devinctus.-

1923 1419 1984 1466 ut
2011 1417 2142 1468 dum
2173 1415 2412 1470 cuilibet
2445 1432 2642 1472 earum
2671 1419 2969 1472 videretur
2997 1419 3270 1488 intentus,
3298 1420 3561 1490 proprie-

1923 1505 2040 1555 tate
2078 1509 2259 1558 tamen
2295 1520 2405 1559 non
2436 1513 2660 1561 careret
2704 1507 2967 1562 alterius.

1989 1647 2076 1701 23.
2112 1647 2326 1702 Taliter
2358 1664 2420 1702 se
2453 1652 2682 1718 agebat,
2717 1651 2812 1720 qui
2847 1652 2958 1705 beo
2993 1651 3068 1706 nil
3102 1651 3334 1707 cbarius
3382 1653 3564 1722 possi-

1922 1734 2066 1788 dens
2102 1737 2467 1806 przeferebat,
2501 1753 2570 1791 ex
2604 1739 2753 1792 omni
2779 1739 2973 1793 cordis
3022 1743 3077 1794 et
3128 1740 3299 1794 animi
3350 1741 3560 1795 affectu

1921 1822 2169 1889 diligens
2201 1827 2396 1893 Deum,
2432 1842 2657 1880 onmem
2694 1841 2830 1882 vero
2864 1828 3253 1883 Christianum
3289 1834 3560 1897 tauquam

1920 1927 1982 1966 se
2019 1912 2236 1982 ipsum:
2273 1930 2514 1969 servans
2546 1915 2598 1968 in
2643 1916 3017 1986 simplicitate
3066 1917 3470 1986 innocentiam,
3509 1919 3562 1971 in

1920 2001 2209 2056 charitate
2240 2004 2631 2072 concordiam,
2671 2004 2723 2058 in
2758 2004 3098 2059 humilatate
3125 2006 3486 2075 modestiam,
3508 2007 3564 2060 in

1922 2087 2248 2159 discipline
2269 2092 2584 2147 severitate
2609 2108 2934 2147 censuram.
2978 2095 3120 2162 Erga
3158 2095 3302 2148 bene
3325 2103 3564 2162 agentes

1921 2192 2204 2248 apparere
2246 2179 2522 2248 praelatas
2553 2164 2757 2251 noluit,
2795 2181 2891 2236 sed
2947 2188 3004 2237 ut
3036 2183 3349 2252 comqualis
3377 2188 3430 2237 et
3476 2199 3566 2238 so-

1922 2267 2077 2328 cius;
2113 2268 2392 2323 adversus
2452 2284 2589 2323 vero
2622 2270 2759 2324 vitia
2809 2269 3292 2341 delinquentium,
3337 2287 3567 2342 promo-

1925 2355 2100 2409 tionis
2120 2372 2237 2409 sua:
2260 2359 2569 2412 exercebat
2600 2358 2981 2427 j’n'ivilegium.
3001 2359 3142 2424 Quis
3164 2364 3356 2415 autem
3374 2359 3566 2415 verbis

1923 2444 2109 2498 valeat
2144 2445 2472 2514 exprinnu'e
2506 2452 2715 2515 quanta
2752 2446 3104 2503 discretione
3129 2449 3315 2502 omnia
3346 2448 3562 2517 judicia

1924 2547 2024 2586 sua
2052 2533 2340 2587 studuerit
2370 2539 2717 2604 temperare,
2747 2537 3280 2605 (plantavejustitia
3307 2537 3568 2592 modera-

1924 2621 2012 2673 ri?
2044 2622 2182 2675 llum
2212 2623 2424 2676 etenim
2460 2639 2565 2693 pro
2602 2625 2806 2693 quovis
2840 2623 3056 2679 delicto
3089 2625 3258 2679 alicui
3305 2626 3451 2680 foret
3487 2626 3568 2679 in-

1925 2710 2157 2765 ferenda
2189 2713 2501 2780 correctio,
2524 2713 2792 2782 primitus
2817 2713 2868 2766 in
2992 2713 3369 2782 descendens,
3398 2714 3561 2782 juxta

1925 2797 2063 2852 illud
2092 2801 2350 2869 Apostoli
2375 2821 2384 2854 :
2419 2804 2493 2858 Si
2510 2803 2926 2872 jn'wecujiatus
2939 2803 3330 2873 fuerit/ionio
3361 2805 3426 2858 in
3453 2803 3565 2858 ali-

1921 2902 2034 2956 qua
2050 2887 2281 2956 delicto,
2300 2891 2876 2960 eosquispirituales
2890 2893 3050 2958 estis,
3069 2891 3567 2962 inslruite/mjus-

1919 2977 2077 3031 modi
2101 2978 2164 3031 in
2185 2980 2408 3047 spiritu
2425 2980 2714 3047 lenitatis,
2730 2980 3112 3035 considerares
3137 2980 3402 3050 teipsum,
3419 2994 3492 3036 ne
3513 2978 3576 3035 et

1925 3067 1987 3120 tu
2020 3066 2263 3123 tenteris
2295 3067 2451 3134 (Gul.
2479 3084 2552 3136 vr,
2599 3072 2965 3137 l);tanquam
3003 3069 3220 3138 proprii
3253 3078 3449 3124 reatus
3473 3070 3570 3124 de-

1927 3154 2124 3209 lictum
2161 3156 2408 3211 deflebat
2437 3156 2700 3212 alterius.
2725 3158 2805 3211 lta
2841 3157 3107 3212 nimirum
3143 3172 3303 3212 mens
3337 3159 3449 3213 Deo
3474 3159 3569 3213 dc-

175 3261 326 3312 esset
375 3262 624 3312 conatus
655 3262 874 3325 noster,
921 3257 1028 3310 nisi
1064 3257 1254 3311 divina
1305 3274 1370 3311 cr;
1401 3264 1726 3328 mel-aper“
1758 3264 1813 3311 οι
1847 3233 1896 3296 C
1928 3245 2042 3298 voti
2080 3245 2338 3313 pectoris
2361 3246 2513 3299 omni
2541 3262 2602 3299 se
2626 3246 2884 3300 excoluit
2912 3259 3122 3312 genere
3146 3246 3569 3314 pietatis,sata-

175 3343 374 3400 virtus.
411 3343 632 3398 Taliter
660 3349 850 3399 autem
891 3345 1077 3412 gratia
1123 3350 1542 3415 przecurrente,
1577 3351 1635 3400 et
1669 3347 1813 3400 bona

177 3431 478 3488 voluntate
516 3434 934 3502 subsequente,
971 3433 1125 3502 quod
1168 3433 1497 3489 Conditoris
1540 3439 1624 3488 est
1658 3434 1812 3503 doni,

174 3521 356 3576 nostri
396 3522 462 3575 fit
494 3521 704 3576 meriti.
742 3522 840 3576 llis
871 3526 926 3575 et
949 3521 1278 3588 bujusniodi
1309 3522 1817 3577 exhortationibus

173 3609 341 3664 corda
377 3610 622 3664 fratrum
659 3609 908 3678 irrigans
941 3610 1324 3678 frequentius,
1352 3611 1420 3665 ad
1482 3610 1814 3665 sectandam

178 3698 524 3766 provocabat
561 3697 857 3767 pietatem.
897 3697 1212 3752 Luerandis
1246 3703 1438 3752 autem
1464 3698 1702 3752 sedulus
1739 3699 1816 3752 in-

175 3783 419 3852 vigilans
471 3785 792 3855 animabus,
831 3787 1135 3856 satagebat
1169 3786 1246 3840 nil
1306 3802 1572 3856 promere
1602 3788 1813 3855 verbis,

177 3874 323 3941 quod
399 3888 512 3928 non
572 3875 881 3929 roboraret
937 3873 1236 3944 exemplis,
1271 3889 1339 3930 ne
1373 3877 1505 3930 vitze
1537 3876 1813 3930 munditia

178 3961 836 4032 prorsnsdiscrepareta
855 3961 1414 4030 lingua.lloeordine
1436 3964 1701 4018 nimirum
1725 3965 1818 4033 by-

177 4050 533 4117 pocritarum
551 4050 878 4105 declinabat
898 4051 1379 4120 consortium,qui
1396 4053 1570 4106 verba
1593 4052 1815 4121 quidem

178 4142 504 4194 sanctorum
537 4139 770 4207 habent,
807 4139 909 4196 sed
943 4140 1117 4196 vitam
1154 4155 1264 4195 non
1297 4139 1536 4202 habent;
1571 4146 1625 4193 et
1673 4156 1817 4209 quos

179 4228 508 4282 ermouibus
529 4233 832 4296 generant,
852 4243 962 4282 non
1001 4229 1194 4283 fovent
1226 4227 1601 4298 exemplis;et
1649 4244 1792 4298 quos

179 4317 367 4373 verbis
387 4316 700 4385 :edificant,
719 4317 979 4372 moribus
1001 4322 1058 4372 et
1082 4317 1198 4372 vita
1215 4318 1544 4372 destruunt.
1566 4319 1816 4386 Namque

183 4404 263 4458 vir
289 4404 495 4460 beatus
520 4419 626 4460 non
655 4404 840 4460 solum
868 4405 1059 4473 lingua
1087 4420 1187 4460 sua
1214 4405 1418 4468 suasit,
1437 4405 1603 4460 sedet
1631 4421 1817 4461 exem-

180 4491 305 4560 plis,
342 4494 602 4549 moribus
629 4497 685 4548 et
720 4493 839 4548 vita
869 4493 1150 4561 subjectis
1173 4493 1426 4548 ostendit
1457 4510 1817 4564 qiuecunque
1849 4498 1853 4502 ’

1925 3349 2069 3401 gens
2093 3334 2360 3404 gaudere
2380 3349 2511 3389 eum
2532 3334 3114 3404 gemlentibashllere
3134 3349 3262 3389 eum
3279 3335 3571 3404 ﬂexilibus

1928 3422 2114 3488 (Rom.
2162 3439 2256 3490 χιι,
2299 3427 2401 3491 lii),
2437 3423 2524 3477 vir
2554 3422 2720 3493 plane
2757 3422 2911 3475 mitis
2944 3429 2999 3475 et
3026 3421 3245 3490 justus,
3281 3424 3365 3478 sic
3389 3424 3569 3478 omni-

1930 3512 2037 3565 bus
2071 3512 2258 3564 omnia
2292 3511 2641 3576 factus.Quo
2673 3512 2822 3564 enim
2849 3512 3080 3565 dolente
3103 3526 3210 3568 non
3230 3513 3568 3568 condoluit?

1929 3600 2068 3664 Quis
2120 3601 2188 3654 ad
2225 3600 2381 3653 illius
2414 3608 2709 3670 aspectum
2736 3616 3039 3655 moerorem
3074 3617 3184 3655 non
3222 3601 3464 3657 mutavit
3511 3603 3565 3654 in

1927 3688 2236 3754 gaudium?
2264 3691 2402 3753 Quis
2429 3690 2509 3743 ira
2534 3690 2940 3752 inll:nnmatns.
2968 3690 3122 3744 illius
3157 3705 3424 3746 sermone
3455 3707 3564 3744 non

1927 3782 2016 3830 est
2073 3778 2406 3845 mitigatus?
2441 3778 2582 3842 Quis
2633 3779 2823 3848 iniqua
2872 3779 3228 3842 cogitatione
3283 3779 3567 3848 pulsatus,

1930 3881 2038 3920 non
2074 3866 2171 3919 illo
2194 3872 2281 3920 est
2312 3867 2576 3921 medente
2600 3868 3028 3932 curatus‘IQuis
3051 3868 3341 3923 consolari
3374 3869 3567 3937 petiit,

1927 3962 1982 4009 et
2012 3955 2465 4011 consolationem
2502 3972 2607 4011 non
2646 3957 2896 4011 invenit?
2925 3957 3063 4021 Quis
3096 3957 3203 4011 vim
3236 3957 3566 4026 verborum,

1929 4044 2060 4112 quis
2093 4045 2399 4099 efficaciam
2423 4045 2707 4114 exprimat
2745 4047 3258 4110 sermonum?Quis
3294 4046 3567 4116 pietatem

1929 4133 2221 4201 evolvere,
2255 4133 2384 4200 quis
2435 4133 2778 4187 charitatem
2813 4133 3000 4187 valeat
3034 4150 3339 4197 enarrare;
3365 4135 3416 4188 in
3458 4151 3568 4204 qua

1929 4222 2073 4275 adeo
2109 4221 2404 4276 radicatus
2440 4223 2624 4274 fuerat
2659 4228 2716 4274 et
2744 4222 3038 4290 fundatus,
3075 4228 3154 4283 ut,
3178 4222 3312 4277 licet
3351 4223 3569 4279 nullius

1928 4324 2138 4379 expers
2169 4315 2326 4363 esset
2359 4309 2613 4376 virtutis,
2640 4310 2808 4378 hujus
2845 4315 3030 4364 tamen
3057 4311 3253 4367 cultor
3292 4313 3575 4368 existeret

1930 4397 2221 4467 specialis.
2247 4399 2366 4452 Non
2401 4398 2660 4464 segniter
2692 4397 2865 4451 etiam
2891 4398 3081 4452 animo
3116 4399 3376 4454 retinens
3417 4401 3569 4469 quod

1930 4491 2146 4556 quanto
2181 4487 2484 4556 [plut-ibus.
2523 4489 2620 4542 Eu.
2659 4487 2742 4556 l’.]
2777 4487 3059 4555 subjectis
3085 4487 3380 4556 praelatus,
3409 4494 3572 4543 tanto

183 4579 445 4638 fidelibus
485 4580 608 4637 suis
649 4581 1014 4652 omnipotens
1049 4584 1199 4637 Deus
1239 4582 1599 4637 observanda
1664 4597 1817 4638 man-
1845 4589 1898 4648 Ι)
1929 4579 2088 4634 curis
2114 4578 2432 4646 majoribus
2455 4582 2971 4647 essetoccupatus,
2997 4577 3574 4632 studebatomnimo-

181 4667 350 4724 davit.

248 4759 331 4814 22.
365 4761 689 4830 Pauperqu
763 4775 898 4816 vero
951 4759 1031 4814 illi
1072 4774 1300 4831 semper
1334 4762 1521 4816 fuerat
1573 4761 1813 4815 maxima

183 4848 502 4902 cura.L'nde
526 4837 960 4918 dispensatione
981 4850 1218 4918 provida
1238 4850 1599 4904 xeuodochio
1617 4865 1816 4920 snper-

181 4934 394 4990 addidit
453 4935 708 4992 decimas
740 4941 915 5007 atque
957 4937 1170 5005 venita,
1211 4944 1269 4992 ut
1314 4938 1535 5006 absque
1573 4940 1811 5008 pecunia

182 5022 365 5080 vietus
403 5023 488 5080 eis
537 5025 944 5095 praeberentur
992 5026 1575 5094 necessariaJugiter
1611 5026 1689 5080 illi
1723 5026 1817 5080 ad-

182 5125 377 5167 versus
404 5114 544 5168 vitia
579 5128 801 5185 pugna;
835 5113 965 5183 quia
999 5130 1158 5170 meus
1190 5115 1258 5170 ad
1289 5115 1540 5169 virtutes
1597 5120 1811 5185 erecta,

183 5213 285 5256 non
310 5210 434 5256 erat
470 5201 746 5273 proclivis
779 5201 849 5258 ad
879 5202 1038 5258 vitia.
1087 5203 1356 5259 Radieem
1406 5203 1658 5259 omnium
1709 5220 1817 5259 ma-

185 5284 361 5344 lorum
397 5289 776 5360 cupiditatem
802 5291 892 5346 vel
918 5292 1220 5347 avaritiam
1246 5293 1390 5347 adeo
1406 5294 1812 5362 perhorrebat,

186 5380 261 5443 ut,
298 5383 510 5447 praeter
559 5394 922 5435 communem
974 5380 1412 5452 simplicemque
1464 5382 1700 5449 victum,
1737 5382 1814 5437 nil

185 5462 288 5519 sibi
339 5481 580 5535 prorsus
631 5469 784 5538 quod
827 5467 1081 5538 speciale
1133 5469 1276 5525 foret
1311 5477 1660 5526 assumeret.
1695 5471 1816 5526 Pie-

185 5552 317 5607 tatis
349 5554 555 5612 afl‘ectu
590 5557 788 5629 potius
820 5557 999 5612 amari
1039 5573 1206 5629 quam
1271 5559 1457 5616 timeri
1489 5562 1814 5630 satagebat;

186 5641 329 5696 unde
353 5643 693 5713 jactantiam
725 5650 781 5702 et
815 5645 1124 5704 elationem
1151 5647 1550 5720 proculdubio
1583 5665 1818 5724 respue-

1929 4667 2020 4720 dis
2073 4668 2186 4721 Deo
2222 4681 2321 4737 per
2352 4665 2899 4736 contemplationem
2926 4665 3176 4735 placere,
3209 4665 3568 4720 exteriorum

1927 4771 2098 4812 curas
2159 4772 2260 4827 per
2314 4756 2551 4810 idoneas
2583 4753 3169 4824 quasquelpersonas]
3224 4752 3567 4808 solemniter

1931 4845 2039 4916 jf.,
2072 4845 2342 4916 solerter]
2377 4844 3113 4913 administrare,'l‘aliterex
3146 4849 3283 4898 voto
3321 4843 3566 4898 liberius

1929 4950 2138 4990 vacans
2164 4934 2417 5001 domino,
2438 4933 2747 5003 utrobique
2766 4933 3042 5002 providus
3063 4933 3224 5001 gregi
3243 4933 3566 5002 prospexit;

1929 5023 2086 5078 intus
2124 5021 2356 5092 propria
2392 5020 2712 5089 vigilantia,
2747 5021 3008 5076 exterius
3062 5035 3316 5088 congrua
3378 5021 3568 5088 provi-

1929 5112 2143 5167 dentia.
2179 5113 2246 5164 At
2283 5110 2554 5180 quoniam
2590 5111 2780 5164 fuerat
2836 5109 2992 5165 mira:
3025 5108 3486 5164 mensuetudinis
3509 5115 3567 5164 et

1929 5198 3107 5268 discretionis;sciensquoddistrictio,si
3143 5198 3372 5253 modum
3400 5212 3570 5254 exce-

1929 5290 2034 5358 dit,
2061 5289 2342 5346 saavitiam
2373 5287 2578 5357 gignit,
2613 5294 2671 5342 et
2699 5287 2868 5342 nimia
2903 5288 3089 5357 pietas
3119 5285 3564 5343 dissolutionem

1927 5380 2246 5450 disciplinae
2275 5379 2545 5450 parturit,
2583 5383 2741 5434 tanta
2772 5379 2925 5432 inter
2957 5381 3269 5447 utrumque
3301 5391 3443 5434 usus
3474 5385 3564 5433 est

1928 5469 2300 5537 discretione,
2338 5473 2398 5524 ut
2432 5482 2538 5524 nec
2571 5468 2627 5521 in
2667 5467 2918 5523 discreta
2965 5465 3258 5522 districtio
3309 5468 3568 5522 subditis

1929 5557 2234 5615 recusandi
2261 5556 2479 5613 laboris
2510 5557 2674 5611 ﬁeret
2705 5555 2959 5624 occasio,
2986 5569 3091 5611 nec
3121 5554 3290 5610 nimia
3325 5555 3567 5624 pietatis

1926 5647 2171 5704 exibitio
2201 5647 2526 5720 disciplina:
2558 5647 2704 5702 foret
2742 5645 3120 5702 immoderata
3161 5645 3444 5700 remissio.
3483 5646 3567 5701 ita

187 5726 297 5787 bat.
327 5731 478 5791 Nulli
508 5749 646 5794 vero
666 5734 997 5806 detrahere,
1032 5736 1252 5796 nullum
1286 5737 1488 5797 volens
1513 5739 1694 5812 odire,
1721 5753 1791 5796 ex
1822 5777 1833 5794 .-
1901 5753 2109 5811 nempe
2155 5735 2423 5809 exemplo
2457 5739 2790 5794 sanctorum
2857 5737 3096 5794 Patrum
3149 5750 3389 5806 gressus
3441 5749 3570 5794 sua-
