3894 6404
367 380 482 444 423

1964 357 2173 432 VITA.

3666 374 3779 434 424

372 534 494 575 rum
521 514 775 571 instituit
802 514 1192 577 actionum,ut
1223 510 1553 566 nullatenus
1577 514 1741 562 extra
1769 507 2010 559 limitem
2045 509 2093 565 Α
2132 506 2284 559 mino
2318 506 2723 561 demonstrare
2755 507 2909 577 quod
2962 511 3178 579 quanto
3227 506 3466 578 gravior
3512 509 3777 579 morbus,

364 605 611 676 justitia:
646 603 940 674 propriam
968 601 1187 656 sineret
1218 600 1417 654 elilure
1451 598 1760 653 actionem.

437 695 509 749 24
537 692 677 747 Hinc
712 692 973 761 profecto
1014 689 1238 744 felicem
1281 704 1345 743 ac
1389 687 1521 755 jure
1574 687 1805 740 beatum
1840 681 2014 737 talem

373 782 613 838 dixerim
648 780 833 835 virum
857 778 953 849 qui
985 782 1039 833 et
1065 776 1486 833 ecclesiasticae
1516 773 1837 843 disciplina:
1862 771 2019 839 vigo-

374 886 491 926 rem
528 870 762 925 fortiter
792 867 1001 935 tenuit,
1027 870 1084 921 et
1118 871 1309 921 tamen
1335 870 1578 919 matrem
1604 862 1885 917 virtutum
1912 859 2023 913 dis-

373 959 691 1015 cretionem
741 970 1032 1025 nunquam
1070 953 1354 1009 deseruit.
1392 950 1569 1020 Cujus
1602 953 1661 1003 ut
1690 962 1880 1003 mores
1929 945 2021 1001 vel

372 1054 539 1103 actus
572 1045 905 1101 summatim
955 1042 1364 1114 perstringam,
1403 1040 1511 1096 fuit
1538 1039 1653 1094 vita
1688 1034 2020 1103 laudabilis,

371 1138 550 1193 verbo
565 1136 867 1191 discretus
893 1138 952 1187 et
975 1132 1156 1199 utilis,
1175 1129 1420 1186 consilio
1446 1127 1743 1199 providus,
1768 1123 2027 1180 moribus

370 1230 636 1291 ornatus,
673 1221 1023 1277 al’l‘abililate
1058 1218 1391 1286 mellilluus,
1428 1217 1760 1272 misericors
1788 1220 1846 1268 et
1871 1210 2026 1265 beni-

370 1330 539 1385 gnus,
574 1328 795 1384 pronus
826 1311 895 1366 ad
921 1312 1167 1378 veniam,
1203 1307 1407 1363 tardus
1439 1306 1507 1361 ad
1544 1306 1720 1367 iram;
1750 1318 1851 1373 per
1907 1302 2027 1371 pie-

372 1404 514 1459 tatis
546 1404 838 1467 allectum,
864 1399 1116 1455 omnium
1160 1395 1636 1452 ceudcscendcns
1660 1389 2027 1447 necessitati-

379 1494 487 1547 bus
518 1492 885 1556 miserorum,
912 1488 1078 1556 juxta
1113 1488 1343 1541 beatum
1377 1485 1504 1551 Job,
1540 1487 1704 1553 pater
1733 1486 1859 1535 erat
1894 1493 2028 1548 pan-

380 1596 582 1651 perum
619 1577 750 1637 (Job
793 1592 943 1643 xxix,
987 1580 1089 1646 te),
1126 1572 1494 1628 mmrentium
1534 1570 1889 1637 consolator,
1927 1583 2028 1637 pu-

377 1669 656 1740 pillorum
692 1665 966 1733 adjutor;
1004 1679 1112 1717 non
1146 1663 1416 1731 despexit
1448 1661 1694 1729 inopem,
1732 1672 1834 1711 nec
1868 1655 2028 1711 dimi-

379 1758 460 1812 sit
505 1758 728 1824 absque
785 1753 1149 1822 operimento
1199 1764 1542 1820 pauperem;
1573 1747 1718 1802 alios
1758 1748 2027 1799 refovens

2133 597 2293 647 tanto
2310 595 2609 664 potentior
2652 594 3031 666 Omnipotens
3043 595 3367 653 credendus
3379 601 3468 651 est
3490 595 3779 654 medicus.

2132 682 2386 750 Cumque
2418 681 2489 737 de
2521 682 2661 737 solis
2691 681 2816 751 ejus
2844 690 3119 752 ageretur
3137 684 3454 755 exsequiis,
3483 683 3647 740 lento
3691 700 3784 741 se-

2130 783 2271 838 pore
2319 770 2659 841 corripitur,
2694 772 2971 843 videtque
3014 788 3117 844 per
3181 773 3465 829 somnium
3509 773 3785 829 domnam

2133 858 2501 928 Aswendam,
2527 859 2642 928 jam
2680 859 3142 917 immortalitatis
3185 862 3312 918 luce
3362 862 3633 933 petitam,
3669 862 3783 917 sibi

2132 944 2365 1001 assiste.
2382 961 2433 1011 e,
2453 948 2984 1020 compatientisque
3008 950 3239 1019 affectu,
3258 965 3426 1006 manu
3450 955 3641 1006 totum
3661 965 3784 1005 cor-

2137 1048 2243 1103 pus
2291 1036 2726 1105 permulcendo.
2762 1038 2874 1092 vim
2919 1038 3140 1095 doloris
3184 1039 3384 1095 lenire.
3410 1040 3546 1094 Inde
3585 1045 3784 1095 orato—

2136 1121 2303 1189 rium,
2324 1122 2578 1191 jacentis
2610 1124 2764 1181 lecto
2778 1126 3136 1198 contiguum,
3158 1128 3421 1197 ingressa
3463 1128 3667 1194 tertio,
3687 1126 3785 1182 lle-

2137 1210 2225 1265 xis
2254 1212 2499 1280 genibus
2520 1213 3022 1286 adoravit;sieque
3046 1232 3223 1288 super
3244 1220 3524 1286 aegrotum
3550 1216 3780 1285 signum

2137 1306 2352 1357 sanctae
2384 1302 2578 1357 crucis
2601 1304 2952 1374 exprimens,
2971 1305 3275 1376 disparuit.
3300 1305 3460 1360 Illico
3481 1305 3677 1360 virtus
3701 1304 3783 1359 di-

2139 1388 2267 1444 vina
2292 1396 2378 1445 est
2403 1392 2749 1447 subsecuta:
2774 1408 2899 1447 nam
2922 1399 3049 1464 post
3073 1409 3291 1465 paucos
3311 1393 3435 1449 dies
3456 1393 3779 1460 convaluit,

2141 1476 2364 1547 integra
2398 1482 2688 1550 sospitate
2721 1486 2975 1553 recepta.
3013 1482 3172 1539 Unde
3205 1497 3306 1538 nec
3357 1482 3593 1538 dubium
3652 1495 3782 1536 exs-

2138 1566 2283 1635 titit,
2317 1567 2417 1623 ille
2449 1570 2566 1624 visa
2595 1570 3108 1641 pandentc,ipsius
3138 1570 3588 1641 suifragantibus
3610 1569 3784 1625 meri-

2144 1654 2239 1725 tis,
2269 1661 2498 1713 crutum
2534 1658 2694 1715 illum
2730 1658 2801 1714 de
2820 1660 3070 1716 conlinio
3102 1660 3554 1717 mortis.Fuerat
3583 1663 3780 1715 autem

2140 1747 2256 1797 tam
2292 1745 2743 1823 immanissimus
2778 1747 3042 1817 languor,
3069 1754 3129 1804 ut
3163 1763 3191 1803 a
3218 1749 3411 1819 planta
3450 1748 3660 1819 pedum
3690 1762 3785 1803 us-

385 1846 567 1900 vcrbo
600 1840 1045 1908 consolationis,
1081 1839 1227 1893 alios
1248 1853 1357 1908 ope
1383 1837 1645 1891 relevans
1664 1834 1913 1906 pietatis.
1942 1834 2025 1886 Ab
2056 1866 2110 1925 B
2140 1847 2252 1901 que
2286 1833 2356 1888 ad
2389 1836 2671 1889 verticem
2704 1828 2759 1890 in
2793 1850 2862 1891 eo
2896 1852 3008 1892 non
3037 1842 3195 1892 esset
3229 1836 3479 1903 sanitas;
3511 1835 3612 1893 sed
3658 1840 3781 1891 tota

383 1933 625 1988 infantia
656 1934 833 1986 Deum
865 1929 1072 1983 timere
1104 1928 1309 1982 didicit
1339 1942 1410 1981 ex
1444 1930 1612 1980 utero
1639 1924 1787 1978 enim
1830 1936 2024 1977 secum

378 2038 613 2091 egressa
634 2020 933 2075 miseratio
956 2018 1161 2073 crevit.
1182 2020 1327 2072 Area
1352 2016 1547 2071 cordis
1564 2014 1785 2083 jugiter
1809 2012 2022 2067 referta

380 2114 524 2167 bona
572 2110 895 2177 voluntate,
933 2122 1240 2176 numquam
1298 2119 1477 2160 vacua
1536 2118 1738 2158 manus
1794 2100 2022 2155 exstitit

376 2215 632 2255 munere.
670 2201 994 2269 Pauperum
1030 2196 1141 2251 sibi
1174 2195 1327 2264 apud
1360 2198 1535 2249 Deum
1562 2193 1642 2248 sic
1674 2191 2026 2247 conciliabat

374 2287 697 2357 patrocinia
732 2285 972 2352 ,farieus
1010 2284 1354 2339 sibiamieos
1377 2282 1662 2349 deiniquo
1682 2292 2024 2346 mammona,

376 2376 471 2446 qui
508 2391 638 2429 eum
675 2375 1021 2444 quandoque
1055 2372 1389 2442 reciperent
1423 2371 1474 2424 in
1508 2375 1724 2425 acterna
1760 2369 2028 2423 taberna-

373 2463 503 2520 cula
542 2467 701 2525 (Luc.
738 2468 931 2531 xvt.9).
970 2464 1048 2517 Ne
1097 2466 1290 2517 autem
1352 2460 1623 2514 mundum
1683 2456 1812 2527 plus
1863 2455 2025 2523 justo

373 2552 679 2608 videretur
710 2552 976 2620 diligere,
1012 2551 1225 2605 mundo
1258 2548 1623 2603 solummodo
1654 2560 1792 2601 usus
1821 2550 1908 2599 est
1955 2542 2026 2598 ad

376 2642 807 2709 necessitatem,
855 2655 963 2694 non
1022 2640 1090 2694 ad
1153 2639 1503 2708 superﬂuam
1556 2633 2023 2689 delectationem.

375 2730 590 2786 Noxias
623 2730 836 2800 quippe
870 2730 940 2783 ab
991 2728 1182 2782 animo
1213 2727 1533 2782 excludens
1575 2722 2023 2790 delectationes,

379 2818 738 2888 apostolicas
769 2816 1155 2873 :emulabatur
1192 2814 1506 2869 traditione
1544 2856 1559 2881 ,
1581 2827 1795 2882 corpus
1829 2809 2030 2865 videli-

380 2912 473 2961 cet
496 2907 791 2973 castigare
814 2910 879 2969 et
914 2905 966 2959 in
1000 2905 1343 2958 servitutem
1371 2903 1638 2970 redigere
1673 2901 1735 2969 (Ι
1760 2904 1886 2956 007'.
1924 2900 2027 2969 Ix),

381 3001 439 3048 ut
474 2998 854 3049 extenuatum
874 2993 1215 3047 cmlestibus
1240 2990 1569 3061 disciplinis
1588 3005 1691 3043 vas
1711 2994 1906 3059 aptum
1935 2988 2030 3043 lie-

377 3087 468 3139 rct
492 3081 995 3138 sanctilicationis.
1014 3080 1429 3135 Noveratenim
1450 3079 1700 3133 animum
1728 3092 1837 3132 non
1856 3092 2027 3145 posse

380 3171 642 3240 legitimo
677 3170 922 3241 imperio
948 3169 1188 3240 perfrui,
1216 3167 1535 3223 nisicarnis
1573 3173 1762 3221 motus
1798 3166 2029 3235 penitus

374 3265 567 3315 essent
601 3258 917 3329 subjugati.
947 3260 1063 3314 Hoc
1098 3258 1349 3328 denique
1385 3259 1497 3312 ritu
1537 3256 1807 3312 sacrilicii
1848 3255 1899 3309 in
1936 3253 2025 3309 sui

375 3350 570 3405 cordis
597 3348 995 3420 penetralibus
1040 3349 1288 3403 hostiam
1342 3348 1526 3401 vivam
1574 3351 1852 3413 sanctam,
1889 3347 2028 3398 Deo-

377 3451 489 3506 que
524 3438 847 3507 placentem
911 3451 969 3491 se
1002 3435 1263 3490 exhibuit
1301 3437 1469 3497 (Rom
1499 3450 1597 3501 xn,
1635 3440 1709 3503 1),
1745 3434 1879 3488 dum
1914 3432 2026 3487 sin-

373 3525 527 3593 gulis
553 3525 781 3591 diebus,
801 3540 929 3579 cum
956 3525 1353 3579 sacrosanctis
1367 3522 1637 3592 corporis
1655 3519 2027 3589 etsanguinis

379 3613 596 3668 Christi
624 3613 919 3682 mysteriis
942 3627 1043 3684 per
1066 3612 1535 3683 compunctionis
1551 3611 1799 3679 gratiam
1826 3610 2023 3665 sesein

375 3701 783 3757 holocaustum
818 3702 1111 3757 mactavit.

445 3795 532 3846 :25.
566 3790 888 3846 Exstiterat
922 3791 1051 3847 huic
1073 3790 1411 3845 beatissimo
1441 3788 1569 3844 viro
1595 3789 1774 3843 frater
1804 3802 2026 3855 germa-

378 3894 509 3949 nus,
538 3878 886 3934 Frumoldus
920 3880 1029 3943 (18.
1068 3878 1317 3946 nomine,
1356 3893 1591 3932 sorores
1631 3877 2029 3935 sanctimonia-

379 3968 464 4023 les
498 3967 647 4033 dum,
685 3982 929 4037 quarum
974 3981 1105 4033 una,
1130 3966 1415 4021 Oswenda
1442 3967 1689 4035 nomine,
1710 3967 1867 4021 mira:
1893 3966 2026 4023 sim-

376 4056 665 4128 plicitatis
685 4057 1108 4112 etinnocentne
1135 4056 1237 4111 fuit
1259 4056 1487 4121 femina;
1514 4057 1695 4111 altera
1716 4070 1875 4121 vero,
1895 4057 2027 4111 Ber-

377 4152 431 4202 ta
470 4153 826 4217 nuncupata,
864 4146 1191 4201 litterarum
1228 4145 1539 4215 plurimum
1565 4146 1804 4200 emicuit
1841 4144 2028 4199 Stien-

375 4235 477 4290 tia.
516 4236 653 4291 Haec
686 4238 798 4305 (19)
832 4234 1009 4289 vitam
1047 4236 1230 4291 beat:c
1259 4233 1616 4301 Adelheidis,
1655 4235 1855 4304 prima:
1882 4232 2027 4288 Vile-

376 4324 569 4379 censis
592 4323 1190 4391 abbatissm,eleganti
1216 4322 1690 4378 satisndinedum
1719 4322 1871 4393 style
1893 4337 2028 4376 con-

378 4412 641 4483 scripsit,
667 4417 726 4467 et
758 4411 1068 4483 plurimum
1114 4398 1413 4479 religionis
1444 4410 1534 4467 vel
1591 4411 1848 4467 scientiae
1910 4425 2026 4465 suae

381 4502 633 4557 fructum
652 4502 706 4556 in
729 4502 932 4557 eodem
959 4501 1089 4556 loco
1114 4499 1538 4569 dereliquiLDe
1556 4498 1723 4567 cujus
1749 4498 2025 4569 prtedicta

2059 3215 2107 3277 C

2141 1922 2407 1991 corporis
2426 1930 2560 1979 cute
2585 1925 2908 1995 subtracta,
2927 1941 2991 1981 ac
3012 1926 3058 1981 si
3085 1930 3282 1981 vetere
3298 1924 3522 1980 homine
3544 1930 3779 1993 exutus,

2141 2011 2362 2065 recenti
2396 2012 2557 2068 corio
2587 2029 2716 2068 cum
2751 2013 2940 2069 salute
2970 2019 3062 2070 est
3086 2013 3518 2087 superindutus.

2209 2104 2276 2154 26
2299 2104 2373 2155 At
2422 2117 2560 2156 vero
2609 2101 2927 2172 praedictus
2969 2104 3123 2158 beati
3174 2102 3509 2174 Wolphelmi
3556 2116 3782 2172 germa-

2140 2203 2270 2256 nus,
2310 2189 2559 2245 domnus
2592 2190 2861 2246 videlicet
2916 2191 3277 2259 Frumeldus,
3310 2192 3484 2247 armis
3529 2197 3781 2247 terrena).

2139 2276 2363 2331 militia:
2396 2283 2628 2347 exutus,
2648 2294 2708 2333 se
2732 2278 2849 2334 illis
2873 2279 3161 2349 implicari
3187 2280 3476 2336 recusavit
3508 2277 3777 2345 ulterius,

2142 2372 2203 2421 ut
2237 2368 2350 2421 Dee
2383 2368 2605 2423 servire
2642 2374 2835 2439 posset
2885 2370 3237 2440 expeditius.
3273 2370 3536 2426 Studium
3582 2369 3780 2439 itaque

2141 2457 2634 2525 peregrinationis
2663 2459 2970 2529 arripiens,
3007 2474 3076 2513 ne
3107 2459 3271 2514 exsul
3301 2458 3561 2514 caelestis
3615 2458 3785 2512 fieret

2143 2545 2538 2614 patriae,emni
2574 2547 2799 2616 reliquo
2833 2548 2965 2602 vitae
2995 2562 3113 2602 suae
3147 2552 3407 2617 tempore
3440 2546 3607 2615 longe
3641 2546 3785 2602 late-

2144 2648 2273 2702 que,
2312 2635 2379 2687 ad
2418 2635 2800 2704 promerenda
2836 2641 3170 2691 sanctorum
3195 2635 3535 2707 patrocinia,
3570 2650 3630 2691 se
3664 2639 3786 2691 stu-

2144 2723 2269 2777 duit
2288 2724 2585 2791 exsiliare,
2608 2732 2827 2780 unotan
2840 2730 2957 2781 tum
2974 2730 3283 2781 contentus
3297 2726 3530 2781 servulo
3544 2725 3779 2794 comite,

2141 2812 2234 2866 cui
2270 2818 2461 2866 tamen
2497 2829 2661 2869 versa
2687 2815 2832 2881 vice,
2870 2822 2929 2869 ut
2963 2813 3113 2869 alter
3140 2813 3437 2882 Martinus,
3455 2813 3545 2869 hic
3572 2814 3785 2884 saepius

2142 2902 2443 2955 consuevit
2481 2902 2834 2958 ministrare.
2873 2904 3035 2969 Quod
3066 2917 3249 2971 genus
3276 2901 3483 2958 divinae
3502 2901 3783 2973 propitia-

2144 2989 2318 3043 tionis
2352 2989 2450 3044 ille
2486 2991 2732 3059 pedibus
2757 2991 2978 3060 jugiter
3010 2996 3368 3061 cxsequente
3420 2991 3607 3060 nudis,
3637 2990 3781 3046 adeo

2140 3076 2357 3146 saepius
2394 3078 2645 3133 vidimus
2677 3093 2806 3134 eum
2862 3078 3111 3134 liventes
3162 3079 3391 3149 plantas
3447 3077 3683 3146 habere,
3719 3081 3783 3131 ut

2141 3179 2213 3220 nu
2245 3165 2293 3220 la
2333 3165 2554 3222 ratione
2585 3168 2979 3223 calceamenta
3010 3166 3233 3222 valeret
3281 3166 3606 3222 admittere.
3644 3166 3781 3220 Erat

2139 3256 2312 3310 etiam
2343 3257 2393 3309 ei
2428 3257 2708 3311 solemnis
2738 3259 3123 3325 consuetudo,
3158 3256 3411 3327 quandiu
3434 3255 3503 3310 ad
3523 3256 3777 3311 divinum

2140 3345 2192 3399 in
2227 3345 2473 3400 ecclesia
2510 3346 2825 3401 assistebat
2858 3347 3133 3417 ofﬁcium,
3169 3345 3511 3401 omnimodis
3534 3344 3777 3413 alicujus

2142 3434 2328 3489 vitare
2361 3434 2747 3504 colloquium;
2782 3436 2883 3491 sed
2918 3444 3099 3504 stans,
3135 3435 3222 3491 vel
3249 3434 3403 3491 humi
3443 3439 3774 3505 prostratus

2138 3536 2334 3591 orans,
2355 3528 2514 3580 tanta
2542 3525 2818 3595 lacrymai
2839 3541 2917 3580 un
2954 3525 3291 3595 potiebatur
3304 3524 3592 3593 ubertate,
3607 3528 3667 3580 ut
3683 3537 3775 3578 ve-

2141 3610 2222 3665 lut
2258 3611 2441 3667 imbre
2468 3615 2784 3683 perfusum,
2824 3612 3115 3668 madidum
3142 3612 3441 3682 reliquerit
3491 3611 3779 3683 pavimen-

2138 3702 2445 3756 tum.llanc
2478 3702 2946 3773 compunctionis
2972 3702 3216 3769 gratiam
3243 3716 3344 3771 per
3375 3700 3624 3755 divinam
3652 3715 3776 3772 pos-

2138 3788 2335 3844 sidens
2359 3790 2747 3860 clementiam,
2780 3792 3081 3846 custodem
3114 3791 3169 3844 in
3192 3806 3253 3845 se
3286 3788 3635 3859 reliquarum
3683 3788 3775 3844 de-

2139 3878 2367 3947 putavit
2398 3894 2527 3933 esse
2554 3880 2876 3945 virtutum;
2912 3881 3044 3950 quia
3074 3879 3293 3937 nullum
3324 3879 3557 3950 penitus
3586 3878 3636 3934 ei
3682 3879 3775 3934 do-

2139 3966 2343 4021 minari
2379 3969 2537 4022 novit
2572 3966 2872 4038 delictum,
2905 3970 3070 4039 cujus
3102 3984 3263 4024 mens
3294 3967 3495 4024 sedulo
3511 3982 3776 4039 compun-

2136 4057 2298 4126 gitur
2332 4058 2401 4112 ad
2428 4058 2764 4113 lamentum.
2799 4059 2939 4125 Quis
2962 4060 3112 4114 hunc
3139 4056 3535 4114 fidelissimum
3560 4056 3769 4113 Domini

2139 4144 2519 4216 dubitaverit,
2555 4162 2787 4202 servum
2811 4147 2981 4216 cujus
3013 4147 3313 4203 exsecutio
3370 4148 3765 4202 mandatorum

2138 4239 2256 4286 tam
2309 4234 2548 4289 evidens
2582 4235 2805 4290 meritis
2849 4234 3007 4291 illius
3069 4236 3291 4307 praebet
3345 4235 3767 4291 testimonium?

2141 4321 2415 4385 Quamvis
2445 4324 2659 4378 ctenim
2686 4324 2739 4377 in
2768 4338 2909 4395 pace
2934 4324 3243 4394 praesentis
3271 4324 3403 4380 vitaa
3419 4337 3771 4380 consumma-

2142 4410 2293 4464 verit
2325 4425 2583 4477 cursum,
2609 4411 2867 4481 explevit
2900 4417 3087 4468 tamen
3122 4412 3481 4481 martyrium,
3509 4416 3769 4482 satagens

2143 4498 2488 4554 cruciﬁxum
2513 4500 2728 4555 habere
2750 4503 3044 4569 mundum,
3064 4501 3197 4556 dum
3218 4515 3447 4557 carnem
3471 4515 3627 4557 suam
3649 4514 3771 4557 cum

380 4604 604 4660 sorore,
631 4590 839 4646 domna
873 4589 1149 4645 videlicet
1174 4588 1722 4657 Oswenda,nostris
1755 4587 2028 4659 temperi-
2057 4577 2110 4638 D
2141 4588 2304 4643 vitiis
2325 4590 2896 4659 etconcupiscentiis
2917 4590 3636 4661 crucifixit,et,Dominum
3651 4588 3773 4645 lide-

382 4681 487 4735 bus
540 4681 752 4734 factum
803 4678 947 4733 libet
1002 4679 1223 4733 referre
1271 4677 1635 4743 miraculum,
1669 4677 1822 4732 omni
1891 4691 2027 4732 sane

381 4767 553 4823 laude
587 4767 865 4822 memoria
906 4772 964 4822 et
1006 4766 1381 4822 veneratione
1438 4766 1859 4834 dignissimum.
1897 4765 2031 4831 Qui-

382 4856 510 4912 dam
550 4856 828 4911 fraterex
862 4854 1130 4911 ccenobie
1154 4854 1764 4925 Brunwilerensi,Udo
1779 4856 2026 4925 nomine,

383 4945 526 5000 adeo
549 4944 798 5015 pessima
824 4942 1125 4998 laborabat
1160 4943 1517 5012 infirmitate,
1552 4948 1611 4998 ut
1632 4959 1833 4999 omnes
1862 4959 2032 5013 coge-

386 5038 587 5089 rentur
618 5032 690 5088 de
721 5032 847 5101 ejus
871 5031 1183 5101 desperare
1201 5031 1409 5087 salute.
1436 5033 1692 5103 Denique
1717 5036 1842 5087 toto
1867 5032 2033 5087 mise-

386 5121 653 5177 rabiliter
692 5121 1119 5177 intumescente
1152 5136 1422 5192 corpore,
1462 5123 1715 5177 omnium
1748 5121 2033 5175 membro-

388 5224 511 5265 rum
541 5211 750 5266 amissa
794 5209 1066 5279 sanitate,
1099 5212 1310 5266 trunco
1348 5211 1543 5281 potius
1589 5224 1757 5279 quam
1784 5209 2033 5266 humane

387 5300 618 5369 corpori
650 5299 964 5355 videbatur
988 5299 1216 5367 similis,
1252 5300 1523 5369 quodque
1554 5300 1798 5353 maxime
1825 5300 2032 5354 mortis

387 5385 662 5443 indicium
708 5388 1150 5459 seletexistcre,
1198 5386 1844 5444 nullumremediumilli
1881 5388 2035 5442 adhi-

390 5474 571 5529 bitum
623 5476 804 5533 valuit
848 5478 1165 5547 prolicere;
1198 5476 1452 5541 volente,
1492 5480 1553 5530 ut
1582 5475 1895 5547 credimus,
1931 5479 2035 5533 Do-

461 5582 573 5653 (18)
608 5582 978 5640 Frumeldum
1000 5589 1061 5639 et
1083 5584 1429 5640 Oswennam
1454 5584 1608 5639 inter
1631 5581 1776 5639 alios
1801 5590 2036 5643 sanctos

390 5659 688 5712 enumerat
736 5654 1010 5712 Gelenius
1060 5655 1115 5711 in
1174 5655 1344 5712 fastis
1387 5655 1849 5726 Coloniensibus,
1888 5672 2033 5728 quos

2144 4677 2280 4731 liter
2312 4692 2586 4749 sequens,
2614 4679 2827 4734 munde
2856 4679 3203 4748 peregrinus
3228 4677 3471 4735 exstitit.
3490 4678 3591 4733 Hic
3614 4678 3770 4733 coeti-

2144 4766 2253 4821 bus
2278 4766 2599 4836 justorum,
2637 4773 2699 4822 ut
2729 4768 3095 4839 conﬁdimus,
3131 4767 3492 4837 coniunctus,
3526 4766 3581 4822 in
3602 4765 3772 4823 eccle-

2143 4855 2225 4909 sia
2275 4856 2527 4925 propria:
2579 4857 2968 4926 possessionis
3028 4857 3277 4926 quiescit
3335 4855 3614 4927 sepultus.
3648 4856 3769 4911 Hac

2145 4957 2327 5015 pauca
2364 4943 2583 5012 prolata
2611 4945 2899 4999 sufﬁciant
2926 4944 2995 5000 ad
3019 4945 3356 4999 sanctitatis
3388 4943 3771 4999 testimonium

2146 5033 2464 5089 beatissimi
2521 5034 2712 5089 Patris
2757 5034 3099 5105 Welphclmi
3140 5039 3201 5090 et
3243 5031 3533 5089 Frumoldi
3565 5045 3772 5103 germa-

2144 5137 2369 5177 norum.

2212 5213 2302 5269 27.
2340 5215 2471 5268 Frat
2506 5217 2640 5270 tunc
2687 5215 2969 5286 temporis
3031 5214 3119 5269 vir
3157 5212 3388 5285 quidam
3421 5224 3631 5281 genere
3681 5223 3773 5266 no-

2147 5301 2302 5367 bilis,
2339 5302 2441 5356 sed
2492 5303 2753 5359 moribus
2810 5301 3079 5372 nobilior,
3117 5299 3484 5358 Burchardus
3534 5298 3768 5369 nomine,

2148 5392 2529 5463 praefectorite
2560 5392 2884 5461 dignitatis,
2919 5392 3020 5447 scd
3076 5397 3133 5446 et
3194 5394 3527 5461 praepotens
3585 5388 3767 5457 armis,

2148 5480 2243 5551 qui
2314 5494 2627 5549 germanus
2695 5480 2930 5536 exstitit
3007 5476 3387 5537 illustrissimi
3457 5477 3565 5532 viri
3628 5476 3776 5531 Eine-

2147 5592 2339 5643 tamen
2372 5591 2707 5644 sanctorum
2736 5585 3006 5657 catalogo
3029 5585 3319 5657 ascriptos
3340 5597 3453 5657 non
3495 5587 3767 5657 putamus.

2218 5657 2332 5732 (t9)
2365 5660 2524 5718 Hanc
2547 5658 2734 5716 Vitam
2767 5654 2957 5717 habes
2978 5661 3136 5716 tome
3169 5654 3205 5714 Γ
3222 5655 3396 5728 hujus
3419 5654 3643 5715 seculi.
