3894 6480
351 348 485 413 ’427

1129 350 1211 417 Β.
1252 346 1764 420 WOLPHELMI
1802 348 2160 419 ABBATIS
2201 352 3009 428 BRUNWILLERENSIS

3654 373 3791 445 428

368 496 497 547 sum
527 502 634 548 nos
656 452 944 559 unda-jam
990 482 1220 559 longius
1250 490 1547 560 rapuerat,
1592 486 1727 546 dum
1758 501 1898 547 ecce
1928 498 2019 545 re-
2046 485 2101 547 A
2132 486 2384 563 fuerant,
2416 492 2618 550 ordine
2648 497 2943 567 exposuit.
3002 498 3180 571 Cujus
3211 501 3420 560 mentis
3450 501 3639 564 dolori
3672 508 3785 568 ille

368 583 546 652 pente
574 576 928 635 intolerabili
978 581 1181 633 exorta
1213 579 1582 648 tempestate,
1644 580 1817 650 rupta
1847 577 2015 650 quies

366 668 549 725 Rheni
571 668 644 724 ab
675 667 806 723 imis
838 665 1075 724 sedibus
1112 666 1514 738 perturbatur,
1548 666 1837 739 undaeque
1869 668 1923 723 in
1955 683 2015 724 se

368 756 783 826 redundantes,
810 753 882 811 ad
904 755 1090 812 instar
1112 754 1836 828 prominentiumjrupium,
1861 755 2017 828 capi-

366 846 524 903 tibus
579 843 879 901 imminere
934 842 1285 901 videbantur
1317 843 1374 899 in
1416 844 1547 900 navi
1607 843 2009 901 residentium.

366 934 575 1006 Sicque
600 933 766 991 navis
790 932 905 990 huc
933 931 1192 1003 illucque
1215 933 1379 1003 vagis
1412 931 1694 990 dilabitur
1726 931 1919 1004 undis,
1954 937 2015 989 et

363 1036 517 1081 nunc
555 1035 780 1081 summo
809 1022 867 1078 in
916 1021 1098 1079 fluctu
1142 1020 1419 1094 pendens,
1456 1036 1607 1079 nunc
1638 1020 1790 1080 unda
1823 1020 2015 1078 dehis-

360 1127 501 1171 cens
532 1116 749 1169 terram
769 1110 927 1168 inter
958 1111 1170 1168 fluctus
1194 1110 1401 1184 aperit,
1428 1110 1802 1182 turbatisque
1819 1110 2014 1168 nautis

361 1216 483 1274 prae
513 1214 733 1275 pavore
765 1199 992 1272 mortis,
1038 1215 1222 1257 sonus
1252 1198 1418 1256 haesit
1470 1198 1526 1255 in
1556 1202 1797 1271 gutture
1830 1198 2008 1257 vocis.

357 1292 539 1349 Tanto
572 1290 744 1348 nobis
768 1288 1002 1346 vallatis
1026 1289 1307 1360 periculo,
1338 1289 1525 1345 virum
1574 1288 1795 1345 Domini
1826 1288 1882 1344 in
1915 1303 2014 1360 po-

360 1379 599 1437 steriori
620 1379 787 1436 navis
806 1382 972 1451 parte
1003 1377 1376 1447 residentem,
1397 1382 1453 1433 et
1480 1391 1586 1434 suo
1615 1391 1775 1433 more
1808 1376 2009 1433 nescio

360 1470 499 1542 quid
527 1468 744 1525 secreti
786 1468 1185 1538 meditantem,
1209 1470 1489 1523 eteorum
1521 1481 1650 1538 quae
1682 1465 1850 1523 nobis
1879 1480 2010 1523 eve-

358 1561 827 1630 nerantprorsus
846 1556 1131 1626 ignarum,
1167 1555 1303 1626 adii,
1320 1560 1382 1611 et
1399 1559 1645 1611 mortem
1660 1554 2007 1612 omnimodis

356 1647 655 1704 imminere
688 1645 968 1703 nuntiavi.
995 1644 1101 1711 Qui
1134 1644 1402 1715 protinus
1424 1643 1497 1699 ad
1520 1643 1844 1700 orationem
1871 1658 2008 1702 con-

355 1735 579 1806 volans,
614 1740 749 1791 nota
801 1732 1094 1806 praesidia,
1131 1738 1465 1789 sanctorum
1498 1731 1876 1789 devotissime
1904 1733 2005 1789 im-

357 1824 550 1897 plorat
588 1822 880 1894 suﬂ‘ragia,
944 1821 1162 1877 litaniae
1214 1820 1644 1909 supplicatione
1705 1820 1996 1893 imposita.
2029 1848 2087 1909 Β

353 1912 571 1970 Dehinc
590 1926 722 1968 cum
743 1912 950 1967 crebra
970 1914 1187 1966 sanctae
1209 1909 1405 1966 crucis
1428 1908 1777 1980 objections,
1811 1910 2002 1967 Salva-

351 2000 852 2071 tormundi,salva
888 1998 1195 2069 nos,coepit
1216 2011 1445 2053 canere.
1483 1996 1590 2063 Qui
1618 2011 1723 2069 per
1745 2013 1997 2070 crucem,

353 2090 645 2162 inquiens,
689 2093 747 2145 et
787 2087 1125 2157 sanguinem
1178 2084 1480 2142 redemisti
1509 2101 1631 2157 nos,
1695 2086 1995 2145 auxiliare.

352 2181 630 2237 Hortatur
649 2177 877 2246 dehinc,
900 2176 1213 2247 resumptis
1226 2176 1453 2231 viribus
1471 2181 1812 2232 constanter
1834 2177 2003 2234 remi-

348 2284 488 2340 gare
518 2268 700 2337 viros,
735 2266 894 2322 nullo
926 2270 1081 2321 metu
1139 2264 1346 2321 mortis
1386 2265 1640 2336 concuti,
1675 2265 1894 2323 nullum
1926 2280 1999 2323 ex

348 2358 435 2415 eis
469 2369 743 2414 asserens
767 2355 1091 2426 periturum
1120 2353 1483 2425 providentia
1507 2354 1625 2409 Dei.
1651 2354 1768 2411 Hac
1792 2355 1999 2413 exhor-

348 2446 571 2503 tatione
617 2442 877 2513 animati,
940 2447 997 2498 et
1031 2442 1298 2513 quoniam
1328 2457 1425 2498 res
1455 2458 1561 2514 pro
1590 2443 1775 2500 anima
1806 2444 1994 2500 fuerat

346 2531 483 2604 illis,
501 2531 638 2589 dum
664 2531 899 2587 fortiter
913 2530 983 2586 ad
1007 2529 1175 2587 littus
1202 2530 1465 2602 tendunt,
1493 2531 1994 2604 viriliterzequora

348 2620 881 2680 scindunt.lnterea
899 2618 1249 2677 miserabilis
1262 2618 1483 2676 clamor
1497 2620 1805 2692 utriusque
1820 2637 1997 2679 sexus

346 2726 524 2785 super
541 2710 711 2767 littus
734 2708 1182 2766 consistentium
1203 2708 1495 2765 attollitur
1518 2709 1575 2764 in
1594 2709 1827 2781 coelum,
1845 2710 1996 2784 peri-

345 2801 540 2859 culum
584 2804 852 2856 nostrum
902 2798 1128 2854 eminus
1185 2797 1553 2855 intuentium.
1614 2799 1765 2866 Quid
1796 2800 1994 2857 multis

345 2892 562 2948 morer?
600 2891 757 2946 Inter
782 2888 1031 2945 confinia
1074 2889 1243 2960 positi
1265 2889 1472 2945 mortis
1494 2892 1552 2945 et
1575 2889 1732 2959 vitae,
1759 2890 1991 2947 tandem

343 2979 707 3052 perlabimur
746 2976 817 3035 ad
840 2978 1049 3048 locum,
1096 2978 1190 3034 ubi
1215 2978 1529 3035 multitudo
1551 2977 1782 3035 navium
1815 2978 1992 3037 latius

343 3068 526 3126 Rheni
576 3071 964 3140 occupaverat
995 3068 1201 3124 sinum.
1238 3065 1392 3133 Quas
1419 3067 1794 3138 attingentes,
1829 3071 1888 3123 et
1918 3083 1990 3124 ex

343 3156 532 3215 altera
553 3158 609 3213 in
643 3157 884 3214 alteram
917 3156 1422 3227 transmigrantes,
1450 3155 1617 3225 juxta
1647 3156 1757 3214 viri
1776 3158 1873 3213 Dei
1892 3172 1991 3215 vo-

341 3262 484 3317 cem,
521 3252 736 3319 praeter
768 3261 928 3318 spem
976 3245 1273 3303 evasimus
1322 3260 1541 3301 omnes.
1577 3245 1984 3303 Verumtamen

340 3352 411 3394 ne
434 3335 804 3394 dubitaretur
828 3336 949 3393 ullo
972 3334 1140 3391 modo
1157 3333 1315 3391 illius
1337 3348 1442 3391 nos
1470 3334 1729 3392 salvatos
1752 3335 1982 3406 merito,

339 3427 565 3484 conoite
598 3425 657 3482 id
684 3426 879 3482 rabies
919 3424 1101 3480 Rheni
1133 3424 1386 3480 ﬂuminis
1417 3423 1611 3481 divino
1667 3423 1987 3482 declaravit

336 3515 569 3572 indicio.
603 3515 861 3585 Denique
889 3518 953 3571 ut
978 3512 1075 3569 ille
1106 3514 1313 3570 beatus
1335 3512 1539 3584 pedem
1561 3517 1725 3569 extra
1749 3512 1987 3585 puppim

334 3604 566 3676 extulit,
602 3601 775 3676 paulo
826 3608 961 3659 ante
993 3602 1273 3659 divinitus
1332 3601 1633 3673 suspensis
1689 3602 1982 3673 fluctibus,

336 3693 550 3767 praedae
582 3692 803 3761 fuit;et
836 3706 963 3763 qum
990 3692 1151 3762 prius
1181 3694 1394 3747 onusta
1426 3690 1606 3760 mergi
1630 3705 1741 3747 non
1771 3691 1982 3763 potuit,

336 3781 661 3840 subsistere
681 3784 849 3837 tanto
873 3780 1110 3837 viduata
1144 3786 1391 3852 patrono
1413 3779 1695 3851 nequivit,
1732 3780 1834 3837 sed
1857 3796 1987 3852 pro-

336 3873 514 3943 tinus,
531 3871 705 3928 nobis
719 3870 1427 3939 cernentibus,submersa
1449 3868 1751 3941 disparuit.
1771 3870 1986 3927 Taliter

334 3976 441 4035 per
488 3960 751 4017 immensi
801 3959 1069 4015 mocroris
1103 3957 1511 4030 praecipitium,
1570 3958 1795 4016 meritis
1828 3959 1984 4017 servi

333 4050 444 4121 sui,
479 4047 709 4105 maximi
742 4048 910 4104 nobis
954 4046 1150 4117 gaudii
1182 4047 1458 4105 Dominus
1491 4047 1740 4105 contulit
1771 4049 1985 4106 benefi-

331 4138 514 4206 cium;
542 4136 676 4194 dum
698 4140 757 4194 et
780 4138 1064 4194 virtutum
1085 4136 1209 4207 ejus
1222 4137 1468 4207 gratiam
1487 4138 1720 4209 extulit,
1747 4136 1983 4210 etquod

330 4227 679 4285 verebamur
710 4227 945 4284 avertit.

404 4323 488 4374 31.
514 4319 625 4374 Per
648 4316 799 4373 idem
822 4321 1055 4389 tempus
1081 4316 1327 4387 quadam
1348 4315 1440 4373 die
1460 4331 1590 4373 cum
1616 4322 1979 4375 secretorum

331 4422 565 4467 suorum
596 4407 864 4477 consciis,
901 4406 1244 4477 oratorium,
1278 4411 1339 4463 ut
1365 4411 1501 4463 tunc
1529 4404 1672 4463 falso
1703 4407 1980 4465 credeba-

329 4501 446 4569 tur,
483 4494 998 4554 Brunwillerensis
1022 4495 1311 4567 parocbize
1333 4495 1387 4550 in
1413 4494 1568 4565 villa,
1603 4495 1977 4565 Kyrchedoro

2019 3208 2067 3271 Ο

2128 578 2466 653 condolens,
2500 582 2653 640 datis
2685 585 2859 641 etiam
2893 591 3230 646 sanctorum
3254 590 3535 666 reliquiis,
3568 611 3785 655 evoca-

2131 674 2250 759 tum
2284 669 2355 725 ad
2388 686 2452 726 se
2500 671 2717 729 direxit
2761 690 2891 732 cum
2923 692 2993 733 eo
3049 679 3354 748 quemdam
3410 682 3775 759 Hezelinum,

2127 756 2469 817 Scarnensis
2495 762 2608 834 (21)
2633 764 2791 820 sedis
2828 766 3168 837 antistitem,
3203 772 3265 825 ut
3290 783 3395 826 sua
3416 771 3543 829 vice
3564 756 3780 846 praedi-

2125 850 2283 902 ctum
2307 846 2519 919 locum,
2546 852 2678 920 quia
2704 852 2986 924 episcopii
3015 855 3105 911 sui
3156 855 3427 916 dimcesis
3473 866 3621 933 erat,
3652 865 3777 922 Deo

2124 942 2521 1009 consecraret,
2537 942 2596 994 et
2619 940 2746 1010 ejus
2768 941 3025 999 servitiis
3041 945 3223 1002 manci
3232 950 3417 1017 paret.
3435 947 3541 1015 Qui
3562 950 3771 1010 libenti

2124 1022 2314 1079 animo
2334 1024 2461 1094 ejus
2497 1028 2912 1100 obtemperans
2950 1031 3211 1104 imperio,
3244 1042 3593 1109 congregata
3623 1041 3775 1098 mul-

2121 1109 2379 1168 titudine
2392 1112 2890 1185 ﬂdelium,divin:e
2905 1118 3171 1189 religioni
3189 1120 3601 1183 dedicaverunt
3614 1127 3768 1186 idem

2121 1200 2462 1288 oratorium,
2491 1207 2823 1262 statuentes
2839 1206 2916 1262 ibi
2941 1206 3056 1263 duo
3080 1208 3287 1265 altaria
3317 1229 3329 1264 :
3354 1214 3620 1285 superius
3639 1218 3772 1288 qui-

2123 1286 2253 1343 dem
2285 1288 2340 1344 in
2373 1289 2593 1347 honore
2625 1292 2957 1364 archangeli
3005 1295 3318 1370 Michaelis,
3354 1299 3596 1361 inferius
3619 1286 3766 1364 vero

2120 1374 2177 1430 in
2210 1378 2586 1436 veneratione
2634 1380 2897 1439 habenda
2933 1384 3085 1440 beati
3131 1386 3357 1443 Martini
3383 1390 3763 1452 confessoris.

2118 1464 2235 1520 Hoc
2268 1465 2323 1520 in
2348 1466 2502 1523 facto
2523 1467 2606 1524 illi
2653 1470 2923 1527 nimirum
2949 1487 3079 1528 cum
3097 1474 3267 1531 beato
3287 1476 3529 1535 Martino
3553 1481 3763 1541 similis

2117 1552 2347 1609 exstitit
2378 1558 2681 1627 proportio
2709 1558 2972 1627 virtutis,
3006 1561 3102 1631 qui
3134 1563 3257 1634 pari
3300 1565 3469 1622 modo
3490 1567 3761 1627 similiter

2117 1640 2447 1700 illustratus
2481 1644 2671 1703 divina
2709 1648 3084 1720 revelatione,
3124 1651 3397 1723 populum
3444 1656 3699 1716 absolvit
3727 1676 3757 1718 a

2116 1728 2419 1820 diabolica
2439 1734 2660 1791 fraudis
2675 1736 3033 1809 seductione,
3052 1752 3150 1794 ara
3165 1740 3465 1800 destructa
3487 1743 3753 1820 latronis,

2117 1818 2213 1888 qui
2247 1819 2302 1875 in
2334 1821 2460 1877 vice
2482 1823 2878 1881 venerabatur
2909 1827 3203 1897 martyris.
3231 1829 3332 1886 His
3361 1830 3438 1887 ita
3468 1833 3579 1889 rite
3608 1818 3757 1893 celo.

2116 1907 2322 1979 bratis,
2368 1910 2667 1967 redierunt
2694 1915 2941 1985 uterque
2964 1914 3036 1971 ad
3069 1917 3303 1989 propria
3335 1919 3512 1977 Deum
3539 1922 3755 1981 collau-

2112 1995 2318 2053 dantes
2340 1998 2396 2053 in
2420 1999 2629 2069 jubilo.

2183 2088 2268 2141 32.
2288 2085 2435 2143 Illud
2457 2088 2633 2144 etiam
2662 2105 2773 2146 non
2801 2091 3166 2148 reticendum
3190 2094 3448 2153 arbitror
3468 2098 3552 2155 rei
3570 2104 3750 2171 gestat

2110 2173 2492 2247 miraculum,
2554 2177 2705 2247 quod
2766 2179 3018 2237 vidimus
3073 2180 3197 2237 fieri
3255 2184 3361 2240 sub
3415 2187 3747 2247 testimonio

2108 2263 2363 2321 omnium
2419 2264 2686 2337 fratrum,
2726 2272 2787 2324 et
2842 2273 2954 2338 est,
3006 2269 3152 2325 fama
3182 2271 3475 2346 vulgante,
3508 2275 3746 2336 circum-

2110 2366 2340 2424 quaque
2388 2354 2776 2411 notissimum.
2812 2357 3017 2414 Mulier
3073 2362 3357 2433 quaedam,
3417 2363 3750 2424 Adelheidis

2108 2441 2357 2512 nomine,
2396 2442 2574 2500 variis
2623 2445 2878 2502 omnium
2930 2447 3318 2506 membrorum
3378 2450 3749 2522 languoribus

2106 2544 2407 2601 oppressa,
2444 2532 2513 2587 ad
2551 2532 2704 2589 beati
2733 2533 2953 2589 Nicolai
2976 2534 3032 2591 in
3062 2536 3534 2597 Brunwillerensi
3562 2556 3747 2600 emno-

2107 2617 2201 2674 bio
2225 2618 2442 2689 limina,
2471 2622 2887 2692 recuperanda:
2914 2624 3125 2681 salutis
3144 2626 3354 2698 gratia,
3388 2633 3477 2685 est
3500 2631 3739 2702 perlata.

2105 2704 2263 2775 Quae,
2298 2722 2425 2764 cum
2454 2708 2809 2767 detrimento
2831 2712 3085 2768 omnium
3114 2716 3521 2789 membrorum,
3557 2720 3745 2777 occul-

2106 2794 2181 2852 tis
2213 2795 2388 2853 etiam
2422 2797 2714 2855 viscerum
2767 2799 3072 2859 doloribus
3101 2817 3168 2859 ac
3191 2818 3304 2861 non
3338 2806 3592 2864 ferendis
3621 2823 3741 2867 cru-

2101 2884 2354 2942 ciatibus
2385 2887 2781 2957 quatiebatur,
2820 2889 2899 2946 ita
2934 2893 2995 2947 ut
3028 2892 3215 2948 omnis
3246 2894 3477 2963 generis
3505 2909 3737 2955 annona:

2105 2988 2307 3044 panem
2338 2975 2484 3032 adeo
2510 2976 2819 3048 fastidiret,
2840 2983 2900 3035 ut
2931 2994 3044 3036 non
3068 2980 3252 3038 solum
3272 2990 3532 3057 gustare,
3567 2986 3667 3044 sed
3687 2990 3738 3043 et

2100 3062 2315 3119 vitaret
2349 3065 2656 3135 attingere.
2684 3067 2816 3123 Haec
2848 3068 3080 3138 quidem
3104 3070 3256 3126 beati
3282 3072 3499 3131 Nicolai
3523 3075 3740 3132 meritis

2098 3152 2349 3209 celerem
2376 3154 2718 3224 sospitatem
2753 3156 2975 3229 recepit
3006 3157 3062 3213 in
3096 3160 3388 3216 membris.
3437 3162 3732 3220 Verumta-

2101 3256 2230 3297 men
2255 3241 2487 3298 occulto
2512 3242 2848 3313 Deijudicio
2881 3246 3245 3319 omnimodis,
3272 3254 3336 3305 ut
3364 3251 3548 3323 prius,
3568 3252 3738 3310 absti-

2099 3330 2223 3387 nuit
2253 3330 2469 3386 edulio.
2521 3333 2664 3387 Dum
2712 3348 2853 3389 vero
2888 3338 3018 3405 post
3051 3335 3272 3407 aliquot
3323 3353 3502 3396 annos
3534 3340 3733 3398 divinae

2097 3418 2424 3478 clementiae
2450 3420 2519 3475 ad
2539 3420 2647 3477 hac
2670 3421 2825 3478 illam
2852 3422 3175 3494 placuisset
3196 3426 3534 3485 infirmitate
3556 3426 3733 3487 absol-

2097 3523 2255 3580 vere,
2294 3509 2664 3582 intempestaa
2722 3513 2915 3568 noctis
2971 3513 3206 3571 silentio
3263 3516 3366 3573 tali
3424 3519 3733 3590 perfruitur

2097 3598 2244 3655 visu.
2280 3598 2602 3656 Videbatur
2648 3600 2754 3671 illi,
2810 3602 3207 3661 beatissimum
3237 3606 3424 3663 virum
3455 3607 3730 3681 Wolphel-

2099 3702 2252 3744 mum
2286 3702 2492 3759 panem
2546 3690 2940 3761 benedixisse,
2975 3697 3035 3747 et
3084 3692 3248 3750 illum
3303 3702 3641 3769 susceptum
3666 3697 3727 3755 ab

2096 3777 2224 3847 ejus
2244 3776 2565 3833 venerabili
2601 3793 2770 3836 manu
2793 3795 2852 3835 se
2877 3781 3044 3838 avide
3065 3782 3389 3841 comedere.
3408 3784 3550 3852 Quae
3572 3785 3724 3843 fidem

2097 3866 2379 3922 adhibens
2408 3866 2638 3937 visioni,
2674 3867 2866 3924 sciens
2898 3883 3001 3941 per
3031 3885 3159 3927 eum
3192 3871 3281 3928 his
3311 3874 3529 3945 majora
3562 3887 3722 3948 posse

2098 3955 2243 4026 fieri,
2286 3955 2582 4013 flebilibus
2613 3958 2857 4014 vocibus
2887 3974 3091 4030 panem
3124 3961 3234 4017 sibi
3267 3963 3339 4019 ab
3368 3977 3437 4020 eo
3467 3964 3720 4021 obsecrat

2098 4043 2386 4101 benedici.
2422 4044 2531 4110 Qui
2581 4046 2843 4103 renitens
2877 4047 3019 4103 totis
3070 4049 3310 4117 viribus,
3345 4050 3636 4123 indignum
3663 4064 3716 4108 se

2095 4134 2415 4207 proclamat
2467 4134 2799 4192 ministrum
2856 4137 3052 4209 operis
3085 4138 3273 4211 hujus.
3305 4140 3457 4199 Tunc
3504 4141 3712 4200 videres

2094 4225 2344 4282 animum
2376 4224 2486 4281 viri
2519 4224 2615 4280 Dei
2663 4226 2833 4281 anxie
2884 4228 3249 4298 perturbari;
3299 4229 3449 4287 velle
3508 4228 3708 4305 quidem

2093 4314 2383 4385 misereri,
2420 4314 2522 4369 scd
2546 4312 2734 4385 palam
2753 4314 2807 4369 id
2836 4320 3076 4387 propter
3097 4316 3434 4386 jactantlam
3458 4320 3709 4377 favorem-

2093 4417 2203 4474 que
2237 4402 2391 4459 nolle
2424 4402 2569 4458 iieri.
2617 4406 2884 4459 Attamen
2916 4419 2987 4460 ne
3021 4405 3244 4463 diutius
3272 4406 3574 4465 videretur
3601 4417 3707 4478 pro-

2091 4492 2323 4549 trahere
2356 4491 2512 4563 quod
2543 4492 2820 4549 divinitas
2853 4508 2957 4566 per
2991 4509 3122 4550 eum
3154 4495 3525 4566 disposuerat
3556 4493 3704 4553 adim-

327 4586 576 4656 nomine,
609 4588 884 4642 oraturus
918 4584 1156 4641 intravit
1184 4603 1195 4639 :
1223 4588 1280 4639 et
1312 4597 1450 4639 ecce
1474 4583 1602 4639 solo
1621 4587 1972 4658 prostratus,
2005 4581 2061 4646 Β
2094 4582 2273 4656 plere,
2306 4582 2543 4639 allatum
2576 4597 2783 4654 panem
2832 4581 3147 4654 benedixit,
3184 4584 3409 4641 mulieri
3444 4582 3699 4657 porrexit,

326 4689 529 4733 carere
554 4674 744 4731 locum
779 4678 1113 4730 sanctorum
1140 4671 1489 4744 patrocinio,
1522 4672 1741 4743 Spiritu
1775 4677 1977 4732 sancto

327 4762 645 4833 rcvelante,
681 4761 906 4819 didicit.
944 4761 1051 4829 Qui
1100 4776 1348 4831 surgens
1382 4760 1452 4816 ab
1507 4761 1794 4834 oratione,
1846 4778 1976 4821 cum

323 4867 520 4911 secum
545 4851 1005 4910 consistentibus
1027 4849 1274 4907 accessit
1298 4849 1369 4906 ad
1389 4850 1594 4921 altare,
1616 4856 1674 4907 et
1693 4851 1976 4911 velamine

320 4942 638 5013 subducto,
655 4955 783 4998 cum
800 4940 989 4996 omnia
1013 4939 1280 5009 diligenti
1299 4939 1511 4997 intuitu
1527 4940 1971 5016 perlustrasset,

319 5031 465 5090 nihil
486 5032 719 5088 omnino
757 5028 850 5087 vel
891 5030 1001 5087 sub
1039 5028 1254 5099 sigillo,
1287 5027 1380 5085 vel
1410 5029 1685 5089 rimarum
1720 5031 1970 5104 fissuris,

320 5126 538 5195 praeter
560 5120 994 5178 nidiﬁcationes
1016 5119 1522 5192 vespertilionum,
1546 5126 1601 5178 et
1627 5122 1777 5178 telas
1809 5136 1975 5195 repe-

318 5211 397 5268 rit
426 5225 788 5269 aranearum.
825 5208 989 5266 Unde
1021 5208 1290 5265 nimirum
1325 5208 1435 5283 [f.,
1470 5209 1752 5282 nimium],
1780 5214 1973 5284 utpar

315 5304 460 5371 erat,
487 5304 679 5358 mente
693 5302 1129 5369 consternatus,
1149 5298 1370 5370 absque
1386 5314 1677 5356 morarum
1690 5298 1970 5358 dilatione

317 5387 673 5448 Coloniensis
696 5386 973 5446 Ecclesiae
997 5386 1304 5461 prazsulem
1328 5388 1493 5460 adiit,
1515 5386 1619 5460 illi,
1648 5402 1776 5459 quae
1798 5391 1975 5458 gesta

385 5539 502 5614 (21),
531 5539 990 5614 Scardonens_is,_
1012 5538 1440 5614 restituendum
1464 5553 1597 5614 esse
1621 5542 1788 5614 putat
1814 5541 1959 5614 lien-

311 5610 603 5684 scbenius,
642 5626 711 5668 eo
738 5610 911 5684 quod
942 5610 1067 5684 ejus
1113 5611 1363 5668 nominis
1387 5612 1562 5684 sedes
1610 5610 1959 5683 episcOpalis

309 5655 1031 5755 an“;Batagtia.““c“uja;
1040 5655 1447 5741 "mamma
1460 5655 1959 5742 ᾎέἷιιᾶιᾞὲνῖἔὲιῖίἷ

2093 4673 2482 4746 praesentibus
2507 4672 2674 4729 nobis
2694 4671 2789 4728 illa
2810 4672 3079 4731 comedit.
3107 4674 3243 4742 Quae
3263 4673 3374 4730 viri
3397 4669 3701 4731 Deimeritis

2088 4779 2161 4820 ex
2192 4762 2422 4832 integro
2479 4761 2722 4818 sanitati
2775 4761 3071 4833 restituta,
3108 4763 3279 4834 omni,
3315 4765 3503 4835 quoad
3555 4759 3689 4825 vixit,

2092 4857 2352 4923 tempore
2384 4851 2593 4908 ibidem
2635 4851 2902 4909 ecclesiae
2947 4853 3148 4910 usibus
3180 4856 3341 4909 tanto
3370 4848 3695 4910 commodius

2088 4957 2152 5000 ac
2175 4941 2444 4998 devotius
2458 4942 2684 4998 studuit
2710 4942 3028 5012 deservire,
3056 4945 3273 5014 quanto
3298 4956 3416 5014 prae
3438 4942 3563 4999 aliis
3580 4933 3695 4994 mul-

2083 5030 2347 5102 tiplicius
2379 5045 2446 5087 ac
2491 5031 2856 5088 diﬂ‘erentius
2885 5031 3108 5101 gratias
3152 5031 3467 5088 sanitatum
3515 5022 3689 5085 meruit

2084 5120 2371 5176 obtinere.
2406 5120 2506 5175 Vir
2539 5125 2731 5176 autem
2769 5120 3015 5191 Domini,
3053 5134 3379 5191 quanquam
3439 5124 3548 5177 tam
3575 5126 3689 5188 prae-

2082 5209 2259 5267 claris
2273 5215 2331 5265 et
2345 5209 2573 5266 eximiis
2594 5208 2841 5281 polleret
2856 5209 3197 5279 virtutibus,
3224 5223 3513 5280 nunquam
3531 5212 3686 5261 tamen

2083 5298 2243 5355 illius
2276 5298 2515 5355 elationi
2558 5298 2871 5355 succubuit
2920 5298 3164 5370 animus,
3198 5311 3309 5355 non
3357 5289 3681 5369 gloriandum

2084 5387 2349 5446 recolens
2380 5402 2453 5445 ex
2481 5388 2701 5445 virtute
2720 5388 3036 5460 signorum,
3063 5388 3169 5445 sed
3195 5401 3267 5444 ex
3288 5383 3575 5445 consortio
3593 5374 3682 5435 eol-

2068 5539 2532 5667 ἔιὲῖὥῗέῗοορυε,
2568 5553 2739 5613 quem
2770 5538 3284 5621 ‘cborepisc0pum
3318 5532 3675 5595 Coloniensem

2067 5627 2139 5686 ap
2147 5626 2346 5687 peuat.
