3894 6408
230 319 352 386 429

1771 318 1989 389 VITA.

3520 316 3640 410 ise

232 451 372 526 legii
394 454 741 515 electorum.
774 456 916 527 Quis
943 470 1088 519 vero
1106 457 1440 531 singulatim
1463 461 1636 531 queat
1663 459 1887 516 referre
1916 456 1973 518 A
2005 458 2141 530 quia
2184 472 2331 532 quos
2366 459 2483 533 jam
2505 462 2879 536 praedicando
2909 474 3238 543 pepererat,
3272 473 3641 535 reformando

234 543 555 603 sanitatum
570 546 876 617 genera,in
892 547 1143 605 diversis
1166 563 1269 620 per
1296 548 1457 605 illum
1476 546 1889 618 languentibus

234 632 500 689 exhibita
528 634 904 692 miseratione
951 636 1181 693 divina?
1208 637 1429 709 Saepius
1473 638 1645 706 enim,
1676 634 1777 691 illo
1809 635 1891 691 vi-

237 718 479 791 sitante,
505 725 596 778 est
622 722 847 780 indulta
872 725 1298 794 aegrotantibus
1319 724 1496 795 salus,
1522 725 1678 795 quod
1696 726 1888 779 tamen

236 816 309 871 ab
334 815 529 888 aliquo
552 818 661 874 sibi
688 820 963 891 imputari
990 835 1233 892 prorsus
1254 836 1368 877 non
1393 822 1743 893 patiebatur.
1769 820 1892 877 Suf-

236 901 480 961 flciante
511 907 777 976 pluribus
810 908 922 964 ista
957 908 1230 965 fidelibus
1262 925 1332 965 ex
1363 910 1522 966 illius
1570 912 1888 965 memorata

234 989 575 1049 virtutibus.
606 994 768 1049 Nunc
799 994 870 1049 ad
894 995 1285 1065 referendum,
1314 995 1505 1065 qualis
1532 996 1585 1051 ei
1619 994 1794 1051 fuerit
1820 994 1890 1050 de

235 1075 346 1134 hac
376 1078 495 1134 vita
532 1081 840 1153 transitus,
875 1082 1171 1152 dirigatur
1202 1083 1504 1140 articulus.

310 1162 397 1221 33.
428 1167 568 1223 Post
598 1167 898 1225 innumera
940 1170 1151 1227 divinae
1199 1186 1303 1242 per
1336 1170 1497 1227 illum
1531 1171 1892 1242 operationis

236 1255 471 1324 patrata
522 1255 823 1329 beneficia,
889 1257 1093 1314 volens
1147 1259 1278 1331 pius
1311 1258 1588 1315 Dominus
1619 1258 1770 1315 servi
1799 1259 1889 1316 sui

238 1340 534 1398 consolari
564 1344 818 1413 gemitus
839 1348 895 1401 et
930 1346 1204 1417 suspiria,
1239 1348 1451 1403 crebro
1479 1347 1731 1403 dicentis
1758 1360 1889 1403 cum

238 1427 565 1500 Propheta:
603 1432 849 1497 Quando
868 1434 1108 1490 veniam
1131 1433 1489 1505 elapparebo
1519 1434 1658 1490 ante
1658 1434 1893 1506 faciem

237 1516 355 1574 Dei
400 1517 755 1588 mei?(Psal.
799 1533 912 1589 xu,
932 1520 989 1591 3)
1015 1520 1306 1592 Satiabor,
1341 1522 1474 1577 dum
1497 1521 1892 1577 manifestabi-

243 1607 342 1662 tur
360 1603 547 1675 gloria
572 1606 700 1676 ejus
722 1607 913 1674 (Psal.
948 1612 1198 1679 xvr,15);
1215 1607 1434 1679 placuit
1458 1609 1510 1663 ei
1532 1609 1640 1665 hoc
1662 1609 1887 1680 ordine,

241 1690 655 1750 dissolutionis
678 1698 1046 1768 suaetempus
1070 1695 1619 1761 revelare.Quodam
1635 1697 1727 1753 die
1750 1701 1893 1752 tem-

2002 561 2242 617 gemens
2266 550 2474 607 iterum
2510 554 2898 624 parturiehat,
2922 557 3065 613 illud
3088 560 3643 633 subjungenszllfilii

2003 637 2245 708 quidem
2264 641 2816 711 nonpigram,eobis
2826 646 3023 702 antem
3034 652 3636 724 necessariam(Pltil.

2001 737 2087 794 IIl,
2120 726 2191 796 1).
2227 727 2368 782 Dum
2397 740 2536 783 vero
2569 729 2813 799 quadam
2836 731 2930 789 die
2951 740 3192 804 paterna
3225 752 3286 793 se
3309 739 3498 798 minus
3520 757 3643 799 cer-

2002 817 2169 868 neret
2191 813 2583 872 admonitione
2607 817 2911 889 proficere,
2929 820 3207 893 Spiritum
3231 832 3497 888 sanctum
3517 836 3642 892 tota

2002 900 2341 970 concipiens
2363 908 2553 957 mente
2583 904 2640 958 in
2670 904 2794 960 haec
2815 907 2991 963 verba
3014 913 3285 983 prorupit
3306 917 3479 975 Amos
3511 934 3644 990 pro-

2004 987 2228 1059 phetae;
2261 988 2393 1058 imo,
2426 993 2489 1045 ut
2524 992 2718 1061 potius
2756 996 3119 1063 postmodum
3150 1014 3342 1057 rerum
3374 987 3643 1075 probavit

2002 1081 2268 1146 eventus,
2295 1076 2420 1147 ipse
2444 1077 2653 1148 spiritu
2676 1082 2871 1137 tactus
2893 1084 3235 1154 prOphetiaa:
3278 1090 3535 1163 Venient,
3562 1095 3643 1151 in-

2003 1163 2151 1233 quit,
2169 1163 2315 1233 dies,
2340 1164 2494 1222 dicit
2509 1167 2817 1238 Dominus,
2850 1169 3395 1245 etmittamfamem
3417 1181 3481 1237 in
3499 1197 3601 1242 vos
3622 1208 3641 1243 .-

2000 1264 2118 1307 non
2131 1253 2369 1323 famem
2388 1254 2590 1323 panis,
2619 1269 2809 1325 neque
2825 1257 2995 1314 sitim
3013 1273 3203 1332 aquae,
3228 1265 3334 1322 sed
3351 1269 3644 1329 audiendi

2000 1337 2240 1431 certam
2259 1340 2371 1431 Dei
2402 1340 2600 1431 (Amos
2620 1356 2736 1412 vm,
2773 1344 2881 1415 ll).
2918 1346 3185 1421 Noverat,
3213 1354 3417 1423 procul
3443 1354 3638 1431 dubio,

2004 1426 2159 1498 quod
2193 1427 2367 1483 sicuti
2394 1429 2573 1485 fames
2592 1435 2683 1485 est
2705 1431 2899 1488 carnis
2929 1434 3295 1495 subtractum
3317 1426 3641 1504 subsidium

2002 1515 2293 1585 corporis,
2320 1515 2399 1571 ita
2430 1516 2607 1572 fames
2628 1522 2715 1573 est
2740 1520 2951 1576 mentis
2974 1522 3273 1582 silentium
3297 1528 3387 1585 vel
3413 1532 3643 1592 amissio

2004 1601 2214 1659 divinae
2241 1601 2678 1660 collocutionis.
2715 1606 2875 1663 Unde
2926 1610 3119 1668 futura
3164 1614 3249 1670 eis
3308 1620 3475 1687 quasi
3525 1621 3643 1691 jam

2005 1690 2303 1762 praeterita
2319 1704 2585 1747 narrans:
2602 1692 3405 1773 Noveritis,asserebat,quod
3424 1710 3643 1780 absque

243 1794 389 1852 pore
421 1781 766 1853 meridiano,
798 1799 905 1855 pro
934 1784 1385 1854 consuetudine,
1420 1784 1540 1856 illo,
1571 1785 1892 1855 nonjacen-
1918 1800 1975 1862 Β
2004 1777 2197 1867 dubi?
2233 1778 2289 1833 ίη
2337 1778 2550 1849 (ἶυίδυε
2579 1794 2732 1838 ηυΠο
2758 1783 2930 1840 VObiS
2979 1801 3260 1847 onerosus
3308 1794 3521 1867 existo,
3550 1777 3643 1854 vel

242 1869 453 1939 do,sed
468 1868 727 1927 sedendo
743 1871 1572 1945 dormiente,speciosissimus
1586 1889 1687 1946 per
1699 1876 1889 1932 visum

231 1956 470 2028 juvenis
499 1959 552 2015 ei
586 1960 798 2032 astitit,
824 1966 883 2017 et
913 1966 980 2019 ut
1002 1976 1065 2018 se
1089 1962 1439 2032 quantocius
1464 1963 1629 2033 sequi
1655 1963 1892 2020 festina-

241 2046 687 2116 ret,admonuit.
706 2050 814 2117 Qui
839 2051 1152 2108 comitatus
1164 2055 1418 2121 euntem,
1435 2051 1696 2121 angelico
1711 2052 1891 2110 ductu

242 2133 319 2192 ad
342 2134 467 2192 loca
492 2137 839 2208 perducitur
861 2140 1267 2210 amoenissima,
1284 2140 1436 2195 omni
1460 2140 1693 2197 decoris
1705 2142 1892 2198 varie-

243 2224 373 2280 tate
386 2226 1163 2299 vernantia,incomparabili
1188 2228 1336 2285 lucis
1351 2226 1662 2301 splendore
1681 2229 1892 2287 mican-

241 2309 347 2381 tia,
379 2312 568 2370 totius
619 2314 793 2371 etiam
853 2315 1165 2373 suavitatis
1208 2316 1388 2373 odore
1438 2315 1777 2373 redolentia.
1805 2318 1888 2373 Ibi

241 2399 501 2457 ostensis
557 2400 642 2457 illi
702 2401 1067 2460 diversarum
1095 2404 1449 2461 habitaculis
1504 2405 1885 2476 mansionum,

251 2485 525 2545 ﬁdelibus
551 2488 825 2548 nimirum
855 2507 884 2548 a
916 2492 1156 2550 Domino
1187 2494 1605 2565 promissarum
1656 2493 1889 2550 tandem

248 2574 321 2639 in
332 2575 625 2646 quoddam
641 2577 804 2635 illum
842 2580 1318 2652 angelusmagnae
1349 2581 1675 2639 venustatis
1694 2586 1751 2638 et
1768 2596 1893 2654 pro-

249 2663 521 2721 ceritatis
552 2665 877 2724 introduxit
906 2668 1238 2741 aedificium,
1263 2670 1432 2741 cujus
1456 2670 1613 2727 intus
1637 2674 1694 2725 et
1724 2674 1891 2725 extra

245 2751 632 2823 contemplari
659 2753 904 2823 jubetur
931 2755 1246 2826 diligenter
1274 2761 1542 2813 ornatum
1568 2774 1582 2823 ;
1615 2759 1765 2815 hunc
1783 2757 1894 2813 sibi

245 2839 567 2896 mansionis
597 2840 789 2898 locum
820 2843 1104 2901 divinitus
1133 2860 1263 2901 esse
1296 2846 1695 2917 praenuntians
1719 2845 1898 2902 desti-

244 2929 482 2982 natum:
516 2926 717 2999 Quem,
745 2930 1038 3001 inquiens,
1074 2937 1293 3002 quanto
1348 2932 1671 2989 studiosius
1705 2948 1772 2990 ac
1801 2947 1896 2989 ve-

246 3014 486 3071 nustius
513 3018 909 3089 exornaveris,
936 3023 1101 3075 tanto
1137 3019 1455 3089 jucundius
1475 3034 1542 3075 ac
1576 3020 1807 3078 felicius
1837 3021 1893 3077 in

243 3103 629 3175 perceptione
658 3104 759 3161 illo
790 3106 1020 3163 frueris.
1053 3106 1270 3163 Taliter
1301 3107 1565 3177 angelico
1615 3108 1793 3165 affatu
1825 3108 1896 3164 de

244 3192 522 3263 perennis
571 3192 774 3263 glorias
822 3195 1103 3252 felicitate
1141 3197 1557 3267 commonitus,
1588 3196 1892 3268 evigilans,

245 3292 509 3337 seorsum
542 3281 891 3352 quibusdam
935 3283 1121 3341 visum
1152 3284 1372 3341 indicat
1395 3284 1679 3342 fratribus
1725 3284 1899 3341 adne-

242 3371 418 3425 ctens
437 3368 644 3439 procul
685 3369 865 3426 dubio
910 3385 973 3428 se
1024 3370 1379 3442 quantocius
1439 3371 1894 3429 dissolvendum.

244 3453 413 3512 Unde
441 3455 587 3512 miro
611 3456 781 3513 modo
811 3458 1001 3514 animo
1051 3459 1439 3529 consternati,
1473 3464 1700 3531 utpote,
1733 3460 1900 3530 cujus

244 3556 483 3616 semper
510 3543 740 3601 fuerant
774 3546 1054 3604 beneficia
1083 3547 1326 3619 pietatis
1356 3548 1607 3619 experti,
1639 3548 1711 3605 de
1740 3548 1899 3605 illius

245 3631 462 3689 merito
494 3632 810 3690 amissione
856 3634 1216 3691 intolerabili
1277 3636 1709 3707 torquebantur
1765 3635 1903 3691 atlli-

246 3719 467 3778 ctione.
484 3720 697 3778 Verum
710 3723 935 3779 certius
949 3723 1103 3779 hunc
1126 3722 1406 3793 colligere
1425 3724 1734 3795 cupientes
1748 3724 1900 3781 diem

246 3807 504 3879 signant,
539 3822 670 3865 eum
701 3824 833 3866 cum
864 3810 1089 3867 visione
1121 3816 1429 3878 notantes;
1462 3826 1634 3882 quam
1663 3811 1797 3868 anni
1819 3826 1904 3868 re-

242 3898 456 3955 voluto
476 3896 700 3955 circulo
722 3898 848 3970 ipsa
877 3899 971 3955 die
985 3899 1181 3956 carnis
1203 3899 1350 3956 solvi
1373 3900 1618 3970 contigit
1635 3904 1903 3970 ergastu-

243 3985 327 4058 lo,
359 4000 474 4058 quo
500 3986 735 4044 coelitus
764 3988 818 4043 ei
850 3988 1042 4045 fuerat
1067 3987 1219 4045 visio
1250 3987 1467 4044 oblata.
1503 3989 1664 4045 Unde
1686 3989 1898 4060 patuit,

241 4088 362 4133 non
383 4074 808 4147 phantasticam
840 4074 1199 4147 illusionem,
1237 4075 1339 4132 sed
1371 4089 1570 4133 veram
1602 4077 1782 4133 fuisse
1820 4078 1904 4134 vi-

243 4161 493 4235 sionem,
516 4176 646 4235 quas
696 4167 814 4220 tam
856 4163 1164 4221 evidenter
1187 4168 1248 4219 et
1278 4163 1388 4219 viri
1410 4164 1509 4219 Dei
1559 4164 1904 4221 dissolutio-

243 4264 402 4323 nem,
435 4255 498 4309 et
527 4251 834 4309 caelestem
862 4253 916 4309 ei
948 4251 1277 4323 designavit
1312 4252 1695 4309 mansionem.

321 4344 411 4400 34.
444 4343 557 4401 Per
579 4343 919 4402 continuum
945 4343 1145 4414 itaque
1167 4341 1324 4400 illius
1347 4342 1480 4398 anni
1504 4344 1901 4414 spatium,non

246 4430 515 4502 segniter
545 4431 909 4502 dormiendo,
935 4431 1038 4489 sed
1062 4430 1314 4488 solerter
1339 4430 1506 4487 bonis
1524 4431 1803 4502 operibus
1820 4431 1904 4486 in-

1927 3151 1980 3215 Ο

1950 1874 1953 1877 ·
2005 1866 2302 1923 fastidium
2325 1881 2560 1939 genero,
2596 1884 2817 1927 summo
2848 1886 2913 1928 ea
2946 1875 3112 1932 vobis
3133 1866 3643 1954 quandoque,non

2005 1959 2197 2010 tamen
2244 1954 2512 2011 effectum
2570 1956 2879 2029 habituris,
2916 1960 3108 2019 futura
3170 1964 3485 2027 desiderio.
3516 1972 3646 2043 Ego

2004 2043 2162 2100 enim
2180 2044 2319 2114 jam
2340 2042 2584 2113 delibor,
2600 2045 2659 2100 et
2676 2051 2898 2117 tempus
2917 2051 3299 2112 resolutionis
3308 2070 3449 2115 mere
3458 2042 3651 2119 instat

2005 2131 2109 2197 (II
2112 2218 2120 2220 ἓ
2136 2130 2281 2188 Tim.
2308 2144 2383 2220 iv,
2417 2132 2493 2200 6).
2525 2132 2659 2188 Haec
2691 2133 2912 2220 idcirco
2951 2149 3062 2192 non
3110 2144 3519 2210 praetereunda
3546 2163 3648 2220 pu:

2004 2218 2145 2287 tavi,
2190 2231 2259 2273 ne
2310 2217 2603 2275 incassum
2648 2218 2880 2291 prolata
2928 2223 3051 2280 haec
3099 2229 3274 2285 verba
3331 2217 3649 2293 credantur

2004 2306 2389 2377 hominisDei,
2424 2306 2558 2363 dum
2582 2322 2751 2366 omne
2783 2311 2935 2380 quod
2969 2312 3200 2372 locutus
3240 2324 3335 2373 est
3380 2321 3645 2396 verbum,

2003 2396 2104 2449 aut
2137 2393 2459 2465 impletum,
2506 2398 2605 2451 aut
2640 2395 2696 2452 in
2747 2396 2945 2455 futuro
2984 2415 3097 2458 non
3143 2404 3500 2476 ambigamus
3548 2393 3649 2468 im-

2004 2482 2296 2555 plendum.

2076 2576 2162 2627 35.
2200 2572 2360 2627 Licet
2389 2576 2581 2628 autem
2616 2573 2733 2643 jam
2782 2574 3043 2635 ultimam
3102 2578 3347 2639 duceret
3394 2589 3649 2662 etatem,

2006 2660 2341 2718 nullatenus
2371 2666 2563 2717 tamen
2582 2666 2867 2734 propositi
2894 2668 2986 2724 sui
3007 2683 3220 2739 passus
3243 2679 3335 2730 est
3357 2660 3651 2736 infirmare

2010 2749 2283 2820 rigorem,
2337 2749 2734 2819 indulgentius
2800 2753 3066 2826 vivendo,
3112 2757 3313 2816 labore
3383 2765 3647 2823 remisso.

2009 2838 2291 2908 Exiguum
2324 2839 2539 2909 quippe
2568 2843 2882 2911 reputabat
2910 2848 3219 2916 prmsentis
3248 2853 3530 2923 temporis
3572 2854 3653 2911 la-

2010 2925 2229 2997 borem,
2283 2926 2352 2981 ad
2403 2933 2848 2997 superventurte
2900 2931 3105 3001 gloriae
3162 2942 3654 3009 recompensatio-

2009 3028 2161 3070 nem.
2198 3014 2571 3086 Quapropter
2602 3030 2707 3073 nec
2730 3016 3160 3089 longaevitatem
3207 3027 3512 3098 temporis,
3547 3043 3653 3087 nec

2011 3102 2416 3159 difficultatem
2449 3106 2809 3163 causabatur
2857 3107 3227 3177 laboris;scd
3252 3114 3449 3184 potius
3475 3117 3656 3173 omni-

2012 3190 2200 3249 modis
2222 3206 2523 3263 apponens
2548 3192 2733 3249 labori
2767 3194 3047 3268 laborem,
3070 3200 3388 3268 angelicam
3413 3206 3652 3276 exsequi

2011 3279 2288 3336 studebat
2318 3281 2808 3338 exhortationem.
2842 3286 2915 3339 At
2964 3299 3122 3357 vero,
3159 3287 3493 3347 imminente
3535 3291 3653 3361 jam

2012 3368 2140 3438 ejus
2164 3368 2531 3439 migratione,
2550 3370 2647 3425 ubi
2680 3384 2743 3426 se
2764 3372 2948 3427 sensit
2971 3378 3212 3444 repente
3230 3375 3456 3434 viribus
3479 3378 3656 3437 desti-

2012 3457 2121 3528 tui,
2156 3456 2497 3512 infirmitate
2568 3459 2821 3529 gravari,
2874 3468 3204 3533 evocatum,
3240 3466 3657 3525 reverendissi-

2013 3559 2167 3601 mum
2221 3545 2493 3600 abbatem
2548 3545 2800 3601 coenobii
2852 3547 3007 3603 beati
3074 3550 3449 3609 Pantaleonis
3509 3568 3657 3611 mar-

2011 3633 2181 3703 tyris,
2200 3632 2431 3688 nomine
2454 3633 2885 3704 Herimannum,
2904 3636 3090 3692 totius
3102 3624 3430 3697 honestatis
3453 3641 3658 3698 etreli-

2011 3721 2204 3792 gionis
2236 3721 2443 3791 virum,
2477 3720 2590 3777 olei
2624 3722 2836 3777 sacrati
2870 3737 2934 3779 se
2968 3724 3102 3780 fecit
3128 3724 3355 3797 liquore
3385 3730 3653 3802 perungi.

2014 3809 2225 3866 Paucis
2240 3808 3316 3883 dehincevolutisdiebus,primolucis
3345 3832 3659 3889 crepuscu-

2016 3897 2094 3971 lo,
2121 3897 2637 3955 decimoKalendas
2667 3899 2976 3969 Maii,viam
3000 3901 3289 3960 universae
3337 3906 3532 3964 carnis
3577 3906 3660 3963 in-

2015 3999 2255 4056 gressus
2281 3985 2429 4041 obiit
2457 3988 2514 4041 et
2529 3986 2804 4054 gaudium
2818 3988 3042 4043 Domini
3057 3990 3144 4045 sui
3162 3990 3298 4046 felix
3314 3992 3560 4051 feliciter
3578 3995 3661 4050 in-

2018 4073 2241 4129 troivit.
2280 4071 2500 4128 Floruit
2530 4077 2723 4130 autem
2753 4076 3119 4146 temporibus
3149 4080 3391 4135 secundi
3426 4082 3660 4141 Henrici

2019 4160 2413 4233 imperatoris,
2450 4160 2547 4230 qui
2579 4162 2969 4218 monarchiam
3021 4164 3183 4233 regni
3224 4166 3482 4224 obtinuit
3527 4174 3662 4241 post

2018 4249 2323 4305 decessum
2355 4247 2517 4303 tertii
2551 4247 2785 4305 Ottonis
2826 4253 3113 4322 tempore,
3149 4253 3303 4309 beati
3344 4255 3657 4328 Heriberti,

2018 4340 2240 4393 sanctae
2272 4334 2635 4391 Coloniensis
2675 4335 2952 4393 Ecclesia:
2975 4338 3495 4413 arclnepiscopi,et
3516 4344 3662 4400 vixit

2021 4438 2205 4496 usque
2235 4423 2305 4481 ad
2329 4422 2687 4481 tricesimum
2709 4424 2949 4480 tertium
2978 4439 3187 4482 annum
3213 4430 3408 4499 quarti
3429 4431 3661 4489 Henrici

246 4499 570 4591 viéilando,
589 4520 813 4577 Domini
846 4499 938 4577 alii
957 4519 1272 4577 adventum
1295 4499 1699 4591 exspectabat,
1727 4523 1901 4591 atque
1928 4499 1989 4563 D
2021 4512 2414 4586 imperatoris,
2445 4513 2613 4583 cujus
2654 4516 2823 4583 pater
2852 4513 3083 4569 exstitit
3106 4516 3318 4572 tertius
3356 4518 3658 4576 Henricus.

176 4670 179 4673 _
253 4609 561 4667 conservis
610 4608 736 4667 suis
789 4607 1075 4665 talentum
1109 4608 1222 4664 sibi
1263 4607 1551 4665 creditum
1599 4608 1898 4678 erogabat.

250 4697 435 4755 Tanta
452 4698 752 4757 autemvis
776 4697 971 4754 divina
1013 4696 1229 4754 amoris
1259 4712 1361 4752 cor
1398 4696 1526 4765 ejus
1565 4700 1906 4768 penetrave-

253 4790 370 4860 rat,
400 4785 667 4844 utetiam
698 4785 747 4842 si
778 4784 963 4841 nollet
985 4785 1055 4841 de
1086 4786 1203 4840 Deo
1233 4783 1414 4855 loqui,
1439 4783 1613 4840 silere
1644 4797 1759 4840 non
1778 4797 1909 4855 pos-

253 4879 366 4936 set.
402 4876 662 4947 Cumque
692 4874 749 4931 id
780 4872 956 4931 solito
1000 4872 1318 4931 instantius
1350 4876 1526 4944 atque
1582 4871 1906 4929 ferventius

256 4968 481 5037 ageret,
508 4963 749 5036 proinde
779 4961 1039 5020 nonnulli
1073 4965 1382 5035 coeperunt
1404 4960 1671 5018 fastidire
1692 4959 1909 5017 minus-

255 5068 370 5127 que
392 5052 648 5112 libenter
675 5051 899 5126 audire,
934 5052 1098 5121 Quod
1122 5051 1221 5109 ille
1254 5051 1643 5126 perpendens,
1676 5062 1787 5107 non
1843 5062 1908 5106 se

252 5157 284 5202 a
308 5144 461 5203 bona
493 5142 790 5201 subtraxit
811 5142 1169 5212 intentione;
1193 5142 1295 5200 sed
1326 5139 1531 5199 volens
1559 5154 1662 5198 eos
1700 5137 1910 5211 resipi-

251 5246 444 5305 scere,
478 5230 626 5289 illud
650 5230 919 5305 Apostoli
938 5231 1147 5289 crebra
1171 5229 1503 5288 inculcahat
1532 5227 1905 5302 repetitione;

251 5320 472 5383 Filioli
498 5320 636 5391 mei,
658 5332 809 5393 quos
825 5320 1043 5378 iterm
1069 5319 1378 5394 partnrio,
1414 5315 1909 5393 donec/ommu-

256 5408 542 5472 0mm
558 5410 630 5468 in
641 5408 809 5467 vobis
829 5406 988 5481 (Gal.
1014 5423 1091 5479 ιν,
1116 5408 1229 5479 19).
1262 5408 1395 5464 Hac
1417 5406 1632 5480 quippe
1650 5403 1905 5475 dicebat,

2018 4618 2166 4662 avus
2206 4603 2527 4675 imperator
2560 4602 2875 4657 Conradus.
2911 4603 3160 4658 Transiit
3210 4610 3402 4660 autem
3458 4606 3666 4678 plenus

2021 4693 2269 4763 dierum,
2300 4689 2674 4761 omniumque
2696 4689 3059 4762 profectibus
3088 4703 3328 4763 Operum
3357 4692 3662 4767 bonorum,

2023 4795 2173 4838 anno
2208 4778 2516 4836 millesimo
2538 4778 2915 4847 nonagesimo
2937 4778 3125 4849 primo
3142 4780 3455 4837 Dominicae
3477 4782 3669 4839 lncar-

2021 4868 2298 4927 nationis.
2353 4866 2531 4937 Cujus
2565 4865 2732 4922 obitu
2775 4871 3079 4938 comperto
3120 4866 3666 4942 Herimannus(2-2),

2022 4961 2165 5015 tunc
2180 4954 2465 5028 temporis
2479 4953 2960 5025 archiepiscopus
2986 4953 3669 5028 Coloniensis,exsequiis

2023 5046 2154 5119 ejus
2175 5056 2540 5116 summopere
2561 5046 2834 5111 satagens
2856 5041 3186 5099 devotionis
3204 5043 3674 5116 obsequiumim-

2027 5132 2383 5208 pendere,ad
2400 5129 2800 5202 sepeliendum
2814 5130 3195 5188 eumdevotus
3209 5132 3674 5205 occurrit.Cujus

2023 5221 2294 5295 exemplo
2310 5219 2719 5289 religiosorum
2750 5218 3011 5276 virorum
3048 5218 3225 5276 etiam
3254 5221 3431 5279 turba
3459 5222 3677 5281 conﬂu-

2024 5313 2297 5381 xit;inter
2308 5324 2457 5382 quos
2471 5307 2752 5381 praacipui
2765 5305 3193 5365 etillustriores
3203 5307 3573 5367 habebantur
3586 5311 3684 5367 ab-

2028 5406 2198 5461 bates
2214 5442 2231 5470 ,
2251 5398 2637 5459 Herimannus
2648 5395 3131 5471 videlicet,supra
3150 5397 3457 5456 memorati
3488 5412 3682 5483 emno,

332 5618 450 5690 (22)
484 5613 669 5686 Hujus
699 5612 929 5671 scilicet
956 5612 1209 5671 nominis
1238 5611 1314 5667 III
1348 5607 1445 5681 qui
1476 5608 1705 5667 Sewino
1734 5605 2023 5669 successit
2047 5619 2199 5666 anno
2230 5609 2369 5663 1080
2398 5605 2469 5661 ad
2498 5605 2651 5662 1099.
