3894 6398
159 289 273 355 481

920 291 996 354 Β.
1043 284 1557 356 WOLPHELMI
1599 281 1953 349 ABBATIS
1995 283 2798 352 BRUNWILLERENSIS

3443 295 3560 360 432

164 424 452 484 biiSanctI
484 421 877 496 Pantaleonis,
899 430 960 482 et
981 421 1389 495 Reginhardus
1410 421 1575 479 bona}
1599 430 1809 476 memo-
1838 417 1892 478 A
1917 414 2037 486 jam
2069 418 2321 478 reditum
2353 423 2406 478 ei
2433 424 2815 496 persuaderet
2862 423 3109 496 animus,
3143 425 3563 486 comitantibus

165 513 264 570 riae
279 511 739 582 Sigebergensis;
756 513 855 583 qui
876 512 1112 583 utrique
1128 510 1402 568 famulum
1419 507 1640 565 Domini
1657 520 1810 563 sum-

165 617 256 659 mo
268 615 500 674 semper
513 600 753 660 coluere
769 600 968 657 studio
983 598 1514 672 pietatis.Expletis
1527 597 1722 666 itaque
1737 595 1810 650 ab

164 692 614 764 archiepiscopo
648 707 751 764 pro
772 690 900 760 ejus
932 688 1261 745 veneranda
1286 687 1562 744 memoria
1613 684 1812 740 missa-

164 793 290 834 rum
323 780 640 850 solemniis,
674 779 772 836 ubi
804 781 1244 834 sacrosanctum
1277 772 1689 847 corpusculum
1715 771 1812 827 de-

163 869 301 942 poni
327 867 532 925 debuit
555 883 610 922 in
637 865 987 938 sepulcrum,
1005 865 1290 922 accedens
1306 878 1409 935 per
1430 877 1513 932 se,
1534 861 1809 916 amictum

163 957 383 1014 amovit
411 971 527 1027 quo
555 968 722 1012 sacer
753 955 881 1025 ejus
905 953 1214 1010 velabatur
1240 956 1544 1023 aspectus:
1578 954 1808 1017 etecce,

166 1045 372 1102 mirum
415 1043 609 1100 dictu!
636 1057 767 1100 cum
799 1047 959 1099 esset
997 1041 1114 1112 jam
1156 1040 1466 1096 triduanus
1518 1041 1808 1105 mortuus,

167 1131 566 1204 apparuitnon
597 1129 857 1188 defuncti
887 1143 1047 1186 more
1064 1128 1356 1200 pallidus;
1389 1127 1490 1183 sed
1525 1140 1696 1182 roseo
1718 1139 1813 1180 co-

162 1220 289 1277 lore
329 1219 623 1292 perfusus,
655 1219 847 1289 gratia
896 1217 1125 1289 plenus,
1161 1222 1222 1272 et
1265 1215 1445 1273 veluti
1500 1212 1811 1270 roscidulis

161 1307 347 1377 guttis
390 1308 602 1364 sudore
657 1320 994 1378 respersus;
1026 1320 1140 1376 quo
1164 1303 1447 1376 praeclaro
1488 1303 1612 1360 viso
1644 1301 1815 1358 mira-

1925 521 2120 565 secum
2156 511 2298 567 viris
2323 511 2586 570 honestis
2606 527 2672 570 ac
2697 512 3006 584 religiosis,
3025 514 3137 570 iter
3152 519 3246 570 est
3261 529 3558 585 agressus.

1925 596 2180 668 Cumque
2197 599 2266 655 ad
2283 615 2440 656 mare
2455 602 2879 672 pervenissent,
2897 603 3106 674 piratis
3125 603 3560 675 insidiantibus,

1923 691 1983 740 et
2007 685 2115 742 die
2141 691 2437 758 noctuque
2471 689 2649 745 maris
2680 689 2866 745 sinum
2907 690 3350 760 occupantibus,
3388 691 3564 748 ferme

1924 787 2028 843 per
2070 774 2194 830 dies
2245 790 2448 831 novem
2493 777 2814 846 negabatur
2860 777 3166 834 transitus.
3202 777 3359 835 Unde
3393 779 3564 836 nimia

1923 862 2120 918 cordis
2147 864 2504 920 contritione
2535 881 2735 921 omnes
2769 867 2987 936 pariter
3017 866 3232 936 afﬂicti,
3269 872 3332 923 ut
3373 869 3566 940 prOpi-

1924 949 2042 1006 tius
2071 951 2277 1008 adesse
2303 953 2642 1022 dignaretur
2661 955 2936 1011 Dominus
2956 970 3018 1011 se
3041 955 3466 1025 invocantibus,
3484 957 3564 1012 in-

1921 1037 2083 1094 timis
2113 1040 2876 1110 precabantur“visceribus.
2902 1045 3018 1098 Nec
3037 1043 3266 1099 distulit
3297 1043 3428 1116 pius
3457 1045 3562 1100 Do-

1925 1127 2115 1182 minus
2137 1143 2376 1184 suorum
2399 1134 2532 1186 vota
2560 1129 2836 1198 fidelium,
2853 1131 3085 1188 concite
3108 1131 3408 1200 largiendo
3429 1132 3563 1189 sub-

1923 1215 2155 1272 sidium.
2185 1215 2360 1273 Adest
2394 1232 2641 1288 namque
2673 1220 2953 1290 praedicto
3001 1220 3166 1276 fratri
3217 1221 3325 1279 sub
3371 1222 3562 1278 noctis

1924 1302 2157 1359 silentio
2180 1305 2388 1362 beatus
2413 1305 2813 1376 Wolphelmus
2839 1312 2929 1363 ter
2952 1307 3156 1378 visum,
3176 1309 3231 1365 in
3245 1309 3561 1366 crastinum

162 1395 603 1467 culo,plerique
627 1395 982 1466 ﬂevereprm
1004 1393 1343 1463 gaudio.Ad
1363 1392 1815 1449 circumstantes
1919 1391 2131 1461 jubens
2188 1393 2520 1449 accelerare
2570 1395 3066 1466 transitum,mare
3134 1401 3424 1468 pacatum,
3465 1396 3563 1453 ho—

163 1498 304 1541 vero
334 1497 654 1542 conversus
684 1482 1032 1555 episcopus:
1065 1483 1166 1550 En,
1203 1481 1412 1551 inquit,
1431 1481 1634 1535 Patres
1671 1477 1816 1533 dile~

158 1571 431 1642 ctissimi,
465 1585 638 1643 quam
671 1571 923 1628 devotus
961 1570 1057 1626 hic
1105 1569 1282 1626 fuerit
1309 1567 1530 1624 Domini
1581 1580 1808 1635 servus,

163 1675 334 1732 quem
364 1665 524 1716 tanta
557 1674 625 1716 ac
659 1659 795 1718 talis
816 1657 1188 1716 commendat
1215 1656 1404 1726 gratia
1432 1654 1809 1711 vultus.Hisa

1923 1481 2100 1535 stium
2117 1480 2465 1538 denuntians
2479 1483 2752 1552 impetum
2770 1485 3214 1542 refrenatumJn
3230 1486 3562 1542 memoriam

1923 1582 2063 1623 vero
2087 1583 2206 1624 suae
2237 1567 2732 1638 liberationis,ter
2759 1573 2947 1628 ternis
2972 1573 3212 1644 psalmis
3251 1573 3446 1631 cultor
3467 1573 3564 1630 ille

1923 1662 2139 1712 sancta)
2157 1657 2734 1727 Trinitatis,Domino
2749 1665 2883 1716 vota
2910 1661 3159 1732 persolvi
3175 1661 3567 1733 jussitjubila-

164 1755 413 1828 praesule
446 1755 756 1828 peroratis,
784 1769 916 1811 cum
950 1753 1150 1810 debita
1201 1752 1580 1809 veneratione
1634 1765 1806 1806 secus
1839 1764 1892 1822 Β
1921 1744 2120 1800 tionis.
2147 1745 2367 1801 Taliter
2397 1747 2653 1803 hostium
2689 1747 2918 1806 sublata
2962 1749 3288 1821 formidine,
3316 1765 3427 1808 non
3453 1765 3568 1807 mo-

161 1842 492 1900 beatiPetri
517 1841 773 1914 apostoli
804 1841 992 1896 altare
1016 1840 1297 1896 decenter
1327 1839 1583 1895 traditur
1615 1838 1810 1908 sepul-

164 1936 332 1988 turae.
351 1930 434 1988 Ibi
449 1929 949 1999 suﬁ‘rangantibus
961 1928 1186 2003 meritis
1199 1927 1345 1996 ejus,
1364 1925 1621 1981 ﬁdelium
1635 1939 1812 1980 exau-

163 2018 406 2077 diuntur
436 2022 593 2089 vota,
622 2017 869 2074 infirmis
898 2015 1313 2088 impenduntur
1337 2012 1638 2083 beneﬁcia,
1665 2027 1813 2084 prae-

162 2111 357 2164 stante
405 2107 643 2163 Domino
683 2111 893 2162 nostro
939 2107 1077 2160 Jesu
1111 2104 1361 2172 Christo,
1402 2102 1495 2159 cui
1536 2116 1645 2157 una
1680 2117 1810 2158 cum

163 2196 338 2252 Patre
364 2199 422 2251 et
449 2193 670 2266 Spiritu
693 2195 897 2250 sancto
921 2197 1013 2248 est
1036 2192 1242 2261 honor,
1269 2193 1534 2262 potestas
1557 2188 1813 2260 etgloria

162 2296 267 2356 per
297 2281 522 2340 inﬁnita
553 2280 767 2339 saecula
792 2279 1144 2336 seculorum.
1182 2281 1382 2336 Amen.

235 2369 320 2427 36.
356 2371 561 2441 Itaque
590 2367 777 2427 veluti
810 2383 1017 2439 magno
1046 2367 1190 2424 mari
1231 2381 1467 2424 emenso
1505 2365 1814 2438 praesentis

164 2457 428 2516 historia
461 2457 686 2530 pelago,
715 2456 832 2528 jam
857 2456 1020 2528 quasi
1042 2455 1210 2512 littus
1233 2458 1543 2512 cernentes
1565 2453 1818 2524 respira-

167 2563 314 2618 mus,
353 2546 487 2606 dum
517 2545 781 2618 quaedam
815 2544 1004 2602 solum
1037 2545 1109 2614 de
1159 2544 1458 2600 miraculis
1501 2542 1624 2613 ejus
1673 2542 1816 2597 refe-

167 2636 345 2694 renda
371 2649 682 2709 superesse
713 2633 999 2703 videmus,
1035 2633 1423 2703 Satagendum
1455 2636 1550 2687 est
1568 2645 1709 2700 ergo
1752 2634 1814 2687 ut

163 2731 399 2798 portum
429 2729 1000 2793 teneamus,cursum
1016 2719 1812 2789 consummemus;quoniam,

168 2812 342 2871 sicuti
373 2811 566 2869 solent
598 2810 778 2867 solem
803 2810 1096 2866 obducere
1129 2809 1335 2879 nubes,
1361 2807 1445 2864 sic
1469 2806 1639 2878 pigri,
1665 2805 1816 2861 desi-

169 2902 392 2972 desque
418 2900 765 2971 scriptores,
788 2897 1021 2955 utilium
1057 2911 1248 2954 rerum
1280 2911 1435 2966 saepe
1459 2895 1813 2951 subtrahunt

169 2988 556 3059 cognitiones.
592 2987 1015 3057 Aggrediamur
1046 2986 1240 3055 itaque
1274 2983 1492 3040 referre
1534 2981 1812 3040 miracula

169 3093 300 3151 quae
333 3079 465 3150 post
497 3075 721 3133 obitum
753 3074 882 3145 ejus
916 3074 1108 3131 divina
1155 3088 1259 3145 per
1305 3087 1434 3129 eum
1484 3075 1622 3128 sunt
1664 3070 1814 3127 cele-

171 3167 339 3223 brata
367 3165 605 3222 virtute.
637 3164 698 3219 In
731 3162 1035 3219 territorio
1083 3159 1562 3218 Brunwillerensi
1603 3159 1813 3215 mulier

169 3253 432 3326 quadam
453 3251 686 3310 Wazela
720 3251 969 3322 nomine,
993 3251 1125 3308 dum
1158 3249 1405 3322 quadam
1438 3249 1531 3306 die
1563 3247 1634 3305 ad
1665 3263 1814 3320 Opus

168 3341 537 3400 consedisset
568 3339 796 3411 textile,
819 3344 935 3395 tam
954 3338 1177 3396 crudeli
1209 3354 1280 3395 ex
1313 3337 1629 3410 improviso
1656 3342 1814 3395 utra-

169 3444 414 3502 rumque
443 3443 714 3486 manuum
746 3428 1010 3499 torqueri
1043 3427 1216 3500 caapit
1245 3427 1579 3495 vexatione,
1604 3431 1670 3483 ut
1699 3427 1814 3483 cla-

169 3533 328 3576 more
358 3517 500 3574 dirae
531 3515 696 3574 vocis
723 3516 884 3572 cives
926 3520 1239 3586 cogeretur
1270 3515 1488 3571 excire.
1520 3516 1602 3570 Ex
1645 3514 1815 3584 cujus

169 3605 531 3664 immanitate
563 3603 805 3672 doloris,
832 3603 1120 3674 paralysis
1160 3601 1413 3658 obnoxia
1457 3601 1813 3659 credebatur

175 3692 452 3766 passioni.
489 3690 695 3749 Subito
719 3705 966 3761 namque
997 3691 1144 3746 adeo
1184 3689 1410 3746 inutilis
1452 3693 1542 3745 est
1586 3689 1813 3746 reddita

170 3781 455 3851 manibus,
491 3783 554 3838 ut
587 3779 659 3836 ad
689 3778 883 3835 nullos
911 3793 1012 3835 eas
1042 3777 1296 3834 valuerit
1326 3791 1468 3834 usus
1495 3777 1814 3849 applicare.

174 3870 299 3936 Quo
329 3868 516 3937 magis
548 3867 848 3936 magisque
877 3866 1323 3936 ingravescente
1343 3866 1565 3937 morbo,
1594 3880 1712 3938 pra;
1739 3867 1822 3922 ni-

173 3957 286 4013 mia
317 3955 537 4012 doloris
567 3953 919 4011 contritione
954 3954 1106 4009 inter
1128 3968 1332 4010 manus
1381 3954 1700 4011 tenentium
1723 3956 1823 4011 ob~

174 4043 472 4114 dormivit,
503 4047 563 4099 et
593 4041 923 4112 hujusmodi
958 4041 1107 4098 lenis
1141 4042 1303 4099 vocis
1343 4057 1544 4099 sonum
1570 4042 1822 4100 dulciter

175 4131 370 4192 audit:
391 4129 540 4198 Quid
563 4143 777 4202 sopore
793 4129 1165 4202 deprimeris?
1183 4131 1240 4185 Si
1259 4130 1535 4202 praesenti
1551 4131 1820 4202 passione

175 4233 379 4278 carere
407 4219 686 4290 volueris,
715 4232 887 4289 surge
933 4217 1216 4289 velocius,
1251 4224 1313 4275 et
1343 4235 1472 4276 cum
1525 4219 1821 4277 oblatione

175 4307 333 4366 cerei
352 4307 568 4364 domini
582 4306 927 4378 Wolphelmi
941 4307 1100 4364 adito
1116 4306 1472 4379 sepulcrum.
1486 4306 1657 4366 Illius
1669 4310 1820 4365 enim

176 4394 404 4452 meritis
423 4409 488 4452 es
509 4394 722 4465 gaudio
744 4395 1004 4467 petitura
1029 4395 1257 4454 salutis.
1285 4396 1444 4468 Quae,
1471 4395 1650 4453 alacri
1684 4397 1817 4468 fide,

1923 1833 2114 1889 dicunt
2137 1835 2412 1903 gaudium
2445 1851 2749 1907 sumpsere
2771 1852 2841 1893 ex
2875 1838 3069 1894 divina
3103 1839 3480 1910 revelatione,
3507 1845 3569 1894 et

1923 1922 2164 1978 marinis
2191 1937 2254 1978 se
2286 1923 2404 1979 laeti
2439 1924 2712 1992 ingerunt
2743 1925 3044 1993 fluctibus,
3081 1927 3285 1997 piratis
3333 1928 3568 1985 minime

1922 2023 2137 2066 nocere
2168 2010 2646 2068 valentibus.Hoc
2675 2013 2877 2069 ordine
2899 2028 3005 2084 per
3036 2015 3191 2070 servi
3224 2016 3313 2072 sui
3361 2017 3568 2074 merita

1923 2098 1995 2154 ab
2027 2098 2463 2154 imminentibus
2503 2100 2785 2156 malorum
2836 2101 3111 2172 procellis
3144 2103 3319 2174 eruti,
3355 2103 3569 2160 divinae

1922 2186 2146 2255 gratias
2170 2190 2346 2254 agunt
2373 2185 2724 2242 liberationi.
2753 2188 2917 2253 Quod
2939 2193 2995 2244 et
3017 2190 3088 2246 ab
3113 2189 3239 2263 ipso
3259 2191 3567 2262 fratre,qui

1926 2273 2191 2344 pertulit,
2223 2273 2585 2344 agnovimus,
2622 2275 2776 2332 ﬁdeli
2828 2277 3164 2334 narratione
3231 2277 3562 2336 retulimus.

1995 2364 2082 2416 38.
2119 2362 2330 2418 Eodem
2360 2366 2625 2434 tempore
2678 2364 2924 2421 claudus
2956 2365 3210 2437 quidam,
3237 2365 3569 2424 Willeman-

1927 2464 2035 2505 nus
2067 2450 2316 2517 nomine,
2341 2464 2412 2506 ex
2451 2449 2587 2506 villa
2609 2450 2736 2508 loco
2760 2453 3217 2510 Brunwilerensi
3267 2455 3565 2525 contigua,

1926 2538 2188 2595 Polheim
2219 2537 2494 2594 videlicet
2538 2545 2891 2612 nuncupata,
2916 2541 3160 2598 obtentu
3208 2542 3364 2598 beati
3419 2544 3572 2601 Wolo

1926 2625 2164 2698 phelmi,
2193 2627 2290 2683 diu
2318 2633 2526 2697 negata
2543 2629 2929 2686 membrorum
2951 2630 3171 2701 recepit
3194 2630 3571 2690 oﬂlcia.Tem-

1927 2731 2071 2787 pore
2093 2716 2307 2787 quippe
2332 2716 2844 2788 quadragesimali,
2861 2719 2929 2773 ad
2964 2718 3156 2776 locum
3169 2720 3458 2778 accedens
3483 2735 3573 2779 se-

1928 2803 2142 2875 pulcri,
2159 2819 2272 2874 quo
2299 2803 2508 2860 salutis
2531 2804 2763 2860 arderet
2786 2806 3103 2878 desiderio,
3128 2808 3324 2866 cordis
3347 2823 3572 2882 prome-

1927 2892 2026 2947 bat
2057 2893 2309 2961 gemitu:
2346 2907 2459 2961 quo
2491 2892 2699 2949 salutis
2739 2894 3067 2952 ducebatur
3109 2897 3350 2970 gemitu,
3377 2899 3570 2956 cordis

1927 2979 2084 3036 illius
2114 2980 2451 3036 declarabat
2481 2980 2733 3038 afﬂictio.
2761 2983 3020 3054 Denique
3051 2985 3120 3040 ad
3144 2986 3321 3042 Deum
3344 2989 3466 3042 tota
3491 2986 3572 3042 in-

1926 3069 2188 3124 tentione
2203 3067 2896 3139 conversus,lacrymosis
2909 3072 3263 3142 precabatur
3277 3074 3566 3146 suspiriis,

1925 3161 1988 3212 ut
2022 3157 2176 3212 servi
2208 3155 2296 3213 sui
2323 3156 2548 3212 meritis
2573 3157 2921 3229 sospitatem
2946 3165 3274 3218 mereretur
3305 3162 3360 3218 in
3399 3177 3571 3219 mem-

1923 3245 2061 3301 bris.
2099 3245 2211 3300 Ncc
2242 3258 2378 3316 spes
2409 3243 2637 3316 fefellit,
2668 3247 2763 3303 cui
2787 3247 2932 3304 fides
2960 3250 3399 3309 incitamentum
3426 3267 3570 3323 prse-

1924 3332 2068 3389 buit.
2105 3332 2288 3388 Citius
2306 3333 2457 3388 enim
2493 3332 2653 3390 dictu
2678 3333 2912 3407 claruit,
2937 3337 3106 3407 cujus
3129 3339 3464 3395 sanctitatis
3480 3339 3577 3396 vel

1923 3421 2116 3478 meriti
2141 3421 2228 3476 vir
2252 3422 2460 3478 beatus
2494 3422 2809 3479 exstiterit.
2838 3425 3098 3497 Repente
3129 3427 3280 3483 enim
3317 3427 3414 3484 diu
3448 3443 3579 3488 con-

1926 3511 2101 3568 tracti
2145 3524 2205 3567 se
2254 3516 2557 3580 coeperunt
2605 3513 2924 3569 extendere
2974 3515 3159 3584 nervi,
3191 3520 3251 3571 ct
3298 3531 3574 3574 venarum

1927 3604 2155 3657 meatus
2187 3597 2385 3653 vitalis
2417 3599 2717 3668 sanguinis
2739 3601 3030 3659 infusione
3062 3601 3302 3675 repleri,
3325 3609 3383 3660 et
3406 3621 3580 3662 mem-

1929 3689 2033 3744 bra
2057 3687 2223 3760 prius
2247 3692 2621 3758 praemortua,
2641 3687 2695 3744 in
2721 3689 3034 3760 pristinum
3047 3691 3304 3763 vigorem
3319 3696 3571 3752 restitui.

1931 3775 2079 3843 Quid
2105 3775 2336 3846 longius
2370 3778 2597 3833 morer?
2620 3779 2890 3836 Sentiens
2920 3779 3092 3838 homo
3117 3781 3368 3839 divinam
3419 3783 3475 3840 in
3516 3799 3576 3840 se

1933 3865 2167 3936 operari
2200 3865 2499 3935 virtutem,
2523 3865 2681 3924 lento
2700 3869 3002 3925 conamine
3021 3884 3330 3940 assurgere
3359 3871 3570 3941 nitens,

1934 3966 2266 4025 quanquam
2294 3953 2479 4010 adhuc
2504 3959 2747 4011 nutante
2770 3970 3000 4028 gressu,
3028 3958 3083 4014 in
3105 3959 3286 4030 pedes
3309 3960 3571 4017 constitit

1934 4045 1994 4097 et
2030 4055 2157 4112 quae
2190 4041 2344 4098 circa
2375 4057 2436 4097 se
2469 4048 2596 4099 acta
2633 4043 2860 4100 fuerant
2892 4047 3283 4118 praesentibus
3325 4047 3574 4105 fideliter

1935 4130 2238 4187 disseruit.
2269 4130 2524 4198 Quorum
2540 4133 2805 4189 manibus
2818 4135 3395 4207 sustentatus,ethuc
3414 4136 3578 4193 illuc-

1936 4234 2048 4290 que
2073 4219 2383 4290 deductus,
2419 4225 2479 4277 ut
2523 4236 2617 4276 res
2651 4222 2902 4280 innotuit
2944 4223 3241 4296 fratribus,
3276 4225 3573 4297 magniﬁce

1936 4307 2213 4365 laudatur
2236 4313 2296 4364 et
2316 4307 2682 4379 glorificatur
2703 4312 2876 4383 Deus,
2895 4313 2991 4383 qui
3014 4314 3072 4371 in
3087 4314 3309 4372 sanctis
3330 4315 3452 4373 suis
3476 4316 3578 4371 mi-

1936 4396 2140 4453 rabilis
2161 4402 2254 4453 est
2280 4397 2467 4469 (Psal.
2493 4413 2624 4468 Lvu,
2647 4397 2738 4472 36)
2763 4405 2822 4456 et
2839 4400 3136 4470 gloriosus
3163 4403 3339 4472 (Dan.
3368 4419 3449 4474 in,
3467 4408 3573 4472 52),

175 4487 563 4556 promptaque
586 4482 1157 4555 devotionejubenti,
1177 4489 1450 4555 satagens
1468 4485 1824 4550 obedire,ar-
1852 4473 1905 4534 D
1937 4485 2158 4542 faciens
2181 4485 2467 4543 mirabilia
2494 4486 2658 4544 solus
2681 4488 2869 4559 (Psal.
2898 4493 3163 4561 Lxxi,18).
3190 4493 3272 4548 Ad
3304 4473 3573 4551 indicium

175 4573 350 4629 dente
371 4571 708 4644 sepulcrum
732 4572 930 4629 invisit
953 4588 1147 4644 cereo,
1165 4587 1270 4631 nec
1292 4574 1445 4630 beati
1468 4574 1662 4632 Patris
1683 4575 1825 4631 dini-

175 4659 320 4716 dens
352 4660 599 4730 meritis,
617 4674 724 4718 nec
747 4660 926 4718 dictis
946 4661 1191 4718 credere
1212 4665 1484 4718 cunctata
1510 4664 1820 4733 monentis,

177 4747 315 4814 Quae
333 4748 432 4805 ubi
447 4747 516 4804 ad
530 4748 855 4806 orationem
881 4749 1358 4822 procubuit,post
1377 4749 1651 4822 pusillum
1684 4766 1822 4808 sana

175 4836 460 4908 surrexit,
492 4840 574 4907 et,
594 4836 817 4907 gratias
849 4851 1030 4908 agens
1061 4837 1196 4909 Deo,
1232 4852 1435 4910 sospes
1463 4852 1531 4896 ac
1554 4838 1703 4896 laetae
1737 4854 1825 4896 re-

175 4925 372 4982 cessit.

246 5015 332 5069 37.
365 5011 570 5069 Frater
621 5009 854 5080 quidam
895 5025 970 5068 ex
1022 5012 1292 5068 coenobio
1341 5013 1820 5084 Brunwilerensi,

179 5098 522 5157 Heribertus
546 5098 795 5174 nomine,
811 5101 944 5170 post
967 5098 1192 5156 obitum
1226 5100 1382 5157 beati
1405 5101 1750 5174 Wolphelmi
1767 5103 1823 5157 in

176 5187 407 5244 Daciam
459 5187 572 5260 (23)
634 5186 990 5260 provinciam
1024 5188 1212 5244 fuerat
1262 5189 1665 5262 transmissus,
1692 5205 1822 5247 cum

178 5272 310 5330 aliis
335 5275 706 5346 quibusdam,
725 5274 1025 5344 religionis
1045 5277 1379 5334 monasticae
1401 5279 1613 5349 gratia,
1631 5279 1824 5334 fratri-

179 5361 309 5421 bus.
347 5361 456 5422 Ubi
484 5377 615 5422 cum
655 5363 1086 5438 aliquantisper
1127 5371 1522 5426 commoratus
1553 5370 1728 5437 esset,
1763 5369 1820 5422 et

246 5567 361 5644 (23)
391 5566 628 5630 Daniam
661 5569 1088 5646 interpretatur
1115 5571 1538 5633 Henschenius.

1934 4588 2076 4631 vero
2100 4574 2248 4630 tanti
2273 4574 2974 4644 miraculi,sustentatorii
3004 4578 3163 4636 illius
3189 4579 3377 4638 baculi
3401 4595 3576 4652 super

1937 4661 2272 4734 sepulcrum
2308 4663 2627 4720 beatissimi
2661 4664 2960 4722 virimulto
3011 4673 3271 4740 tempore
3316 4683 3575 4726 mansere

1936 4751 2227 4823 suspensL

2009 4843 2096 4896 39.
2124 4838 2257 4896 Alio
2307 4839 2486 4896 ferme
2525 4845 2787 4914 tempore
2834 4841 2970 4900 huic
3027 4844 3308 4902 miraculo
3366 4845 3575 4904 accidit

1933 4927 2259 4999 consimile,
2286 4927 2441 4999 quod
2477 4930 2707 5000 quando
2741 4931 3067 5002 qualiterve
3098 4932 3174 4990 sit
3195 4932 3580 5004 factum,libet

1935 5017 2176 5074 referre.
2209 5018 2288 5073 De
2318 5016 2454 5074 villa
2489 5018 2978 5092 Geroldeshoven,
3007 5022 3214 5080 mulier
3235 5023 3578 5079 omnimodis

1935 5109 2236 5164 contracta
2260 5104 2330 5160 ad
2359 5120 2515 5179 szepe
2539 5114 2925 5167 memoratum
2948 5109 3138 5168 locum
3171 5112 3242 5168 ab
3274 5111 3474 5168 amicis
3488 5116 3580 5166 est

1934 5194 2207 5251 deducta.
2226 5195 2356 5250 Hac
2373 5195 2578 5252 sedulo
2594 5196 2808 5253 ibidem
2833 5199 3114 5256 incubans
3126 5200 3420 5271 precibus,
3440 5205 3578 5255 tem-

1935 5280 2013 5352 pli
2035 5279 2233 5338 limina
2279 5282 2687 5354 frequentabat
2734 5287 3039 5345 attentius:
3066 5287 3361 5344 existente
3384 5291 3574 5344 autem

1934 5369 2336 5430 sacratissima
2359 5371 2513 5430 beati
2552 5373 2710 5432 Petri
2745 5375 3146 5448 apostolorum
3180 5376 3462 5448 principis
3485 5391 3576 5432 so-
