3894 6414
190 473 309 538 488
1056 467 1537 538 EKKEHARDI
1578 470 2154 540 URAUGIENSIS.
2188 512 2269 527 -
2299 475 2741 545 PREFATIO
3481 477 3602 546 484

193 607 516 678 lemnitate,
541 610 598 665 et
622 605 771 664 hanc
791 621 922 664 cum
941 605 1167 680 reliquo
1188 607 1362 682 vulgo
1385 610 1567 668 tantis
1587 608 1835 680 contigit
1865 604 1921 664 A
1951 609 2120 682 ravit,
2145 609 2417 670 eﬂ‘ectum
2442 612 2675 670 meruit.
2704 611 2917 670 Erecta
2943 612 3157 686 quippe
3179 611 3478 684 divinitus,
3505 625 3603 670 ex-

191 698 480 755 interesse
509 694 823 754 solemniis.
859 695 997 764 Quae
1049 696 1288 770 largiter
1336 699 1503 770 ﬂens,
1557 703 1615 756 et
1665 699 1835 770 longa
1948 697 2242 772 clamavit,
2271 701 2648 774 omniumque
2681 701 2980 758 silentium
3008 700 3366 758 clamoribus
3416 701 3595 776 rupit.

191 784 442 858 suspiria
468 784 726 855 trahens,
747 789 880 842 ante
907 786 1246 858 sepulcrum
1267 788 1421 845 beati
1445 787 1554 844 viri
1579 793 1839 860 proster-
1947 785 2216 843 Ubienim
2229 788 2462 846 ossibus
2477 803 2607 846 ossa
2623 803 2685 846 se
2699 788 3055 858 coniunxere
3071 787 3382 861 disiuncta,
3397 793 3458 846 et
3471 803 3602 847 ner-

192 873 370 943 nitur,
403 872 676 930 miseram
706 887 770 930 se
798 887 865 930 ac
905 871 1194 932 infelicem
1250 876 1488 933 nimium
1529 875 1838 947 conqueri-
1947 889 2148 932 vorum
2173 877 2502 934 contractio
2529 876 2937 948 juncturarum
2963 875 3138 932 ﬁebat
3161 877 3465 949 connexio,
3484 893 3596 936 non

193 966 290 1018 tur
308 979 323 1029 ;
341 961 516 1032 cujus
536 975 643 1018 nec
669 975 874 1032 preces
897 967 1262 1020 mererentur
1295 964 1544 1034 admitti,
1571 977 1679 1020 nec
1713 979 1840 1020 cor-
1948 968 2041 1018 est
2064 963 2388 1020 mirandum
2409 965 2560 1036 quod
2589 963 2852 1034 fragilior
2871 963 3136 1020 mulieris
3157 977 3334 1021 sexus
3357 965 3600 1037 expavit

190 1048 352 1122 poris
383 1047 750 1108 incommoda
784 1048 951 1106 solvi.
985 1049 1096 1106 Sed
1126 1051 1222 1121 qui
1256 1051 1545 1122 quondam
1577 1051 1839 1108 mulieris
1949 1050 2194 1108 animus.
2229 1053 2562 1122 Exsurgens
2586 1051 2786 1122 itaque
2809 1067 2839 1108 a
2865 1050 3218 1123 pavimento,
3247 1057 3490 1125 recepto
3515 1053 3598 1108 vi-

194 1137 552 1207 Cbananaate,
587 1139 648 1194 et
676 1137 849 1209 hujus
879 1137 1066 1195 voluit
1096 1152 1302 1210 preces
1334 1137 1591 1210 differre,
1627 1143 1689 1196 ut
1738 1139 1842 1194 im-
1948 1153 2111 1209 gore,
2147 1139 2456 1198 incolumis
2486 1139 2798 1212 prmvaluit
2829 1139 2900 1196 ad
2933 1139 3171 1212 propria
3197 1155 3476 1198 remeare.
3497 1141 3599 1198 Ta-

194 1228 512 1297 portunum
540 1222 698 1282 illius
725 1223 1107 1296 desiderium,
1131 1225 1262 1282 fidei
1287 1231 1446 1284 esset
1477 1227 1843 1298 experimen-
1953 1227 2106 1283 libus
2126 1227 2540 1285 miraculorum
2565 1227 2870 1285 eﬂ‘ectibus
2893 1227 3184 1285 veraciter
3203 1243 3333 1286 cum
3365 1229 3598 1286 Christo

189 1316 335 1370 tum.
370 1314 444 1369 At
473 1327 614 1369 vero
663 1313 935 1384 quoniam
986 1313 1141 1370 beati
1193 1315 1300 1372 viri
1349 1314 1577 1372 meritis
1625 1313 1837 1371 salvari
1952 1327 2014 1370 se
2047 1315 2244 1372 vivere
2275 1316 2489 1373 mundo
2525 1319 2782 1373 testatur
2828 1315 2918 1373 vir
2967 1315 3080 1374 iste
3131 1317 3357 1375 beatus.
3392 1318 3592 1374 Amen.

192 1413 366 1474 posse
396 1414 514 1458 non
543 1400 856 1473 haesitavit,
881 1400 984 1458 sed
1017 1401 1073 1458 in
1107 1402 1218 1459 fide
1239 1403 1550 1475 postulans
1571 1416 1842 1474 perseve-

933 1693 1510 1802 BEATI
1646 1694 2860 1803 WOLPHELMI

519 1933 1340 2044 OPUSCULUM
1447 1934 1616 2040 DE
1710 1932 2593 2042 SACRAMENTO
2691 1933 3286 2044 ALTABIS.

1122 2127 1388 2200 (Exstat,
1418 2141 1606 2200 supra
1655 2128 1800 2187 Vites
1824 2129 1898 2186 Β.
1946 2127 2294 2200 Wolplielmi
2345 2141 2504 2186 num.
2560 2130 2673 2200 io.)

821 2443 1252 2532 VERSUS
1345 2441 1490 2531 DE
1595 2441 2120 2544 UTROQUE
2215 2441 2976 2531 TESTAMENTO.

185 2647 365 2720 (Illos
393 2659 636 2719 quoque
675 2645 818 2703 Vitae
844 2646 1109 2704 inseruit
1133 2645 1465 2722 Conradus,
1497 2659 1662 2722 gnos,
1688 2645 1758 2703 ut
1781 2648 2127 2722 opusculum
2152 2649 2630 2722 De‘sacramento
2653 2649 2896 2720 altaris,
2908 2650 3157 2722 propter
3176 2649 3598 2709 connexionem

1119 2731 1240 2787 qua
1274 2715 1466 2773 textui
1495 2715 1829 2788 adament,
1845 2719 2091 2776 seorsim
2129 2719 2297 2777 edere
2323 2720 2672 2791 noluimus.)

1099 3044 1337 3088 SECULO
1382 3045 1673 3088 UNDECIMO
1718 3046 2002 3100 EXEUNTE,
2051 3045 2380 3089 DUODECIMO
2423 3045 2670 3088 INEUNTF

703 3235 914 3366 ΕΚ
947 3235 1751 3368 KEHARDI
1903 3231 3104 3368 URAUGIENSIS

1495 3509 2286 3637 CHRONICA,

315 3775 808 3867 EDENTE
901 3777 1016 3864 V.
1115 3777 1298 3864 CL.
1401 3778 1516 3866 Gr.
1619 3767 2012 3894 WAITZ
2106 3777 2474 3864 PROF.
2573 3775 2936 3864 PUBL.
3037 3771 3460 3865 KILON.

1241 4135 1495 4244 PER
1511 4133 1768 4241 TZII
1847 4128 2550 4240 PR/EFATIO

691 4317 1274 4378 MONUMENTORUM
1331 4317 1710 4375 GERMANLE
1771 4316 2229 4374 HISTORICORU

1561 4317 1710 4374 ιΝῐιΕ
1771 4315 2290 4374 HISTORICORUM
2331 4314 2522 4371 TOMO
2572 4313 2695 4369 VIII
2753 4311 3099 4368 ΡΒΕΠΧΑ.

238 4501 603 4576 Scriptores
635 4499 782 4555 tomo
798 4497 1097 4570 superiori
1123 4497 1330 4568 editos,
1373 4507 1522 4566 quos
1555 4495 1767 4552 sxculo
1806 4493 2114 4550 undecimo
2155 4489 2470 4549 historiam
2504 4486 2907 4576 uniuersalem
2946 4485 3281 4576 tradidisse
3318 4483 3602 4576 vidimus,

157 4593 304 4664 jam
324 4570 446 4664 gui
472 4587 730 4646 eamdem
748 4599 936 4659 usque
961 4587 1042 4643 ad
1065 4585 1330 4642 Conradi
1349 4584 1464 4640 III
1475 4597 1724 4655 regnum
1733 4579 2154 4654 produxerunt
2172 4577 2594 4664 Ekkehardus,
2615 4571 3330 4664 Sigebertus,_an_natist_¢
3346 4570 3606 4664 Erplies-

168 4657 488 4740 ?wtdnsis
518 4676 578 4732 et
601 4677 772 4734 Saxo
801 4657 1126 4746 excipiunt.
1168 4673 1426 4738 Quorum
1460 4672 1651 4742 primo
1701 4671 1819 4728 loco
1863 4670 2178 4740 primaque
2219 4668 2344 4724 cice
2387 4663 2644 4722 tenebris
2691 4661 2924 4732 ereptus
2969 4657 3365 4716 Etkeliardus
3415 4657 3607 4746 Uran-

160 4768 410 4840 giensis
432 4763 670 4838 prodit.
708 4764 898 4836 Cujus
926 4745 1138 4818 edendi
1166 4774 1298 4818 cum
1315 4761 1454 4832 jam
1481 4759 1620 4816 ante
1639 4759 1860 4829 viginti
1878 4770 2066 4812 annos
2088 4757 2249 4813 ciam
2269 4767 2612 4827 quaererem,
2631 4751 2954 4840 χρησίμῳ
2983 4747 3252 4840 contigit,
3283 4746 3355 4840 ut
3379 4745 3606 4840 codices

161 4833 744 4930 praestantissimos,
779 4833 1035 4924 guorum
1062 4862 1165 4920 ape
1193 4847 1457 4906 Annales
1485 4846 1761 4905 Heinrici
1801 4846 1894 4903 IV
1927 4845 1986 4900 et
2037 4845 2084 4898 ν
2119 4843 2546 4914 imperatorum
2585 4833 3607 4930 integritati_restituerentur,_tum

168 4921 310 5004 pero
344 4944 410 5002 et
439 4940 706 5001 codicem
731 4921 1170 5010 autograplium
1193 4937 1390 5007 priori
1423 4935 1705 4992 Ultronici
1723 4935 1898 5006 parti
1925 4933 2309 4990 restituendae
2334 4931 2756 4997 necessarium,
2791 4927 2850 4984 et
2865 4926 3124 4984 alterum
3142 4921 3603 5010 autograpltum,

172 5049 297 5110 quo
332 5031 686 5092 Chronicon
712 5028 852 5086 ante
872 5007 1042 5098 nque
1070 5025 1338 5098 ignotum
1365 5024 1791 5096 imperatorum
1819 5021 2170 5110 habebatur,
2201 5019 2453 5110 editioni
2480 5018 2697 5110 nostrx
2715 5013 3189 5110 uindioarem,_et
3207 5011 3305 5110 ita
3316 5007 3607 5110 subsidiis

173 5097 524 5182 ditissimis
553 5116 836 5182 collectis,
855 5097 1136 5188 fontibus
1163 5126 1398 5184 quoque
1425 5111 1581 5168 unde
1609 5109 2009 5167 Ekkehardus
2048 5107 2357 5174 hauserat,
2387 5107 2626 5178 passim
2667 5102 2974 5171 indicatis,
3017 5099 3244 5158 codices
3281 5097 3348 5155 in
3382 5097 3608 5155 classes

169 5223 324 5271 suas
355 5217 689 5275 secernere,
719 5215 997 5274 nocteque
1025 5201 1309 5260 editionis
1339 5200 1656 5258 consilium
1683 5198 1742 5255 et
1763 5199 2060 5255 rationem
2100 5198 2168 5255 in
2199 5193 2534 5252 Annatibus
2573 5192 2798 5250 nostris
2848 5191 2888 5247 t.
2950 5190 3083 5259 VII,
3117 5201 3306 5259 pagg.
3348 5191 3604 5275 409-;09,

158 5307 521 5374 proponere
553 5272 808 5366 possem.
866 5272 975 5348 Ilia
1012 5290 1208 5362 igitur
1233 5288 1572 5361 patefacta,
1619 5285 1936 5342 editionem
1982 5283 2278 5355 inceptam
2327 5281 2578 5374 Waitzio
2612 5281 2834 5374 nostra,
2873 5290 3049 5349 quem
3076 5277 3222 5374 post
3257 5272 3610 5374 sexennium

171 5363 604 5446 Monumentis
652 5379 1030 5439 Ger-mannich
1082 5391 1305 5436 summo
1345 5391 1473 5434 cum
1503 5375 1728 5449 fructu
1767 5374 2034 5432 dicatum
2057 5373 2189 5444 jam
2219 5369 2580 5444 professoris
2617 5367 3013 5426 historiarum
3036 5363 3273 5436 publici
3299 5375 3515 5421 munus
3541 5365 3610 5422 in

171 5471 601 5536 universitate
647 5469 992 5526 Kiloniensi
1032 5478 1249 5522 ornare
1280 5465 1612 5536 gaudemus
1651 5462 2072 5520 absolvendum
2107 5459 2402 5519 commissi
2441 5459 2500 5516 et
2536 5457 2839 5530 indefessa
2880 5454 3012 5524 ejus
3057 5464 3236 5524 opera
3275 5450 3610 5510 absolutam

175 5561 520 5623 lectoribus
577 5557 800 5614 nostris
853 5555 1028 5612 Itodie
1069 5567 1359 5625 propono.
1426 5555 1607 5623 Opere
1664 5549 1825 5623 typis
1881 5550 2172 5621 expresio,
2233 5563 2366 5606 cum
2419 5559 2620 5604 mense
2680 5541 3018 5614 Septembri
3067 5543 3219 5598 anni
3281 5539 3611 5612 superioris

173 5655 474 5726 Pragam
534 5644 788 5710 adirem,
847 5645 915 5702 in
968 5642 1170 5700 Musca
1224 5641 1535 5698 Bonemico
1584 5641 1822 5712 primus
1877 5637 2103 5694 codicis
2149 5637 2465 5708 cujusdam
2528 5630 2825 5726 incogniti
2879 5629 2966 5726 et_
2989 5629 3198 5726 siccqu
3255 5643 3332 5726 xn
3395 5627 3612 5726 scripti

175 5714 527 5814 quaternio
587 5731 655 5790 in
699 5743 913 5790 manus
958 5727 1139 5796 venit,
1187 5742 1303 5800 guo
1348 5728 1726 5800 principium
1783 5726 2064 5784 C’Monici
2123 5722 2587 5780 Ekkeltardiani
2641 5733 2829 5790 usque
2884 5718 2966 5774 ad
3018 5717 3316 5773 Plioronei
3370 5714 3610 5772 circiter
