3894 6404
372 417 490 485 439

1550 424 2033 492 EKKEHARDI
2074 424 2499 495 URAUGIEA
2510 428 2633 496 SIS

3672 432 3792 500 440

447 553 849 615 Ekkehardum
879 555 1209 617 litterarum
1241 558 1438 620 studio
1463 561 1815 623 excelluisse
1838 565 2035 621 etnon
2067 565 2123 625 A
2154 560 2268 620 mio
2298 562 2484 622 visum
2506 568 2565 623 et
2589 564 2925 625 accuratius
2953 564 3335 639 descriptum,
3368 565 3521 640 quod
3550 567 3791 628 Laterna

380 642 437 700 in
473 660 585 703 uno
609 646 757 703 libro
790 663 1026 720 Operam
1060 665 1221 707 suam
1255 652 1598 723 collocasse,
1633 652 1949 710 Trithemio
1974 650 2044 706 li-

383 734 590 790 benter
608 735 931 807 credamus,
956 739 1292 810 Eckardus,
1322 740 1508 811 inquit
1529 742 1666 813 (25),
1674 744 1915 815 primus
1939 742 2042 800 ab'

383 821 487 880 bas
513 824 864 882 monasterii
893 827 1089 883 sancti
1123 829 1438 886 Laurentii
1467 831 1626 901 quod
1652 832 1928 902 Uraugia
1951 831 2040 888 di-

381 913 559 983 citur,
594 914 661 970 in
690 914 923 972 diieeesi
958 915 1381 987 Herbipolensi
1418 917 1485 975 in
1524 919 1815 977 Hircinia
1853 920 2032 992 silva,

381 1000 615 1059 ordinis
633 1004 829 1060 sancti
846 1004 1172 1073 Benedicti,
1194 1007 1437 1063 natione
1463 1007 1830 1079 Teutonicas,
1850 1011 1949 1066 oir
1968 1012 2036 1067 in

380 1089 606 1149 diuinis
631 1093 974 1163 Scripturis
1003 1095 1451 1153 eruditissimus
1470 1098 1528 1153 et
1555 1097 1621 1154 in
1638 1098 2035 1157 sacularibus

384 1179 603 1236 litteris
627 1180 783 1236 nulli
803 1182 960 1239 inter
982 1181 1306 1241 Germanos
1326 1199 1431 1242 suo
1455 1186 1709 1258 tempore
1738 1188 2037 1245 doctorum

382 1268 659 1340 inferior,
674 1270 858 1327 metro
875 1271 1162 1329 excellens
1178 1274 1239 1329 et
1241 1287 1447 1344 prosa.
1467 1275 1737 1346 Scripsit
1750 1290 1862 1334 non
1876 1291 2035 1349 sper-

380 1356 586 1413 nendae
605 1358 873 1418 lectionis
889 1360 1193 1432 opuscula,
1217 1361 1435 1434 quibus
1452 1364 1682 1434 ingenii
1699 1366 1797 1421 sui
1813 1365 2037 1422 cicact-

385 1447 564 1504 tatem
596 1450 948 1509 declarauit.
983 1454 1069 1509 De
1096 1454 1316 1524 quibus
1346 1469 1448 1526 ego
1482 1457 1714 1513 tantum
1741 1458 1872 1514 vidi
1894 1473 2038 1530 opus

379 1538 616 1609 insigne
638 1540 721 1596 ad
739 1542 1137 1600 imitationem
1154 1544 1353 1602 Boetii
1369 1547 1605 1615 gemino
1626 1547 1783 1618 style
1811 1561 2041 1620 compa'

381 1627 557 1699 ctum,
590 1628 671 1685 ad
699 1630 1155 1688 instructionem
1176 1633 1233 1689 et
1251 1634 1711 1691 consolationem
1732 1638 2041 1693 monac/zo-

378 1729 513 1772 rum
525 1718 1140 1791 etomniumﬂdelium
1153 1722 1337 1779 Deum
1358 1723 1694 1780 timentium
1708 1723 1879 1781 valde
1892 1727 2042 1783 utile

381 1805 439 1859 et
462 1808 885 1877 necessarium,
917 1810 1077 1879 quod
1101 1811 1468 1881 praenotacit
1494 1813 1575 1868 La
1586 1814 1814 1870 ternam
1838 1828 2039 1871 mona'

2153 652 2279 709 sive
2302 654 2543 711 Mathias
2568 655 2907 728 inscriptum
2933 656 3060 727 fuit,
3096 657 3393 728 hucusque
3420 657 3687 730 innotuit,
3714 659 3795 715 ita

2152 745 2215 796 ut
2239 743 2463 799 nonnisi
2491 744 2622 798 libri
2646 745 2909 801 historici
2934 749 3263 816 temporum
3286 745 3555 817 injuriam
3580 748 3797 819 fugisse

2148 828 2480 887 videantur.
2516 835 2738 889 Prmtcr
2762 834 3085 889 Chronicou
3111 849 3249 897 vero
3275 849 3458 904 usque
3491 835 3559 891 ad
3580 850 3631 891 a.
3658 839 3797 893 1124

2149 916 2482 991 deductum,
2518 922 2889 977 'Trithemius
2949 922 3124 978 etiam
3186 923 3417 978 brevem
3464 923 3631 980 aﬂ‘ert
3680 924 3793 995 (26)

2146 1004 2472 1079 historiam,
2510 1026 2619 1081 qua
2653 1010 3028 1066 Ekkehardus
3054 1026 3147 1066 res
3172 1026 3279 1067 suo
3299 1014 3564 1083 tempore
3595 1017 3793 1082 gestas

2146 1092 2544 1167 descripserit.
2580 1098 2931 1155 Aecuratius
2969 1114 3127 1167 vero,
3168 1100 3471 1156 codicibus
3503 1105 3794 1172 quotquot

2146 1185 2389 1254 reperiri
2426 1190 2696 1256 poterant
2745 1187 3020 1257 evolutis,
3067 1188 3295 1258 singula
3330 1203 3573 1259 quaeque
3604 1189 3791 1260 ipsius

2144 1286 2321 1341 opera
2370 1289 2680 1330 recensere
2730 1290 3047 1346 eorumque
3092 1281 3325 1348 tempus
3355 1276 3595 1334 deﬁnire
3629 1276 3786 1334 licet.

2220 1450 2447 1507 Ultimis
2487 1452 2687 1508 saeculi
2729 1467 2787 1508 χι
2827 1453 2993 1508 annis
3036 1453 3432 1524 Ekkehardus,
3475 1456 3793 1512 monachus

2150 1542 2285 1594 tunc
2318 1540 2781 1611 Bambergeusis,
2817 1541 3139 1597 Chronieon
3189 1556 3505 1611 aggressus
3531 1547 3620 1599 est
3652 1543 3797 1599 scri-

2152 1627 2421 1695 bendum,
2450 1628 2603 1697 quod
2632 1628 2764 1683 inde
2789 1628 2859 1683 ab
2883 1631 3025 1685 orbe
3049 1629 3285 1685 condito
3312 1644 3489 1701 usque
3515 1630 3586 1687 ad
3610 1630 3797 1702 ipsius

2148 1721 2412 1788 tempora
2438 1732 2607 1787 quam
2640 1718 3058 1789 amplissimam
3092 1735 3286 1777 rerum
3318 1726 3613 1790 gestarum
3646 1719 3800 1776 noti-

2151 1806 2285 1860 tiam
2318 1806 2642 1876 exhiberet,
2671 1806 2726 1862 iu
2759 1823 2872 1878 quo
2909 1808 3214 1878 colligeret
3248 1823 3610 1879 quaecunque
3634 1823 3709 1865 ex
3732 1808 3800 1863 li-

380 1894 445 1949 cli
456 1908 621 1950 oram
648 1894 750 1952 lib.
777 1912 827 1952 v.
851 1898 1167 1955 Sermones
1195 1900 1484 1970 quosdam
1506 1901 1805 1972 elegantes
1831 1904 2010 1960 varia

2203 1894 2271 1950 ris
2298 1900 2411 1950 tam
2439 1894 2737 1951 historicis
2762 1910 2930 1965 quam
2957 1896 3187 1954 biblieis
3218 1897 3677 1969 theologicisque
3700 1896 3796 1952 vel

379 1995 525 2051 sque
554 1984 836 2054 epistolas
868 1986 949 2042 ad
979 1987 1239 2044 diversos
1277 1989 1615 2059 composuit.
1659 1990 1903 2049 Clam-uit
1926 1992 2034 2049 sub

385 2072 656 2127 Conrado
689 2073 861 2130 tertio
892 2076 1269 2147 imperatore.
1302 2078 1472 2134 Anno
1502 2079 1746 2135 Domini
1778 2084 1933 2151 H30,
1966 2083 2035 2138 in

379 2176 432 2210 m
445 2158 570 2215 edio
589 2163 1055 2235 ecclesiapriefa
1064 2165 1108 2220 ti
1130 2166 1481 2223 monasterii
1496 2168 1779 2237 sepultus.
1804 2168 1881 2224 De
1898 2184 2034 2240 ope-

382 2249 543 2304 ribus
565 2266 703 2305 vero
723 2252 794 2306 ab
809 2252 1147 2308 Ekkehardo
1167 2254 1530 2325 scriptisalio
1547 2254 1676 2311 loco
1696 2258 2031 2314 accuratius

382 2344 728 2407 prosecutus
760 2343 848 2393 est
883 2359 896 2393 :
929 2340 1192 2411 Scripsit
1214 2344 1413 2398 autem
1450 2357 1567 2399 non
1605 2345 2034 2403 contemnendae

380 2426 763 2483 auctoritatis
794 2430 1096 2496 opuscula,
1132 2428 1351 2499 quibus
1382 2430 1443 2487 et
1468 2431 1607 2488 tunc
1642 2433 2033 2502 prasentibus

311 2548 319 2556 α
376 2529 437 2569 se
454 2514 661 2569 utilem
676 2515 949 2570 reddidit
959 2516 1465 2574 etmemorabilem
1475 2519 1736 2590 poste-ris
1753 2534 2033 2578 commen-

378 2602 577 2668 davit;
606 2616 635 2658 e
664 2603 882 2673 quibus
905 2604 1203 2675 fer-untur
1241 2606 1524 2675 subjecta.
1580 2607 1913 2665 C'lironicon
1959 2609 2033 2665 ab

377 2691 610 2762 origine
630 2692 839 2748 mundi
856 2706 1045 2763 usque
1061 2693 1143 2749 ad
1160 2708 1385 2750 annum
1401 2696 1728 2753 Dominicie
1744 2697 2035 2755 Incarna-

379 2781 423 2834 ti
446 2781 560 2835 inis
584 2784 603 2833 1
626 2785 717 2833 124
742 2781 1033 2837 inclusive
1054 2783 1325 2838 columen
1348 2783 1585 2853 insigne
1606 2787 1947 2855 composuit,
1970 2787 2037 2843 in

381 2881 495 2936 quo
531 2866 709 2923 Gesta
748 2882 957 2936 regum
986 2870 1046 2924 et
1072 2870 1497 2941 imperatorum
1524 2872 1591 2927 in
1624 2870 1950 2931 Germania
1982 2878 2040 2932 et

379 2956 555 3011 extra
574 2956 785 3012 ordine
805 2956 960 3012 satis
981 2971 1236 3026 congruo
1252 2958 1519 3029 digessit.
1538 2960 2039 3020 Adimitationem

377 3058 610 3114 quoque
621 3045 926 3101 Marciani
942 3046 1200 3116 Capella
1212 3046 2045 3121 acBoetiiSeeeriniscripsit

371 3132 609 3201 gemino
631 3133 726 3202 stg
736 3133 807 3201 lo,
825 3132 932 3189 lioc
953 3134 1043 3190 est
1061 3135 1325 3190 carmine
1345 3135 1404 3190 et
1419 3135 1617 3191 soluta
1639 3136 1925 3207 oratione,
1942 3152 2039 3199 sa-

380 3223 456 3276 lis
480 3222 838 3278 instructum
860 3236 1023 3292 opus,
1040 3223 1275 3293 quodin
1290 3223 1409 3281 tres
1436 3223 1618 3282 libros
1642 3224 1905 3282 divisum
1927 3228 2038 3284 La.

378 3312 607 3366 lei'nam
628 3310 752 3367 sive
772 3310 1468 3383 blatbiampranotaoit,
1496 3314 1559 3369 in
1583 3328 1697 3383 quo
1721 3313 2038 3385 cujusdam

375 3399 625 3456 Μαιὴίίε
655 3400 861 3470 (egroti
888 3401 1206 3471 planctum
1238 3402 1494 3471 Paulus,
1529 3403 1661 3472 ejus
1689 3402 1757 3459 in
1784 3404 2035 3459 Domino

372 3488 687 3558 adoptivus
713 3488 915 3559 ﬁlius,
957 3489 1282 3560 artiﬁciali
1326 3489 1593 3559 quadam
1631 3491 2037 3549 consolatione

374 3576 671 3631 delinieit.
705 3576 977 3646 Scripsit
996 3577 1179 3633 etiam
1201 3577 1283 3635 ad
1299 3578 1573 3634 sanctam
1599 3578 2035 3649 Hildegarde-m

372 3663 740 3721 abbatissam
761 3664 924 3735 apud
942 3666 1196 3735 Bingios
1227 3665 1539 3735 epistolam
1568 3680 1769 3736 unam,
1798 3667 1880 3723 ad
1897 3682 2036 3726 san-

372 3752 529 3807 ctum
562 3752 827 3808 Ottonem
857 3753 1190 3824 episcopum
1228 3752 1722 3825 Bambergensem
1750 3755 2034 3826 epistolas

366 3844 590 3913 plures,
627 3842 709 3898 ad
752 3842 1092 3898 l’olmarum
1132 3841 1403 3898 abbatem
1450 3842 1633 3913 hujus
1678 3844 2034 3904 monasterii

373 3931 839 4002 Hirsa‘ugiensis
863 3931 1144 4002 epistolas
1154 3932 1386 4002 plures,
1411 3931 1494 3986 ad
1514 3931 1670 3989 alios
1690 3946 1924 4004 quoque
1945 3933 2033 3989 di-

370 4034 568 4077 rersos
579 4020 867 4090 epistolas
886 4020 1172 4077 similiter
1182 4021 1407 4092 plures.
1424 4022 1742 4079 Sermones
1759 4021 2036 4080 etiamad

369 4108 685 4166 monac/les
713 4123 850 4166 suos
882 4109 942 4165 et
967 4109 1251 4166 licini/ias
1279 4123 1395 4167 non
1420 4110 1784 4180 spernendae
1818 4110 2028 4166 edidit.

375 4198 601 4253 Cretera
620 4212 753 4269 qure
774 4198 1099 4270 compos-uit
1118 4198 1200 4255 ad
1218 4198 1432 4255 nostra
1457 4198 1727 4257 lectionis
1751 4199 2035 4257 notitiam

368 4288 615 4343 minime
652 4287 955 4343 eenerunt.

442 4375 707 4446 Epistola
742 4391 851 4432 una
886 4379 1112 4431 tantum
1144 4379 1360 4445 exstat,
1398 4389 1731 4431 sermonum
1764 4378 1820 4431 et
1855 4374 2035 4432 homi-

371 4462 577 4520 liarum
602 4463 821 4520 nullum
846 4464 1191 4534 vestigium;
1226 4479 1295 4518 uc
1321 4479 1470 4535 opus
1501 4462 1734 4534 quidem
1760 4479 1789 4520 a
1812 4463 2037 4521 Trithe-

2147 1982 2390 2039 aliorum
2410 1983 2652 2054 scriptis
2670 1988 3041 2055 comportare
3060 1989 3293 2056 posset;
3315 1986 3406 2041 cui
3428 1986 3580 2041 inter
3597 1985 3795 2041 varias

2144 2073 2341 2129 saeculi
2367 2089 2420 2129 χι
2445 2077 2501 2129 et
2528 2088 2605 2129 xu
2627 2073 2903 2129 historias
2930 2073 3291 2130 universales
3323 2075 3569 2145 primum
3599 2075 3794 2132 locum

2142 2177 2364 2217 summo
2390 2161 2521 2231 jure
2549 2162 2811 2217 tribuere
2834 2161 2971 2216 mihi
2995 2162 3217 2218 videor.
3247 2164 3306 2218 In
3329 2163 3438 2218 hoc
3465 2167 3793 2234 occupatus

2145 2250 2249 2305 iuit
2272 2265 2469 2321 opere,
2492 2255 2551 2306 ut
2578 2250 2703 2321 ipse
2729 2250 3038 2321 profitetur
3062 2246 3274 2321 (27),'a.
3303 2255 3469 2318 1099;
3495 2266 3685 2322 neque
3712 2256 3794 2309 ta-

2142 2354 2267 2394 men
2294 2344 2409 2393 tam
2434 2339 2593 2395 brevi
2629 2343 2890 2410 tempore
2916 2339 2971 2394 id
2997 2339 3323 2395 absolvisse
3354 2338 3654 2409 putandus
3672 2345 3789 2395 est.

2141 2429 2276 2483 Nam
2301 2431 2499 2483 textus
2523 2429 2627 2482 hac
2652 2427 2909 2481 editione
2936 2426 3199 2496 quamvis
3225 2426 3651 2484 minutissimus
3674 2428 3795 2499 ple-

2144 2530 2384 2587 rumque
2419 2515 2571 2585 typis
2600 2530 2921 2586 expressus
2952 2520 3054 2570 180
3081 2514 3281 2585 explet
3307 2514 3578 2585 paginas;
3612 2517 3795 2572 Ekkc-

2144 2603 2309 2660 hardi
2340 2618 2481 2659 vero
2516 2603 2700 2659 codex
2726 2602 3127 2674 autographus
3151 2602 3264 2673 ('28)
3291 2603 3428 2659 l‘olia
3460 2603 3589 2675 plus
3622 2619 3794 2675 quam

2146 2692 2393 2748 ducenta
2442 2691 2755 2747 continuit.
2810 2691 2933 2761 llic,
2988 2705 3158 2760 quem
3199 2705 3437 2747 numero
3467 2693 3488 2747 Ι
3521 2692 3795 2761 iudicavi,

2147 2796 2298 2837 nunc
2339 2780 2393 2835 iu
2442 2780 2797 2835 bibliotheca
2839 2779 3243 2835 univcrsitatis
3280 2780 3545 2838 Jenensis
3581 2786 3798 2849 exstat,

2124 2869 2281 2924 olim
2311 2884 2451 2924 vero
2479 2868 2583 2924 fuit
2614 2867 3001 2922 «monasterii
3026 2867 3221 2923 Sancti
3246 2866 3537 2925 Michaelis
3562 2868 3617 2924 iu
3642 2884 3803 2926 mou-

2147 2961 2204 3011 te
2231 2972 2409 3028 prepe
2432 2955 2786 3025 Babenbei-g.
2811 2976 2838 3007 »
2866 2955 3020 3010 Folia
3049 2956 3311 3026 quaedam
3332 2957 3528 3013 excisa
3550 2971 3679 3014 esse
3699 2959 3805 3014 do-

2151 3046 2364 3109 lemus;
2389 3049 2665 3116 caeterum
2690 3043 3003 3112 genuinum
3021 3048 3077 3099 et
3099 3045 3328 3100 nonnisi
3353 3045 3553 3116 paucis
3574 3047 3803 3103 mendis

2148 3148 2447 3205 aspersum
2478 3134 2701 3204 praibet
2726 3137 2967 3203 textum,
3003 3132 3231 3204 qualem
3264 3133 3638 3191 Ekkehardus
3665 3151 3803 3207 pro-

2150 3223 2273 3293 pria
2302 3238 2471 3278 manu
2504 3221 2785 3291 exaravit,
2813 3221 2946 3278 hinc
2972 3223 3103 3279 inde
3128 3222 3337 3279 leviter
3369 3224 3625 3280 correxit
3655 3240 3802 3281 nou-

2149 3310 2437 3381 nullisque
2461 3311 2875 3366 additameutis
2899 3310 3078 3367 auxit.
3099 3311 3329 3367 Librum
3350 3312 3636 3382 integrum
3662 3328 3797 3371 cum

2147 3398 2293 3454 intra
2326 3398 2585 3469 edamus,
2614 3398 2986 3454 materiarum
3012 3398 3475 3471 dispositionem,
3509 3415 3798 3457 annorum

2146 3488 2670 3559 computaudorum
2714 3488 3018 3557 rationem,
3067 3488 3296 3559 aliaque
3340 3488 3551 3559 quibus
3590 3496 3801 3547 auctor

2144 3575 2506 3645 diligentiam
2534 3575 2950 3645 solertiamun
2975 3576 3263 3647 probavit,
3291 3576 3545 3633 lectores
3569 3576 3679 3649 ipsi
3709 3580 3800 3649 ju-

2144 3666 2357 3721 dicent.
2388 3664 2788 3721 Subsidiorum
2814 3668 2869 3719 et
2902 3679 3141 3721 numero
3164 3668 3220 3719 et
3245 3665 3533 3735 gravitate
3567 3670 3794 3722 tantum

2145 3769 2256 3809 non
2288 3768 2489 3809 omnes
2524 3752 2611 3807 sui
2656 3752 2954 3822 temporis,
2992 3752 3104 3809 imo
3137 3753 3448 3825 plerosque
3482 3754 3652 3809 medii
3687 3755 3794 3811 aevi

2142 3842 2483 3913 scriptores,
2510 3841 2555 3896 si
2581 3840 2947 3909 Sigebcrtum
2972 3840 3133 3897 illum
3157 3841 3615 3899 eruditissimum
3639 3843 3795 3899 exci-

2142 3931 2287 4001 pias,
2324 3929 2643 3985 antecellit.
2676 3930 2811 3985 Nam
2838 3929 2972 4001 (20),
3000 3934 3061 3985 ut
3090 3931 3458 4002 antiquitatis
3486 3931 3790 3988 historiam

2144 4019 2489 4085 illustraret,
2534 4022 2751 4088 praeter
2792 4018 3071 4075 Chronica
3115 4019 3444 4089 Hieronymi
3486 4019 3618 4090 (30),
3655 4021 3791 4075 Prc-

2143 4108 2298 4179 spcri
2327 4106 2772 4178 (31),.Iordanis,
2800 4106 3007 4162 Isidori
3032 4114 3091 4163 et
3116 4107 3303 4178 Bedaa,
3328 4108 3503 4164 etiam
3532 4108 3790 4179 Scriptu-

2145 4211 2264 4252 ram
2307 4209 2531 4253 sacram
2568 4194 2699 4266 (32),
2733 4196 3044 4267 Josephum
3085 4198 3163 4252 De
3206 4196 3654 4268 antiquitatibus
3695 4199 3788 4253 Ju-

2144 4284 2327 4341 daicis
2350 4289 2405 4340 et
2432 4284 2502 4341 de
2528 4283 2680 4340 bello
2707 4284 2968 4355 .Iudaico,
3003 4285 3236 4340 Eusebii
3269 4285 3577 4342 Historiam
3608 4284 3787 4342 eccle-

2146 4375 2439 4430 siasticam
2463 4389 2535 4429 ex
2560 4372 2946 4430 translatione
2968 4377 3177 4430 etcum
3210 4374 3647 4430 continuatione
3677 4375 3780 4429 Ru-

2150 4462 2265 4533 lini,
2291 4461 2628 4519 Tertulliani
2655 4462 2789 4533 (33),
2818 4461 3146 4533 Hieronymi
3173 4461 3307 4533 (34),
3335 4461 3641 4532 Augustini
3674 4461 3781 4547 (35)

1963 4560 2165 4620 NOTJ"?
2183 4604 2193 4614 .

367 4634 630 4690 monium
667 4632 768 4689 illi
805 4632 1181 4703 perbibenles
1221 4631 1383 4703 quod
1403 4634 1461 4701 ﬁ

369 4705 747 4759 conversatus
789 4705 911 4759 tam
950 4704 1158 4759 lionori
1198 4703 1389 4759 oestro
1427 4718 1611 4772 quam
1646 4703 2022 4761 utilitatibus

368 4776 590 4831 nostris
613 4788 726 4829 non
745 4776 1008 4842 segniter
1030 4775 1316 4831 bactenus
1334 4789 1447 4845 per
1478 4774 1678 4830 omnia
1709 4776 2022 4834 insultave-

366 4848 466 4901 rit.
493 4847 668 4901 Nunc
697 4846 917 4914 autem,
942 4846 1009 4901 ut
1026 4846 1378 4902 omnimodis
1400 4845 1679 4914 aﬂrmat,
1707 4845 1899 4903 obitus
1922 4849 2023 4905 sui

366 4917 742 4973 eicinitatem
754 4918 1197 4986 pertimescens,
1212 4918 1277 4972 in
1297 4918 1486 4972 reslro
1507 4931 1614 4974 san
1624 4917 1885 4973 ctissime
1909 4920 2023 4975 col-

370 4988 520 5059 legio
537 4988 1256 5059 potissimeacnocissime
1278 4989 1541 5045 ini-leniri
1563 4988 1885 5046 desiderat.
1917 4992 2022 5047 Va-

463 5057 553 5128 25)
590 5059 666 5113 De
710 5060 803 5113 SS.
838 5058 981 5113 eccl.
1017 5057 1052 5113 l.
1091 5059 1127 5112 ι.

463 5134 553 5199 26)
588 5130 794 5201 Chron.
830 5130 1092 5201 Ilirsaug.
1130 5129 1203 5201 (af.
1234 5132 1411 5199 1559),
1448 5145 1499 5200 p.
1542 5134 1658 5185 129.

462 5201 553 5269 27)
589 5199 709 5273 Col.
744 5205 839 5273 071
881 5220 893 5255 :
939 5200 1316 5273 temporaque
1345 5199 1696 5273 pontiﬁcum
1734 5202 2021 5258 Romano-

367 5284 503 5323 rum
531 5300 600 5311 -
629 5270 702 5328 ab
743 5271 851 5329 hoc
880 5286 1034 5328 anno
1068 5272 1121 5327 d.
1160 5270 1329 5327 iftoo
1348 5270 1429 5311 ⁷-
1457 5270 1646 5341 usque
1676 5272 1741 5328 in
1770 5273 2021 5329 millesi-

368 5354 528 5394 munt
558 5344 1000 5413 nonagesimum
1026 5356 1244 5399 nonum
1281 5341 1543 5414 ejusdem
1579 5342 2021 5400 incarnationis

369 5425 593 5465 annum
622 5415 898 5470 seriatim
914 5415 1205 5485 perduxi,
1235 5415 1302 5472 Α.
1332 5413 1385 5468 d.
1412 5414 1454 5485 i.
1485 5416 1640 5485 1057.
1686 5443 1742 5452 —
1773 5414 2021 5471 Heinri-

368 5495 569 5556 cns—
595 5497 850 5554 regnare
898 5486 1088 5555 carpit,
1124 5486 1185 5539 et
1216 5484 1457 5555 quando
1503 5484 1624 5540 liceo
1666 5485 2019 5556 conscriptio

352 5552 673 5634 ίαςέίέβέίὶ
704 5569 858 5634 “RW?
891 5552 992 5634 4:2“
1013 5552 1306 5634 νθθνξαίξίς
1597 5626 1685 5634 ._-

443 5622 555 5697 (28)
587 5622 747 5697 Quod
770 5626 885 5697 jam
912 5622 1101 5694 Perti,
1132 5626 1359 5682 Archiv.
1380 5626 1493 5696 VII,
1515 5640 1567 5695 p.
1587 5626 1707 5693 472,
1728 5624 2013 5697 probavit.

442 5692 555 5765 (20)
589 5695 725 5761 Qua:
761 5692 829 5750 (te
866 5692 1120 5752 fontibus
1175 5698 1440 5753 Chronici
1480 5692 1885 5766 'Usperg'ensis
1938 5696 2021 5751 di-

370 5772 679 5838 sputarunt
723 5768 960 5821 Gretscr
1002 5767 1129 5838 (Op.
1165 5768 1328 5836 XVII,
1365 5784 1417 5838 p.
1452 5771 1563 5838 75),
1610 5768 1831 5822 Scmlcr
1860 5766 2019 5835 (Ver-

371 5836 530 5909 sueh,
566 5851 616 5906 p.
653 5841 797 5909 120),
832 5841 891 5891 ct
922 5836 1327 5909 Schumachcr
1353 5836 1679 5906 (Bcitrzegc,
1718 5855 1771 5908 p.
1805 5841 1892 5907 43,
1928 5841 2015 5909 44)

373 5904 482 5961 huc
516 5904 843 5977 pertinent;
878 5907 981 5962 sed
1024 5922 1143 5962 rem
1183 5908 1367 5978 magis
1398 5904 1815 5979 perturbarunt
1846 5904 2015 5980 quam

1462 4632 1673 4687 deliter
1721 4632 2023 4690 nobiscum
2052 4638 2102 4697 1)
2137 4632 2273 4701 teat,
2326 4631 2533 4701 rigeat
2572 4630 2631 4686 et
2660 4633 2725 4687 in
2754 4630 3038 4686 aeternum
3084 4645 3283 4687 coram
3335 4629 3573 4689 Christo
3617 4629 3781 4701 visat

2133 4700 2429 4760 sanetilas
2459 4702 2678 4769 cestra,
2713 4702 2987 4757 inueniat
3012 4704 3192 4758 etiam
3216 4715 3371 4758 nunc
3392 4702 3449 4757 et
3466 4714 3689 4771 semper
3717 4700 3780 4754 in

2132 4776 2442 4843 conspectu
2478 4774 2668 4827 oestro
2702 4773 2974 4842 gratiam
3014 4773 3331 4830 humilitas
3370 4772 3606 4843 nostra.
3637 4772 3775 4843 Nota

2134 4841 2286 4921 quod
2307 4844 2685 4921 lihkebardus
2707 4841 3052 4921 neutiquam
3068 4844 3322 4914 seipsum
3344 4842 3663 4921 IIirsaugite
3688 4841 3778 4896 de-

2130 4912 2329 4985 guisse
2363 4915 2612 4984 indeque
2642 4914 2949 4983 Uraugiam
2981 4912 3221 4971 missum
3246 4928 3375 4969 esse
3406 4912 3565 4969 dicit.

2130 5057 2523 5112 exnlicaruut.

2227 5135 2314 5200 30)
2348 5130 2636 5200 Integram
2654 5127 2771 5181 fere
2793 5126 3191 5200 priefatiouem
3217 5126 3417 5200 exhoc
3441 5124 3767 5194 descripsit.

2227 5142 2314 5200 30)
2348 5142 2636 5196 Integram
2654 5142 2771 5181 IOI‘C
2793 5142 3191 5252 praelationem
3217 5142 3288 5181 ex
3310 5142 3417 5205 nec
3441 5142 3767 5194 acscrnpsn.

2226 5204 2314 5269 3t)
2351 5198 2672 5253 Chrouieon
2716 5200 2783 5269 ad
2834 5198 2981 5254 ibuit
3012 5204 3128 5253 tam
3162 5197 3314 5267 quod
3346 5197 3546 5252 dicunt
3577 5210 3771 5251 consu-

2132 5270 2252 5342 lare
2287 5268 2456 5342 Quam
2500 5268 2820 5342 imperiale.
3162 5338 3174 5342 _
3351 5339 3367 5342 _
3436 5335 3446 5342 _
3676 5338 3681 5342 Δ
3733 5333 3767 5342 η

2203 5333 2318 5411 (32)
2351 5340 2449 5395 Cui
2479 5333 2625 5411 adde
2657 5339 2868 5396 librum
2901 5338 3318 5411 apocryphum,
3342 5335 3501 5393 Judai
3524 5333 3768 5408 apostoli

2129 5409 2436 5482 epistolam
2476 5409 2605 5479 (col.
2633 5412 2790 5482 502).

2225 5485 2313 5560 33)
2348 5482 2518 5560 Infra,
2554 5480 2664 5560 col.
2697 5480 2818 5537 045.
2990 5557 2997 5560 _
3082 5552 3092 5560 Α
3230 5550 3240 5560 .
3313 5551 3347 5560 _
3438 5548 3448 5558 .
3494 5548 3505 5560 _

2225 5485 2313 5553 33)
2348 5483 2518 5549 Infra,
2554 5483 2664 5537 col.
2697 5483 2818 5537 645.
3692 5546 3700 5554 ,
3734 5545 3742 5554 ,

2201 5483 2312 5624 (34)
2346 5552 2699 5630 Praisertinr
2714 5552 3194 5630 commentarium
3227 5550 3290 5630 in
3312 5548 3601 5630 Danielem
3648 5545 3769 5630 dili-

2128 5622 2334 5693 genter
2365 5623 2583 5679 evolvit
2615 5623 2711 5691 (cf.
2747 5624 2856 5679 col.
2884 5628 2985 5679 545
3016 5629 3204 5694 sqq);
3238 5622 3327 5677 bis
3357 5622 3534 5675 etiam
3566 5622 3765 5694 comunt

2130 5688 2185 5751 in
2238 5696 2442 5769 Isaiam
2494 5688 2935 5769 respexi_t_(col.
2988 5688 3299 5769 50οίξ541),
3354 5688 3766 5769 ροδῑθψξξΐΐςιιξι

2127 5782 2333 5823 comm.
2366 5758 2639 5823 Marcum.
2684 5764 2779 5821 ubi
2813 5758 3071 5821 fortasse
3098 5758 3518 5822 Mattha‘auum
3565 5758 3764 5816 iutclli.

2126 5808 2903 5964 έὲἰὶἓὶὶὶιῖἲὲὲῐῖ’Ὴίχῒέηὸῖῖ
2919 5808 3096 5908 bis").
3429 5808 3460 5819 “
3698 5900 3707 5909 _

2200 5910 2312 5964 (35)
2344 5911 2566 5964 Ρινεθιριθ
2589 5923 2734 5964 onus
2796 5923 2825 5964 e
2848 5907 3087 5964 civitate
3109 5909 3230 5964 Dei.
3257 5919 3421 5964 ciuus
3450 5904 3707 5964 uraesertr

2200 5910 2312 5980 (35)
2344 5911 2566 5966 Praater
2589 5923 2734 5980 Opus
2757 5904 2825 5965 de
2848 5904 3087 5966 civitate
3109 5906 3230 5977 Dei,
3257 5906 3421 5977 cujus
3450 5904 3763 5976 praesertim
