3894 6398
102 374 214 447 415

1270 376 1712 447 GHRONIGA.
1744 411 1823 431 -
1851 375 2337 447 PROiEMIUM.

3381 354 3502 429 416

106 508 429 585 bergensis,
455 508 553 585 qui
587 524 740 572 nunc
770 524 910 571 vero
940 510 1311 574 bibliotheca
1344 513 1743 575 Carlsruhanm
1772 513 1828 576 A
1859 512 1991 573 nico
2016 509 2475 586 Wirziburgensi
2506 509 2781 584 leguntur
2810 504 2890 567 ita
2932 507 3214 581 provocat
3260 500 3397 578 (82),
3430 501 3497 562 ut

106 599 303 659 illatus
334 605 425 658 est
460 598 597 673 (77),
632 600 835 659 ultima
884 601 1057 673 hujus
1100 604 1369 663 Chronici
1416 620 1572 678 pars,
1608 606 1680 662 ab
1712 619 1743 662 a

107 686 236 744 inde
267 691 406 746 1057
451 688 806 760 continetur,
838 704 1021 761 eaque
1054 691 1254 762 forma,
1290 706 1459 763 quam
1490 692 1743 751 omnium

108 790 231 833 esse
261 776 739 849 antiquissimam‘
778 778 946 835 facile
995 783 1087 835 est
1132 779 1452 836 intellectu.
1484 782 1621 838 Nam
1650 781 1744 838 hic

111 868 322 935 textus,
357 879 527 937 quem
555 868 624 924 Α.
660 865 969 938 nominavi,
1005 866 1075 923 iis
1125 872 1282 924 caret
1318 869 1743 927 mutationibus

108 952 620 1027 additionibusque
650 969 793 1027 quas
821 955 1198 1015 Ekkehardus
1243 956 1298 1014 in
1346 958 1549 1016 codice
1582 962 1745 1016 auto-

107 1041 323 1115 grapbo
371 1042 473 1116 (1.)
521 1046 726 1115 postea
777 1043 1071 1102 faciendas
1109 1044 1392 1116 judicavit
1435 1047 1569 1118 (78).
1600 1047 1741 1104 Post

110 1142 158 1185 a.
194 1133 328 1189 1099
360 1131 555 1189 brevis
583 1130 810 1203 adjecta
842 1136 932 1189 est
966 1147 1015 1189 a.
1052 1138 1192 1191 1100
1235 1138 1291 1190 et
1341 1139 1471 1192 1101
1509 1136 1740 1205 notitia,

108 1219 226 1277 sive
257 1220 329 1276 ab
358 1218 722 1291 Ekkehardo,
748 1221 872 1278 sive
890 1236 920 1277 a
944 1222 1165 1279 codicis
1190 1224 1477 1296 scriptore
1511 1225 1586 1281 sit
1610 1240 1746 1282 con-

108 1309 272 1366 fecta.
302 1340 372 1350 —
403 1309 464 1365 In
498 1310 704 1367 eodem
736 1325 875 1367 vero
906 1308 1199 1367 volumine
1239 1313 1371 1370 huic
1418 1314 1743 1384 fragmento

109 1396 498 1470 praemittitur,
526 1396 637 1455 alia
661 1397 764 1454 sed
786 1412 979 1455 coaeva
1024 1413 1191 1456 manu
1216 1400 1398 1457 nitide
1432 1402 1741 1473 scriptum,

110 1484 279 1540 breve
311 1497 505 1541 rerum
535 1484 669 1540 inde
702 1485 774 1540 ab
805 1485 947 1541 orbe
977 1486 1214 1543 condito
1245 1492 1543 1556 gestarum
1569 1488 1745 1546 Chro-

109 1572 293 1641 nicon,
323 1570 393 1628 ad
422 1585 635 1628 annum
689 1586 869 1644 usque
901 1576 1037 1630 1057
1069 1573 1402 1647 deductum,
1437 1576 1516 1633 ita
1549 1580 1611 1633 ut
1644 1574 1742 1632 illa

108 1659 526 1716 Ekkehardiani
550 1658 685 1715 libri
709 1661 997 1733 particula
1019 1661 1127 1719 hoc
1150 1663 1573 1734 quodammodo
1590 1664 1745 1721 exci-

108 1761 240 1820 pere
270 1747 559 1805 videatur.
596 1749 766 1805 Certe
806 1764 919 1806 non
967 1749 1208 1807 fortuito
1252 1754 1565 1825 utrumque
1609 1768 1745 1811 con-

1857 602 2110 660 alienum
2144 617 2292 675 opus
2322 601 2462 660 satis
2483 604 2686 673 aperte
2714 598 2972 656 indicare
2995 595 3281 653 videatur.
3308 592 3499 660 Quare

1860 691 2185 749 Chronicon
2208 691 2701 760 Wirziburgense,
2727 686 2880 759 quod
2911 685 3087 743 etiam
3116 682 3347 753 longius
3378 694 3503 753 per-

1857 780 2097 837 ductum
2131 779 2309 837 fuisse
2341 779 2478 835 alibi
2508 777 2842 849 suspicatus
2871 788 3001 832 sum
3025 772 3138 844 (83)
3164 770 3434 843 quodque
3468 782 3500 825 a

1854 867 2125 939 pluribus
2158 867 2331 924 medii
2380 866 2487 923 aevi
2538 864 2930 937 scriptoribus
2985 861 3098 934 (84)
3146 860 3360 917 lectum
3409 864 3500 916 est

1854 960 2031 1028 atque
2080 955 2462 1027 exscriptum.
2498 967 2610 1011 non
2640 953 2793 1009 inter
2823 964 2999 1024 opera
3032 949 3135 1006 sed
3168 947 3323 1005 inter
3355 960 3502 1020 prai-

1854 1046 2062 1117 cipuos
2118 1042 2443 1102 Ekkebardi
2504 1044 2694 1099 fontes
2752 1037 3120 1098 referendum
3174 1039 3317 1111 puto
3362 1036 3497 1108 (86).

1855 1134 2046 1200 Quare
2094 1148 2303 1191 nomen
2351 1131 2538 1204 ipsius
2569 1132 2901 1202 p.17—32
2947 1126 3225 1186 editionis
3278 1128 3499 1182 nostrae

1855 1222 2112 1279 lectores
2143 1220 2375 1278 deleant
2414 1220 2605 1276 velim.

1922 1311 2047 1366 Jam
2079 1322 2219 1366 vero
2260 1308 2332 1365 ad
2361 1306 2764 1365 Ekkehardum
2798 1309 3179 1363 revertamur.
3225 1304 3350 1360 Non
3399 1299 3498 1358 diu

1854 1397 2007 1454 enim
2036 1397 2093 1453 in
2122 1410 2299 1469 opere
2344 1396 2446 1451 illo
2505 1394 2820 1467 acquievit,
2853 1393 2955 1451 sed
3013 1407 3147 1449 mox
3204 1390 3261 1447 id
3313 1393 3501 1447 retra-

1851 1484 2125 1543 ctandum
2148 1489 2205 1541 et
2232 1483 2689 1542 continuandum
2721 1480 3003 1553 suscepit.
3033 1483 3196 1537 Anno
3226 1481 3355 1534 1101
3386 1478 3502 1534 iter

1854 1572 1913 1629 in
1961 1577 2178 1629 terram
2241 1576 2501 1629 sanctam
2569 1570 2847 1642 suscepit,
2902 1568 3174 1639 sequenti
3226 1580 3500 1623 reversus

1852 1662 2089 1719 Romam
2132 1660 2297 1729 adiit,
2345 1659 2424 1716 ibi
2470 1659 2798 1732 paschalem
2856 1658 3106 1714 bannum
3153 1668 3295 1725 erga
3330 1652 3497 1710 Hein-

1853 1750 2037 1807 ricum
2057 1748 2468 1821 imperatorem
2494 1746 2956 1819 promulgantem
2978 1742 3222 1812 audivit,
3245 1740 3497 1813 indeque

102 1835 359 1907 junctum
406 1851 561 1908 esse,
595 1837 869 1909 putarim,
921 1840 1184 1909 quamvis
1227 1854 1340 1898 non
1391 1842 1563 1898 unius
1611 1856 1741 1899 esse
1769 1866 1825 1928 Β
1855 1837 1912 1893 in
1945 1836 2192 1909 patriam
2225 1849 2535 1906 regressus
2566 1839 2678 1891 est.
2713 1836 2870 1891 Tunc
2902 1831 3081 1889 multa
3112 1830 3346 1887 viderat
3368 1828 3496 1903 ipse

108 1923 299 1995 operis
347 1928 550 1995 partes
597 1924 730 1981 inde
776 1930 995 1997 pateat,
1052 1927 1205 1997 quod
1255 1943 1387 1984 cum
1434 1927 1577 1986 illud
1623 1930 1740 2001 jam

108 2010 353 2068 Heinrici
382 2012 457 2069 IV
485 2012 648 2069 initia
680 2013 915 2084 referat,
950 2014 1057 2071 hoc
1105 2016 1176 2071 ab
1221 2015 1427 2073 iisdem
1480 2017 1738 2090 incipiat,

109 2099 299 2172 sicque
325 2100 479 2157 idem
504 2100 592 2159 bis
613 2101 904 2159 similibus
926 2103 1123 2160 verbis
1142 2102 1389 2174 legatur.
1418 2106 1741 2164 Chronicon

110 2188 245 2245 illud
296 2187 417 2244 dixi
466 2188 963 2262 Wirziburgense,
1010 2206 1079 2248 eo
1129 2193 1285 2264 quod
1331 2194 1741 2266 episcoporum

106 2275 663 2348 Wirziburgensium
680 2277 944 2335 ordinem
970 2280 1184 2351 ubique
1206 2287 1480 2341 accurate
1502 2282 1745 2353 diligen-

108 2368 307 2437 terque
322 2366 641 2423 indioatum
658 2368 1169 2439 reperi.Prasterea
1182 2374 1407 2427 tantum
1424 2387 1537 2427 non
1552 2372 1741 2430 omnia

107 2468 174 2509 ex
193 2453 453 2511 fontibus
476 2455 685 2512 hausta
710 2460 845 2511 sunt
869 2456 1495 2531 notissimis,Josepho,
1515 2460 1739 2532 Orosio,

108 2541 343 2614 Isidoro,
379 2542 554 2613 Beda,
600 2543 762 2600 Pauli
808 2544 1047 2600 Diaconi
1085 2546 1337 2602 Historia
1388 2549 1640 2605 Romana
1685 2554 1740 2605 et

110 2629 639 2702 Langobardorum,
677 2631 1045 2703 Fredegario,
1099 2633 1371 2690 Einhardi
1424 2637 1744 2693 Annalibus

109 2718 310 2789 quibus
344 2719 591 2775 fortasse
625 2717 756 2775 addi
790 2726 1039 2791 possunt
1070 2722 1258 2777 Ruﬁni
1283 2724 1536 2780 Historia
1559 2724 1745 2782 eccle-

108 2806 336 2863 siastica
369 2806 486 2877 (79)
520 2811 581 2862 et
607 2809 777 2864 Gesta
808 2809 1196 2865 Romanorum
1232 2811 1570 2881 pontificum
1597 2813 1743 2884 (80),

108 2908 220 2966 pra:
268 2895 504 2951 caeteris
535 2910 674 2953 vero
707 2896 989 2966 Epitome,
1016 2896 1241 2968 qualem
1292 2914 1363 2953 ex
1410 2901 1742 2958 Herimanni

106 2982 403 3052 Augiensis
434 2982 721 3040 Chronico
755 2984 962 3039 factam
1006 2986 1271 3042 novimus
1304 2985 1438 3058 (81),
1473 2987 1544 3042 ab
1581 2987 1745 3045 initio

106 3085 279 3141 usque
328 3070 399 3128 ad
452 3070 619 3127 finem
673 3071 969 3143 descripta
1022 3078 1129 3129 est.
1175 3074 1256 3130 Ex
1304 3074 1414 3130 hoc
1462 3090 1638 3146 opere
1688 3077 1744 3131 in

1852 1923 1945 1982 vel
1977 1926 2049 1981 ab
2078 1923 2208 1981 aliis
2229 1927 2538 1995 acceperat
2562 1922 2751 1979 relatu
2775 1921 2966 1991 digna,
2992 1924 3135 1976 tunc
3158 1916 3485 1990 praesertim

1854 2011 2308 2084 deexpeditione
2330 2012 2515 2083 prima
2537 2010 2958 2067 cruciferorum
2987 2006 3167 2064 multa
3190 2011 3360 2062 antea
3382 2003 3493 2077 ipsi

1853 2102 2049 2171 ignota
2098 2098 2440 2171 collegerat.
2490 2100 2626 2157 Haec
2670 2095 2875 2170 procul
2936 2095 3116 2153 dubio
3165 2094 3275 2152 fuit
3322 2106 3498 2151 causa

1854 2188 2007 2261 quod
2040 2189 2098 2245 in
2128 2188 2329 2245 codice
2359 2202 2530 2260 quem
2560 2187 2842 2244 habemus
2869 2183 3237 2256 autographa
3269 2196 3321 2240 a.
3355 2184 3495 2241 1098

1852 2282 1912 2333 et
1944 2281 2082 2335 1099
2108 2275 2423 2335 Historiam
2455 2274 2672 2333 delevit
2706 2287 3029 2345 novamque
3050 2285 3293 2344 eamque
3317 2268 3501 2327 fusio-

1855 2380 1977 2424 rem
2024 2380 2218 2423 rerum
2263 2368 2405 2423 tunc
2453 2369 2751 2437 gestarum
2800 2362 3196 2421 narrationem
3243 2371 3496 2416 exorsus

1854 2459 1941 2511 est
1976 2454 2109 2526 (86),
2144 2468 2315 2527 quam
2348 2455 2472 2511 sive
2500 2452 2724 2512 calamo
2754 2452 3031 2509 continuo
3059 2450 3182 2508 sive
3212 2446 3498 2520 temporis

1856 2543 2112 2601 decursu
2141 2543 2212 2600 ad
2259 2556 2310 2599 a.
2348 2557 2530 2614 usque
2577 2542 2716 2599 1106
2765 2538 3151 2598 continuavit.
3204 2538 3320 2594 Hac
3369 2534 3505 2593 libri

1856 2636 2023 2704 parte
2053 2632 2236 2703 magis
2271 2630 2547 2689 Ecclesiae
2572 2631 2748 2701 favet,
2773 2643 2886 2686 non
2908 2626 3163 2685 Heinrici
3199 2625 3508 2697 imperato-

1856 2718 1958 2790 ris,
1979 2719 2083 2776 sed
2108 2718 2361 2777 filiorum
2384 2717 2689 2776 rebellium
2728 2721 2927 2789 partes
2955 2714 3071 2785 agit
3093 2712 3228 2785 (87),
3254 2724 3505 2785 praser'

1856 2808 1959 2863 tim
1985 2807 2250 2879 quintum
2272 2807 2627 2875 Heinricum,
2649 2804 2818 2875 cujus
2849 2804 3052 2877 primae
3085 2802 3266 2859 curia
3298 2814 3329 2859 a
3365 2803 3504 2858 1105

1856 2895 2167 2955 Northusae
2193 2897 2393 2954 aderat
2416 2895 2551 2967 (88),
2573 2894 2851 2951 laudibus
2873 2891 3063 2949 eﬂ'ert.
3089 2889 3305 2947 Eodem
3328 2902 3506 2946 sensu

1856 2989 1997 3042 tunc
2029 2984 2208 3042 etiam
2241 2984 2298 3041 in
2332 2984 2516 3057 prima
2539 2982 2674 3040 libri
2695 2984 2863 3054 parte
2885 2980 3150 3053 quaedam
3174 2977 3269 3036 vel
3290 2975 3508 3035 delevit

1855 3072 1948 3130 vel
1996 3074 2241 3131 mutavit
2294 3072 2431 3145 (89),
2482 3072 2616 3129 hinc
2660 3070 2794 3127 inde
2841 3069 3019 3127 etiam
3062 3079 3326 3125 errorem
3375 3079 3505 3124 cor-

106 3158 416 3215 Ekkehardi
437 3159 760 3216 Chronicon
776 3159 1107 3217 universale
1122 3162 1545 3233 quamplurima
1563 3168 1747 3220 trans-
1780 3216 1823 3233 η
1858 3160 2007 3218 rexit
2036 3160 2180 3233 (90).

106 3246 234 3302 iissc
266 3251 424 3319 patet
461 3252 724 3319 aspectu.
762 3250 899 3305 Cum
950 3263 1087 3305 vero
1139 3216 1372 3305 eosdem
1404 3251 1745 3322 plerumque
1778 3216 1826 3278 Ο
1929 3216 2366 3322 ΝθᾷυθΙιθωθη
2414 3250 2468 3306 in
2519 3249 2611 3307 his
2658 3248 2927 3307 substitit
2974 3250 3201 3304 auctor.
3235 3243 3507 3302 Heinrico

107 3335 288 3392 fontes
314 3335 367 3392 in
399 3340 651 3407 utroque
671 3351 847 3408 opere
872 3336 1168 3393 adhibitos
1191 3338 1469 3410 viderem,
1487 3340 1745 3397 eamdem

104 3423 216 3479 fere
248 3438 448 3479 rerum
478 3423 971 3496 disponendarum
1016 3426 1301 3481 rationem
1350 3425 1747 3499 deprehende-

103 3526 239 3582 rem,
264 3511 520 3583 denique
552 3517 865 3584 utrumque
900 3528 1011 3568 uno
1044 3512 1335 3570 volumine
1367 3515 1741 3586 conjunctum

104 3598 437 3671 invenirem,
475 3614 677 3672 parum
708 3601 912 3656 aberat
944 3600 1080 3671 quin
1130 3603 1304 3657 etiam
1339 3603 1485 3658 hanc
1520 3604 1746 3661 brevio-

105 3700 218 3743 rem
261 3687 568 3745 historiam
619 3686 958 3744 Ekkehardo
1008 3689 1377 3745 tribuendam
1428 3705 1557 3747 esse
1606 3691 1743 3747 mihi

109 3776 536 3846 persuaderem.
567 3776 775 3832 Obstat
796 3780 987 3832 tamen
1007 3776 1161 3847 quod
1192 3792 1379 3848 neque
1409 3778 1744 3850 Fredegarii

105 3864 595 3921 continuationem
612 3878 798 3935 neque
816 3865 988 3922 Gesta
1004 3865 1744 3937 pontiﬁcumRomanorum

106 3951 159 4007 in
182 3966 385 4023 magno
407 3951 694 4008 Chronico
718 3952 1055 4009 adornando
1078 3953 1456 4010 Ekkehardus
1478 3954 1742 4020 adhibet;

106 4054 226 4110 quae
258 4041 354 4097 vix
388 4039 774 4111 neglexisset,
807 4041 854 4097 si
888 4041 958 4096 ad
989 4056 1193 4097 manus
1225 4041 1555 4109 habuisset;
1590 4044 1742 4113 quod

104 4142 209 4184 non
258 4143 488 4203 semper
538 4127 689 4184 idem
740 4127 886 4185 ordo
934 4128 1204 4200 idemque
1238 4143 1432 4186 sermo
1463 4131 1741 4202 occurrit,

104 4213 345 4290 denique
368 4215 524 4291 quod
544 4213 922 4274 Ekkehardus
945 4216 1126 4275 semel
1148 4218 1220 4275 ad
1241 4231 1307 4274 ea
1332 4231 1459 4289 quae
1483 4216 1538 4274 in
1570 4218 1745 4275 Chro-

1858 3343 2071 3409 quarto
2103 3339 2227 3396 seni
2258 3352 2436 3395 exoso
2466 3340 2796 3395 sucesserat
2832 3334 3066 3406 juvenis
3102 3332 3407 3390 Heiuricus
3437 3331 3502 3388 V.

1859 3426 1977 3498 qui,
2015 3432 2200 3499 patre,
2236 3429 2488 3496 mortuo,
2523 3424 2800 3482 Ecclesiae
2833 3428 2892 3480 et
2946 3421 3175 3493 imperii
3220 3418 3504 3477 unitatem

1856 3514 2171 3571 restituere
2193 3513 2524 3583 videbatur,
2546 3513 2793 3583 ideoque
2815 3524 3041 3568 summo
3062 3508 3270 3580 plausu
3295 3507 3366 3563 ab
3387 3520 3506 3563 om-

1856 3602 2030 3659 nibus
2060 3605 2151 3659 est
2184 3604 2492 3674 exceptus.
2521 3602 2638 3658 Hoc
2669 3600 2845 3657 etiam
2876 3595 3277 3655 Ekkehardum
3303 3593 3503 3664 movit,

1857 3694 1918 3747 ut
1936 3689 2089 3761 style
2104 3689 2359 3762 quietem
2374 3690 2950 3760 denegareteumque
2964 3681 3507 3743 Heinricilaudibus

1857 3776 2260 3836 describendis
2291 3777 2680 3835 libentissime
2707 3778 2967 3834 voveret.
2996 3775 3113 3831 Hoc
3151 3772 3277 3844 ipse
3310 3768 3509 3843 praela-

1856 3867 2018 3925 tione
2051 3867 2384 3941 proﬁtetur,
2411 3881 2582 3938 quam
2614 3864 2886 3923 Heinrico
2919 3861 3171 3921 nondum
3196 3860 3505 3932 imperato—

1857 3968 1942 4025 re,
1967 3955 2080 4012 imo
2111 3969 2249 4025 rege
2283 3954 2379 4012 vix
2411 3953 2757 4025 constituto,
2793 3953 2852 4010 id
2880 3955 2970 4010 est
3002 3965 3057 4008 a.
3086 3952 3224 4006 1106
3245 3946 3341 4006 vel
3364 3949 3505 4004 1107

1859 4043 2143 4115 scriptam
2169 4056 2302 4101 esse
2334 4047 2494 4114 patet
2536 4042 2669 4113 (91).
2702 4042 2861 4098 Hanc
2903 4038 3171 4111 sequitur
3201 4034 3335 4094 anni
3369 4037 3507 4091 1106

1860 4132 2120 4192 Historia
2159 4130 2348 4203 ampla
2378 4135 2456 4201 et,
2482 4130 2596 4187 nisi
2620 4128 2790 4187 valde
2812 4127 3001 4199 fallor,
3026 4128 3083 4184 in
3106 4124 3315 4184 mediis
3339 4122 3508 4181 moti-

1860 4221 1969 4279 bus
2000 4219 2244 4293 scripta.
2272 4218 2414 4275 Nam
2436 4217 2769 4275 Heinricum
2785 4216 2857 4274 IV
2878 4214 3076 4274 verbis
3097 4209 3505 4274 acerbissimis

1666 4324 1868 4383 NOTAE
1882 4366 1898 4385 .

189 4443 278 4509 77)
309 4441 375 4498 ν.
412 4439 584 4509 infra,
618 4439 734 4496 col.
766 4439 889 4497 465.

188 4509 276 4582 78)
307 4513 373 4569 ν.
416 4526 468 4569 a.
506 4513 663 4582 1072,
696 4512 855 4580 1085,
886 4510 1047 4576 1096,
1081 4510 1237 4579 1097,
1273 4509 1429 4567 1098.
1479 4513 1632 4567 1099.

187 4582 276 4641 79)
309 4582 434 4641 Col.
468 4583 592 4638 472.

189 4652 280 4712 80)
313 4652 435 4712 Col.
479 4654 601 4707 482.

189 4720 277 4792 81)
310 4726 375 4781 V.
414 4724 562 4780 Mon.
592 4720 685 4778 SS.
718 4721 784 4792 V,
821 4736 875 4792 p.
906 4724 993 4778 73.

189 4763 280 4873 89)
312 4763 565 4873 6613325
579 4763 928 4873 ,ξ’
940 4763 1747 4873 ξιᾶιίὒςιεᾴρῃιειιγοηίσέεήαηρ

99 4860 357 4924 ποῖαίίθν.
393 4860 672 4935 δθᾳυὶιιῑν
701 4861 857 4935 quod
890 4860 990 4935 ibi,
1015 4860 1126 4918 col.
1161 4863 1264 4935 473
1298 4863 1421 4935 475,
1448 4866 1743 4931 narratur,

101 4936 190 4994 hic
216 4950 356 4992 vero
378 4931 502 4992 tam
530 4947 659 4991 cum
690 4931 1033 5003 vulgaribus
1066 4931 1378 4989 cantilenis
1409 4946 1581 5004 quam
1613 4946 1745 4990 cum

99 5006 366 5065 Iordanis
399 5004 681 5060 relatione
710 5006 1106 5074 comparatur.

167 5077 377 5204 (33219,
413 5088 540 5147 quae
569 5075 626 5131 in
666 5071 1011 5146 praefatione
1056 5071 1130 5130 ad
1177 5071 1522 5131 annalistam
1574 5072 1748 5133 Saxo-

167 5176 168 5195 ι
298 5163 355 5203 1x
386 5189 400 5202 .

101 5161 224 5205 nem
255 5161 400 5204 αιχι.

169 5219 281 5291 (84)
314 5213 721 5291 A_b“ann_alista
754 5215 981 5291 Saxone
1024 5216 1083 5271 et
1110 5213 1194 5291 _i_n
1224 5212 1552 5291 annalibus
1600 5228 1749 5286 quos

104 5284 300 5367 dicunt
346 5284 1198 5367 Wirziburgenses‘(Mon._§S.
1224 5284 1383 5367 Il,‘p.
1418 5286 1569 5367 239)z
1600 5284 1747 5367 quos

104 5359 318 5416 rectius
355 5355 665 5414 vocaveris
716 5356 769 5410 S.
825 5355 1032 5411 Albani
1083 5355 1474 5424 Moguntinos.
1524 5355 1640 5414 Hos
1690 5356 1745 5413 in

103 5428 421 5486 Annalibus
453 5425 1075 5495 Hildesheimensibus,
1110 5426 1555 5483 Erfortensibus
1599 5431 1660 5485 et
1689 5428 1742 5485 S.

101 5499 373 5571 Dysibodi
404 5497 733 5571 descriptos
763 5495 1093 5571 esse,ga1ibi
1134 5496 1462 5571 ostendam.

168 5565 673 5643 (85)#_Herima_nn_i
719 5580 861 5624 vero
910 5566 1219 5643 nugiensis
1262 5566 1593 5643 phronicon
1630 5565 1747 5643 jam

102 5636 605 5698 int'er'Ekkehardi
639 5639 831 5696 fontes
861 5636 1067 5693 referri
1102 5636 1305 5708 nequit
1335 5637 1433 5708 (of.
1467 5638 1613 5695 Non.
1634 5636 1743 5694 'SS.

104 5708 166 5768 II.
198 5727 253 5787 p.
287 5710 559 5782 238;]!1,
590 5723 648 5783 p.
696 5708 801 5776 20;
847 5707 911 5763 V.
963 5722 1018 5780 p.
1059 5707 1173 5779 73).
1202 5707 1291 5751 ’--
1335 5707 1418 5765 Ex
1465 5708 1749 5770 Chronico

1776 4446 1827 4505 D
1858 4440 2192 4511 Wirziburg
2222 4441 2399 4497 etiam
2431 4452 2631 4510 regum
2654 4441 2713 4496 et
2737 4439 3155 4511 imperatorum
3189 4439 3307 4511 tam
3337 4436 3515 4495 Caro.

1859 4508 2332 4583 lingorumquam
2355 4508 2643 4583 Saxonum
2666 4508 3037 4581 genealogias
3051 4509 3322 4579 sumptas
3343 4521 3480 4565 esse

1851 4570 1974 4653 jam'
2004 4570 2268 4653 supra'n.
2305 4587 2372 4639 59
2402 4581 2545 4653 dixi.
2666 4570 2698 4581 ⁷
2881 4570 2943 4653 _'
2981 4646 2993 4653 _
3024 4646 3036 4653 _
3132 4570 3231 4653 ης,
3390 4570 3504 4653 ω’

1929 4653 2042 4735 (86)
2075 4644 2139 4710 ν·
2196 4653 2368 4735 isfra.
2414 4652 2548 4733 001-.
2580 4655 2705 4735 9.7.2,.
2755 4653 2815 4733 ei
2863 4644 3504 4735 AEQFEY:X"3-B;_‘I?-

1858 4724 2202 4805 Laeszarem
2233 4723 2375 4805 126111.
2400 4738 2551 4805 sea“
2585 4724 2905 4805 Historiam
2928 4688 3504 4805 “assesasses:

1858 4794 1967 4850 nisi
1989 4792 2412 4865 Hierosolymis
2437 4794 2651 4851 librum
2672 4793 2804 4865 ejus
2818 4792 3145 4865 argumenti
3162 4792 3505 4860 invenisset,

1858 4879 2032 4941 quem
2061 4859 2399 4941 exscribere
2428 4865 2664 4941 nolebat
2695 4859 2830 4935 (col.
2865 4859 3051 4941 9711),Δ
3216 4926 3228 4941 ,

1928 4935 2042 5006 (87)
2104 4936 2426 5005 Conradus,
2485 4936 2557 4992 de
2626 4929 2739 5006 quo
2803 4948 2855 5006 a.
2918 4929 3055 4989 1093
3088 4929 3431 5006 scripserat
3491 4947 3504 4984 :

1860 4996 2256 5077 Ultimm-artus
2288 4996 2463 5077 ﬂliz'ts
2504 4996 2886 5077 imperatoris
2903 5032 2971 5042 —
2989 4999 3157 5073 patri
3185 4996 3508 5077 γὲῡθζζαρεξσ

1854 5075 2222 5154 infamatur,
2238 5068 2472 5154 fa.'__1099
2504 5068 2778 5154 laudatur
2809 5074 2894 5154 vir
2924 5068 3030 5154 pe'r
3047 5069 3238 5154 omnia
3258 5068 3510 5128 catholi-

1858 5144 1966 5219 cus
1994 5152 2055 5203 et
2078 5144 2421 5219 apostolicae
2454 5146 2579 5219 sedi
2612 5144 3103 5217 subjectissimus,
3135 5145 3252 5199 etc.

1953 5220 2042 5280 88)
2075 5216 2140 5273 νζ
2175 5216 2344 5287 infra,
2381 5217 2493 5274 col.
2528 5222 2625 5275 991
2647 5259 2660 5273 .

1953 5289 2043 5359 89)
2072 5289 2135 5345 V.
2172 5302 2347 5359 supra
2397 5302 2452 5344 n.
2487 5292 2577 5346 83.

1953 5359 2043 5424 90)
2078 5360 2140 5414 A.
2178 5360 2315 5415 1085
2340 5375 2355 5424 ;
2384 5359 2457 5416 cf.
2489 5372 2541 5414 a.
2570 5362 2725 5415 1072.

1953 5422 2044 5499 91)
2068 5428 2241 5499 Infra,
2256 5422 2367 5485 col.
2384 5433 2507 5486 999.
2523 5431 2661 5485 Tota
2680 5422 3330 5499 praefatioidostendit.
3346 5423 3502 5481 Nota

1862 5494 2189 5569 praesertim
2204 5494 2381 5557 verba
2398 5517 2411 5555 :
2434 5494 2822 5569 Teetaridem
2831 5496 3005 5555 stuic:
3016 5494 3401 5569 impetum
3412 5507 3510 5553 ca-

1853 5563 2355 5642 put—Romanus
2377 5584 2407 5642 a
2431 5568 2654 5642 pulveri
2674 5563 3241 5642 jam_expergiscens
3264 5563 3505 5642 orbis-

1867 5634 2142 5711 Tempus;
2151 5654 2250 5697 am
2267 5634 2496 5699 venisse
2510 5634 2835 5711 miserandi
2854 5634 2954 5711 siti
2977 5634 3295 5711 ιᾶειιῳιιατ,
3312 5634 3384 5692 de
3399 5635 3511 5711 tota

1858 5705 2395 5782 ἰκάοἶεβὶαθθαια
2407 5711 2525 5770 erit
2534 5705 3347 5782 ct—yloriosiorprodmﬁor
3357 5706 3507 5766 tota:
