3894 6468
339 414 455 483 447

1485 416 1969 489 EKKEHARDI
2012 415 2566 492 URAUGIENSIS

3625 420 3767 490 448

344 552 693 628 insectatur,
728 552 915 630 ipsum
950 559 1222 631 tanquam
1252 557 1723 633 haeresiarcham,
1758 565 1989 634 aposta-
2015 558 2072 622 A
2101 556 3060 637 labe/actam,etqualiterdeinde
3081 558 3767 633 Romanumimperium

348 646 485 713 tam,
523 645 845 702 animarum
868 654 1303 718 persecutorem
1327 649 1593 719 omnibus
1616 648 1989 706 contumeliis
2087 664 2202 722 per
2228 655 2624 711 successiones
2662 667 2870 724 regum
2898 652 3078 711 istius
3093 649 3294 722 gentis
3316 648 3765 709 excellentissi-

346 732 581 801 dignum
629 734 825 804 habet,
858 734 1101 806 ejusque
1149 738 1408 793 fautores
1449 738 1678 794 ardenti
1724 750 1988 794 sermone

344 821 717 891 perstringit.
745 822 1121 880 Ekkehardus
1152 828 1291 882 tunc
1324 826 1519 881 Ottoni
1551 825 1984 896 Bambergensi,

346 908 444 980 qui
479 909 600 979 regi
626 909 844 980 juniori
879 926 940 969 se
972 912 1300 985 addixerat,
1335 914 1599 972 adhaesit.
1636 915 1815 982 Quem
1842 930 1988 971 anno

345 999 484 1054 1106
514 1012 645 1055 cum
679 998 808 1056 aliis
854 1000 1011 1071 regis
1056 1000 1268 1073 legatis
1315 1005 1552 1060 Romam
1599 1004 1841 1061 missum
1876 1003 1985 1077 (92)

343 1090 660 1143 comitatus
710 1101 843 1144 esse
888 1089 1147 1161 videtur,
1198 1095 1361 1148 certe
1413 1092 1544 1147 anni
1588 1092 1700 1149 fine
1740 1090 1988 1148 concilio

323 1166 661 1233 'Guastaliis
709 1176 909 1234 habito
956 1178 1143 1235 adfuit
1190 1180 1323 1253 (93).
1361 1180 1461 1238 His
1504 1181 1888 1253 temporibus,
1924 1184 1988 1237 ut

342 1277 521 1335 supra
557 1263 829 1338 vidimus,
863 1266 1045 1325 abbas
1074 1269 1434 1327 constitutus
1465 1273 1557 1326 est
1585 1268 1983 1340 Uraugiensis,

343 1351 401 1407 et
434 1351 714 1425 deinceps
763 1368 877 1412 non
926 1356 1115 1414 solum
1164 1357 1441 1429 epiSCOpo
1491 1358 1594 1415 sed
1635 1358 1812 1415 etiam
1863 1357 1986 1427 regi

342 1440 618 1498 Heinrico
641 1442 687 1497 V
710 1443 1109 1502 familiaritate
1138 1445 1488 1517 conjunctus
1520 1446 1700 1503 fuisse
1727 1445 1981 1503 videtur.

413 1528 640 1586 Etenim
697 1545 801 1587 rex
851 1545 920 1590 eo
978 1537 1239 1607 tempore
1294 1550 1408 1606 quo
1441 1535 1676 1606 nuptias
1705 1549 1835 1591 cum
1869 1533 1985 1590 illia

343 1617 505 1688 regis
533 1617 760 1690 Anglici
793 1618 1206 1681 celebraturus
1236 1628 1365 1679 erat
1398 1622 1739 1680 Ekkehardo
1770 1636 1988 1695 praece-

344 1705 428 1777 pit
459 1710 522 1763 ut
555 1707 972 1779 imperatorum
994 1711 1309 1768 Historiam
1343 1712 1467 1768 sive
1500 1712 1822 1769 Chronicon
1853 1711 1987 1769 inde

344 1808 375 1849 a
409 1793 601 1851 Caroli
631 1794 815 1866 Magni
849 1800 1212 1870 temporibus
1244 1814 1430 1871 usque
1461 1799 1532 1856 ad
1561 1813 1722 1858 suam
1754 1804 1987 1857 aetatem

2095 742 2650 812 megubernaretu/r,
2666 743 2879 800 ceteris
2900 740 3204 816 chronicis
3218 737 3620 796 relationibus
3652 753 3766 795 ea:-

2098 829 2301 900 clusis,
2318 831 2664 903 competenti
2686 829 2973 889 brevitate
2992 841 3182 901 usque
3213 826 3297 884 ad
3328 826 3450 884 hac
3484 827 3766 899 tempora

2099 917 2383 987 digerere.
2431 920 2678 977 Primus
2718 919 2914 991 igitur
2964 916 3116 975 liber
3160 915 3232 973 ab
3279 915 3515 989 origine
3555 914 3768 973 Fran-

2097 1020 2297 1064 corum
2319 1021 2429 1079 per
2458 1022 2709 1080 regnum
2730 1006 2994 1078 ejusdem
3009 1005 3211 1077 gentis
3234 1004 3495 1075 tempora
3516 1003 3763 1063 discur-

2091 1095 2197 1152 rit.
2213 1096 2527 1156 Secundus
2543 1096 2692 1155 liber
2703 1096 2778 1154 ab
2791 1096 3040 1168 imperio
3053 1093 3268 1151 Karoli
3279 1091 3493 1164 Magni
3513 1093 3761 1150 cuncto-

2094 1197 2231 1241 rum
2258 1199 2657 1244 successorum
2686 1185 2817 1256 ejus
2845 1184 3144 1257 regimina
3171 1182 3458 1254 actusque
3487 1180 3763 1239 breviter

2095 1273 2278 1345 atque
2304 1287 2490 1332 annos
2518 1273 2795 1334 includit.
2828 1273 3071 1331 Tercius
3102 1271 3301 1328 autem
3332 1267 3484 1329 liber
3511 1267 3763 1328 orditur

2097 1362 2237 1420 acta
2261 1364 2443 1434 atque
2473 1362 2697 1436 agenda
2722 1362 2904 1434 hujus
2934 1359 3139 1432 quinti
3165 1357 3479 1427 Heinrici;
3495 1371 3608 1430 que
3623 1357 3761 1417 uti-

2062 1454 2067 1461 ·
2094 1465 2236 1508 nam
2264 1465 2381 1509 non
2393 1452 2639 1523 possent
2659 1450 2977 1508 terminari
2997 1449 3205 1522 aliquo
3215 1448 3363 1520 ﬁne,
3389 1448 3500 1504 aut
3525 1446 3761 1505 saltem

2097 1538 2490 1597 terminentur
2485 1538 2830 1612 postmulta
2852 1535 3159 1596 curricula
3179 1548 3490 1606 annormn,
3507 1534 3575 1592 in
3588 1534 3761 1592 bona

2097 1626 2291 1685 etDeo
2324 1625 2463 1685 bene
2490 1626 2843 1700 complacita
2873 1624 3208 1683 senectute!

2169 1715 2375 1787 Incipit
2411 1716 2632 1788 primus
2664 1714 2829 1785 liber,
2859 1718 2922 1769 ut
2946 1728 3120 1784 supra
3147 1710 3459 1781 indicatur,
3484 1708 3759 1781 capitulo

2098 1804 2185 1860 De
2210 1804 2444 1875 origine
2470 1803 2857 1873 Francorum,
2884 1801 3081 1859 verbis
3114 1820 3127 1855 :
3155 1799 3525 1859 Francorum
3543 1798 3761 1871 gentis

344 1888 740 1976 componeret.
786 1885 866 1941 De
917 1901 1038 1976 quo
1077 1887 1265 1960 ipsum
1315 1888 1621 1945 audiamus
1666 1893 1984 1960 auctorem,
2016 1913 2072 1976 Β
2100 1894 2353 1953 exordia
2371 1894 2731 1964 Deaniiqua
2750 1885 3754 1964 Trojanorumprodiereprosapia.

349 1970 447 2041 qui
480 1969 632 2029 libro
664 1972 811 2031 hanc
841 1975 1128 2046 praemisit
1156 1976 1576 2049 praefationem.

420 2127 629 2172 INCIPIT
656 2129 948 2175 PROLOGUS
990 2132 1295 2184 SEQUENTIS
1345 2134 1617 2177 CBRONICI
1647 2119 1665 2153 ⁸
1693 2134 1912 2178 OPBRIS.

427 2237 617 2302 Quam
624 2238 899 2298 libetrem
898 2241 1213 2313 publicam
1226 2243 1375 2301 testa
1382 2244 1479 2301 tur
1497 2244 1582 2302 Tu
1590 2244 1734 2304 llius
1740 2244 1994 2318 felicem

352 2325 494 2395 fore,
520 2327 577 2384 si
603 2327 704 2385 cel
727 2342 766 2385 a
791 2329 1165 2401 sapientibus
1191 2331 1461 2403 regatur,
1486 2346 1580 2390 eos
1609 2332 1718 2404 qui
1748 2346 1877 2390 eam
1902 2345 1992 2389 re-

344 2414 558 2471 aerint
572 2414 810 2473 studere
826 2418 1139 2489 contingat
1154 2421 1484 2492 sapientia,
1506 2423 1637 2479 sine
1656 2435 1778 2493 qua
1798 2421 1994 2494 ipsam

343 2502 769 2571 fortitudinem
781 2508 1209 2579 constatusgue
1219 2510 1301 2566 ad
1310 2523 1517 2566 nomen
1531 2510 1887 2569 temeritatis
1898 2509 1992 2565 de-

341 2607 649 2664 generare.
667 2596 788 2655 Nos
805 2597 997 2669 igitur
1010 2600 1338 2670 impensius
1355 2600 1583 2658 ceeteris
1596 2599 1877 2672 gentibus
1899 2598 1993 2657 de-

350 2679 546 2739 bemus
562 2684 804 2753 gratias
815 2687 935 2742 Deo
945 2687 1195 2759 referre,
1213 2690 1518 2758 quoniam,
1533 2689 1763 2746 sedatis
1771 2687 1993 2759 procel-

351 2767 426 2827 lis
446 2770 667 2841 quibus
697 2773 983 2832 hactenus
1003 2776 1443 2845 quatiebamur,
1463 2777 1741 2848 princeps
1764 2787 1995 2846 magna

348 2859 657 2929 sapientia
673 2874 1013 2934 magnaque
1032 2863 1266 2935 pollens
1293 2864 1655 2923 strenuitate
1684 2863 1766 2921 ad
1779 2863 1992 2937 guber-

350 2947 618 3004 nandum
630 2948 961 3007 Romanum
970 2951 1287 3023 imperium
1299 2952 1559 3023 emicuit,
1569 2954 1667 3010 cui
1679 2953 1792 3009 Dei
1807 2952 1992 3022 dispoc

347 3034 565 3091 sitione
575 3037 887 3095 uniuersus
900 3038 1059 3097 orbis
1073 3041 1197 3097 tam
1207 3042 1508 3098 Romanus
1521 3053 1705 3111 quam
1725 3040 1993 3098 Teutoni-

348 3136 453 3180 cus
479 3125 711 3195 gaudet
727 3126 885 3184 omni
905 3126 1047 3186 nisu
1066 3128 1452 3201 applaudere,
1465 3128 1745 3187 uidelicet
1772 3129 1993 3186 Henri-

2099 1984 2278 2052 Nam,
2309 1987 2423 2039 etc.
2458 1979 2589 2053 (94).
2623 1982 2757 2037 Tam
2789 1980 2911 2037 haec
2944 1993 3114 2050 quam
3157 1976 3462 2048 sequentia
3496 1973 3761 2048 plerum-

2103 2084 2215 2141 que
2253 2084 2385 2128 cum
2424 2068 2749 2127 Ekkehardi
2797 2066 3080 2125 Chronico
3140 2064 3218 2120 ita
3270 2063 3649 2133 conveniunt,
3684 2066 3756 2119 ut

2101 2157 2366 2215 eumdem
2388 2161 2708 2227 auctorem,
2735 2154 2875 2211 licet
2898 2167 3056 2210 more
3089 2166 3196 2209 suo
3229 2165 3435 2207 nomen
3468 2150 3753 2219 tacuerit,

2102 2247 2301 2303 statim
2333 2248 2633 2316 agnoscat.
2669 2242 2910 2301 Accedit
2941 2239 3093 2312 quod
3127 2239 3312 2296 codex
3342 2238 3551 2295 unicus
3580 2236 3758 2296 char-

2102 2339 2219 2391 tam
2251 2349 2478 2407 quoque
2509 2333 2772 2391 continet
2803 2331 2873 2388 ad
2924 2328 3341 2385 monasterium
3386 2325 3755 2396 Uraugiense

2104 2427 2488 2495 spectantem,
2507 2420 2660 2492 quod
2683 2419 2933 2490 denique
2955 2420 3162 2473 auctor
3175 2414 3248 2471 ad
3263 2414 3588 2471 Chronicon
3604 2418 3750 2470 ante

2104 2512 2391 2583 scriptum
2407 2509 2918 2580 diserteprovocat
2937 2505 3070 2577 (95).
3086 2535 3156 2544 -
3170 2502 3354 2573 Hujus
3369 2502 3504 2558 libri
3523 2504 3751 2573 textus,

2105 2615 2273 2670 quem
2306 2601 2363 2655 C.
2400 2597 2708 2667 nominavi,
2737 2594 3001 2667 quamvis
3032 2608 3102 2650 ex
3136 2591 3318 2665 priori
3352 2589 3631 2647 Chronico
3651 2589 3757 2646 de-

2104 2693 2395 2759 sumptus,
2422 2702 2493 2743 ex
2517 2685 2764 2755 singulis
2796 2684 2923 2755 ejus
2956 2681 3250 2753 capitibus
3280 2678 3755 2747 consarcinatus,

2103 2776 2396 2834 interdum
2429 2779 2621 2832 tamen
2651 2774 2723 2830 ab
2755 2772 2854 2828 illo
2888 2769 3133 2827 recedit.
3167 2768 3421 2824 Primum
3467 2766 3616 2823 enim
3677 2781 3758 2822 ex

2104 2862 2394 2934 Sigeberti
2430 2859 2862 2918 Gemblacensis
2901 2856 3184 2913 Chronica
3216 2853 3559 2927 quamplura
3590 2866 3758 2909 rece-

2104 2950 2209 3020 dit,
2239 2951 2452 3022 quibus
2487 2964 2651 3007 suam
2683 2945 2981 3020 ampliavit
3016 2944 3431 3013 narrationem,
3455 2946 3596 2999 tunc
3616 2939 3761 2998 inde

2104 3055 2131 3095 a
2166 3039 2357 3095 medio
2390 3036 2609 3098 suculo
2645 3052 2719 3106 x1,
2746 3039 2971 3092 mutato
3004 3047 3199 3090 rerum
3232 3034 3412 3102 statu,
3443 3029 3756 3087 historiam

2101 3127 2279 3183 etiam
2310 3124 2645 3184 mutandam
2700 3122 2886 3180 duxit.
2924 3121 3231 3177 Heiuricus
3276 3119 3513 3190 quintus
3561 3116 3757 3188 patris

351 3225 449 3268 cus
464 3214 1991 3290 quintusrea:etquartusimperator,circompositus
2023 3267 2067 3290 η
2100 3229 2298 3274 manes
2330 3214 2669 3288 placaverat
2699 3225 3017 3285 pacemque
3052 3209 3205 3265 inter
3232 3205 3547 3264 Ecclesiam
3571 3210 3631 3262 et
3654 3205 3757 3261 im-

347 3267 673 3374 υιιιῑιίριίσί
692 3267 1127 3378 υίγωτεῖχεγοω
1146 3307 1213 3363 in
1233 3267 1552 3379 {Emptis
1574 3307 1634 3364 et
1646 3267 1991 3365 mansuetus
2021 3267 2070 3330 C
2103 3267 2754 3378 petiiinfsgi‘ai‘i‘ia
2778 3267 3031 3355 Romana
3056 3296 3236 3367 finita,
3265 3294 3603 3352 felicissime
3627 3297 3756 3350 sta-

347 3388 413 3443 in
413 3404 584 3460 pace.
605 3393 753 3451 (lum
769 3394 964 3466 igitur
982 3396 1109 3467 ipse
1117 3394 1991 3466 resplendeatcelutcoruscans

349 3478 566 3552 lucifer
574 3483 738 3554 splen
747 3483 887 3540 dore
895 3484 1192 3556 sapientie
1209 3484 1703 3541 elredoleatomni
1715 3483 1849 3541 boni
1860 3483 1993 3541 odo-

343 3569 434 3626 ris
445 3570 765 3641 suavitate,
788 3571 1075 3644 dignatus
1096 3573 1186 3630 est
1204 3572 1987 3644 nostraparoitatiprecipe-

344 3671 412 3714 re
422 3666 486 3715 ul
500 3659 753 3731 colligat
768 3659 889 3718 sibi
909 3662 1253 3719 cbronicum
1274 3675 1417 3734 opus
1434 3674 1473 3719 a
1494 3661 1851 3733 temporibus
1870 3662 1994 3719 Ka-

344 3746 466 3803 roli
482 3745 697 3818 Magni
717 3762 906 3821 usque
925 3749 1008 3807 ad
1024 3763 1139 3808 sua
1163 3750 1443 3822 tempora,
1459 3750 1751 3808 servando
1770 3749 1994 3823 ubique

345 3835 913 3921 oeritatemistoriee.
935 3837 1100 3904 Quod
1109 3851 1252 3909 Opus
1263 3839 1526 3910 recipere
1537 3852 1669 3896 cum
1688 3839 1893 3896 nostra
1904 3853 1994 3896 re-

347 3922 592 3980 cusaret
614 3924 944 3995 imperitia,
967 3939 1074 3983 nos
1096 3926 1292 3984 tamen
1310 3927 1595 3998 compulit
1614 3926 1898 3985 deducere
1915 3926 1996 3985 ad

350 4009 617 4082 aliquem
629 4012 900 4085 eiectum
910 4027 1022 4071 sua
1034 4015 1365 4073 auctoritas
1376 4014 1996 4074 etbenicolentia.Ha~

279 4167 285 4177 ν
351 4097 447 4157 bes
491 4100 704 4172 igitur,
736 4103 1115 4161 serenissima
1141 4102 1482 4176 imperator,
1509 4103 1998 4163 amministrante

354 4189 613 4246 caritate
632 4189 975 4247 cbronicum
994 4204 1156 4263 opus,
1173 4193 1512 4265 eacerptum
1529 4206 1647 4250 non
1668 4191 1894 4261 nostra,
1910 4191 2007 4251 set

348 4283 609 4335 ceterum
628 4278 1245 4352 cleronograpkorum'
1259 4280 1330 4319 δί·
1352 4281 1732 4350 auctoritate,
1757 4281 1998 4337 utinam

350 4378 469 4421 non
482 4365 817 4438 indignum,
834 4380 906 4425 ne
917 4368 1114 4427 dicam
1128 4367 1316 4426 oculis
1327 4368 1756 4440 imperatoriis,
1771 4368 1867 4426 set
1876 4367 1997 4426 sal-

351 4453 459 4509 tim
489 4455 759 4512 minimis
786 4454 1102 4514 lectoribus
1126 4457 1241 4514 tute
1259 4456 1457 4514 curia.
1480 4455 1628 4513 Cum
1646 4455 1998 4526 igiturltota

349 4542 603 4601 intentio
616 4540 801 4615 ilujus
816 4543 959 4602 libri
973 4545 1096 4602 tam
1107 4544 1363 4601 Romani
1384 4544 1626 4614 imperii
1644 4556 1830 4613 quam
1855 4543 1995 4599 Teu-

2103 3393 2303 3451 bilisse
2336 3392 2448 3451 sibi
2480 3392 2644 3448 visus
2673 3393 2784 3446 est.
2813 3387 2947 3443 Ideo
2980 3386 3154 3443 etiam
3186 3382 3562 3441 Ekkehardus
3590 3397 3749 3440 nunc

2102 3482 2294 3539 omnia
2324 3480 2532 3539 vitavit
2567 3494 2697 3552 quae
2730 3477 2984 3549 antiquae
3007 3473 3316 3531 discordiae
3342 3486 3621 3529 renovare
3643 3486 3749 3543 po-

2104 3574 2296 3629 terant
2328 3568 2684 3639 memoriam,
2709 3579 2892 3638 eaque
2926 3563 3212 3633 mitigavit
3237 3575 3364 3634 qum
3384 3559 3568 3632 primo
3591 3558 3746 3617 libro

2102 3663 2308 3716 contra
2339 3656 2678 3726 Ecclesiam,
2712 3658 2916 3726 postea
2950 3655 3169 3708 mutata
3208 3648 3497 3707 sententia
3537 3652 3745 3706 contra

2104 3747 2437 3805 Heinricum
2469 3745 2540 3800 IV
2570 3744 2981 3815 imperatorem
3012 3741 3251 3811 ejusque
3290 3736 3544 3795 asseclas
3574 3735 3748 3794 nimis

2103 3837 2311 3893 acerbe
2345 3833 2663 3905 scripserat
2698 3831 2832 3903 (96).
2869 3829 2929 3886 Id
2961 3829 3113 3885 enim
3163 3826 3410 3897 studuit,
3444 3830 3509 3882 ut
3546 3839 3745 3882 rerum

2103 3928 2403 3996 gestarum
2435 3919 2740 3991 imaginem
2792 3918 2967 3974 talem
3014 3915 3285 3973 Heinrico
3310 3913 3528 3985 juniori
3559 3910 3746 3985 porri-

2104 4016 2290 4083 geret,
2312 4025 2440 4083 quae
2460 4008 2603 4067 nulli
2628 4007 2780 4081 parti
2805 4007 3027 4063 faveret
3048 4018 3235 4076 neque
3259 4002 3603 4075 cujusquam
3625 4000 3744 4058 ani-

2106 4115 2260 4158 mum
2292 4097 2585 4157 offendere
2618 4100 2834 4169 posset.
2870 4094 2994 4161 Quo
3023 4092 3315 4150 adductus
3346 4094 3457 4161 est,
3484 4094 3548 4147 ut
3568 4102 3744 4146 anno-

2107 4204 2234 4247 rum
2268 4192 2405 4245 1105
2435 4190 2493 4243 et
2525 4189 2662 4242 1106
2691 4183 3005 4241 Historiam
3038 4194 3244 4238 novam
3276 4178 3579 4249 scriberet,
3610 4190 3743 4235 con-

2108 4276 2610 4346 tinuationemque
2669 4270 2911 4328 adderet
2962 4268 3164 4326 eodem
3219 4266 3408 4323 animo
3464 4279 3629 4337 aequo
3681 4268 3741 4321 et

2107 4365 2410 4422 moderato
2438 4363 2784 4422 confectam.

2177 4455 2421 4511 Exstant
2471 4450 2939 4522 vero'jpraeterea
2989 4447 3118 4504 duae
3165 4443 3431 4502 Cbronici
3460 4441 3742 4500 Ekkebar-

2106 4541 2262 4598 diani
2287 4537 2831 4609 recensiones,fquae
2851 4550 2981 4592 cum
2999 4534 3063 4594 C’.
3081 4534 3138 4590 in
3156 4531 3353 4590 multis
3365 4530 3736 4599 conveniunt,

353 4631 1994 4703 toniciregnidesereiatbonori,quormnregnormncon-
2022 4623 2075 4684 D
2107 4630 2369 4703 quamvis
2402 4629 2457 4686 in
2491 4627 2622 4684 aliis
2651 4630 2769 4683 tam
2803 4627 2876 4682 ab
2907 4624 3016 4681 hoc
3048 4637 3216 4695 quam
3265 4637 3298 4678 a
3346 4620 3530 4693 priori
3576 4623 3736 4676 textu

340 4721 575 4789 functio
588 4719 791 4791 cepita
800 4720 1030 4777 Κανοῑο
1050 4720 1314 4791 Francig
1321 4732 1451 4789 ena,
1468 4719 1871 4778 necessarium
1891 4719 1994 4776 du-

352 4812 576 4877 ximus,
594 4807 719 4864 tam
738 4807 1125 4865 nobilissima
1134 4808 1357 4877 gentis,
1371 4821 1487 4878 que
1507 4806 1734 4865 [labilis
1754 4807 1996 4864 inventa

350 4901 440 4952 est
448 4897 529 4952 ad
535 4896 932 4967 procreandos
944 4896 1208 4954 dominos
1220 4896 1997 4967 Romanapotentia,altius

350 4985 645 5057 originem
654 4985 934 5057 repetere,
952 4985 1011 5041 et
1020 4984 1108 5043 sic
1115 4997 1230 5057 per
1249 4984 1691 5055 antiquissima
1712 4983 1997 5043 nobilita-

353 5077 432 5130 tis
458 5072 877 5144 generationes
905 5086 1092 5145 usque
1107 5072 1189 5131 ad
1206 5073 1454 5131 eundem
1470 5074 1763 5132 Karolum
1782 5087 1996 5131 narra-

352 5162 509 5221 tione
522 5162 795 5233 deducta,
809 5160 1079 5234 qualiter
1088 5163 1216 5233 ipse
1226 5161 1999 5235 capesseretrernp-ublicam

2106 4719 2401 4776 recedant.
2456 4717 2712 4786 Utraque
2758 4712 3180 4785 praefationem,
3224 4724 3373 4768 anno
3423 4711 3557 4765 1100
3599 4721 3740 4779 prae-

2104 4808 2359 4875 missam,
2395 4804 2668 4862 Heinrico
2693 4801 2911 4873 juniori
2962 4800 3265 4869 directam,
3295 4797 3553 4866 exhibet,
3589 4801 3738 4854 utra-

2106 4909 2217 4965 que
2269 4897 2493 4950 textum
2541 4891 2666 4948 sine
2716 4903 2995 4946 annorum
3045 4887 3265 4945 tabulis
3310 4885 3591 4957 scriptum
3640 4881 3737 4939 sed

2106 4982 2306 5039 multis
2320 4979 2720 5037 additionibus
2733 4993 2804 5034 ex
2820 4977 3123 5047 Sigeberto
3146 4972 3468 5046 desumptis
3488 4976 3734 5041 auctum,

2104 5071 2356 5143 denique
2385 5065 2779 5126 narrationem
2830 5079 3114 5122 annorum
3174 5066 3311 5119 1070
3360 5075 3486 5133 sqq.
3523 5058 3735 5132 praebet

2108 5158 2399 5215 interdum
2428 5154 2633 5212 eodem
2667 5152 2835 5210 modo
2866 5156 3146 5208 mutatam
3179 5164 3294 5221 quo
3344 5148 3409 5207 ο.
3444 5149 3581 5204 Cum
3631 5145 3736 5202 hoc

1721 5247 1957 5305 VARUE
1998 5246 2291 5304 LECTION
2298 5246 2397 5301 ES.

1878 5378 1879 5387 “
1928 5386 2130 5444 NOTAE
2144 5428 2159 5443 .

418 5319 438 5354 ¹
464 5322 631 5379 chon.
666 5321 789 5381 cod.
822 5319 844 5352 ²
876 5319 1049 5378 Chon.
1081 5320 1205 5379 cod.

346 5487 471 5550 tua,
503 5481 579 5551 si,
612 5485 728 5538 etc.

439 5555 530 5624 92)
564 5554 738 5624 intra,
773 5551 887 5608 col.
924 5555 1077 5608 1001.

443 5623 532 5679 93’)
566 5623 684 5679 Col.
725 5627 883 5679 1015.

443 5628 510 5679 93
566 5628 684 5679 Col.
725 5628 845 5679 1012

442 5628 532 5833 ΜΞ
563 5692 683 5749 Col.
719 5697 845 5750 713.

442 5769 508 5821 95
565 5765 823 5831 A.1096,

441 5757 530 5831 95)
565 5766 627 5819 Α.
664 5765 823 5831 1000,
858 5762 1051 5831 η.““,
1089 5775 1140 5815 a.
1175 5765 1332 5829 1101,
1368 5775 1421 5831 p.
1466 5762 1527 5815 et
1571 5757 1993 5831 ““;a._1086,

347 5845 402 5888 η.
429 5829 460 5857 ’⁶
486 5829 584 5903 ;'a.
622 5836 778 5903 1093,
811 5829 867 5888 τι.
904 5835 968 5897 ”;
1002 5829 1053 5887 0⁷.
1094 5833 1337 5901 1102,_n.
1370 5829 1395 5852 ³
1430 5848 1446 5899 ;
1478 5834 1603 5899 220,
1636 5843 1689 5883 n.
1726 5829 1851 5882 “".

2176 5472 2291 5545 (96)
2326 5471 2406 5529 Cf.
2442 5486 2492 5529 a.
2530 5473 2687 5539 1072,
2731 5484 2785 5524 n.
2821 5467 2885 5539 ἐς
2914 5483 2986 5545 _a..
3040 5470 3195 5545 1080,
3247 5484 3301 5545 n.
3347 5461 3734 5545 f‘praascrtp

2105 5535 2246 5601 vero
2273 5535 2327 5599 a.
2367 5547 2502 5599 1105
2533 5545 2589 5597 et
2626 5535 2780 5596 1106.
2810 5535 2879 5579 —'
2912 5538 3052 5595 Hinc
3085 5535 3217 5595 inde
3246 5535 3545 5659 (col.953?,
3581 5547 3634 5613 ῃ.
3657 5535 3734 5598 ";

2106 5631 2155 5659 α,
2192 5619 2346 5659 mna-
2383 5628 2437 5659 η-
2474 5613 2535 5659 '2
2570 5626 2618 5659 η-
2664 5614 2812 5659 11184-
2842 5624 2889 5659 a.
2928 5614 3084 5659 1083-
3121 5624 3174 5659 n.
3212 5612 3261 5634 ἀ
3290 5609 3465 5659 etiam
3521 5616 3734 5659 ewores

2105 5631 2156 5672 a.
2192 5619 2349 5685 1083,
2382 5628 2437 5668 n.
2474 5613 2498 5636 ‘
2522 5629 2536 5678 ;
2561 5626 2618 5685 ῃ.
2664 5614 2889 5685 1084,Αο.
2928 5614 3084 5685 1085,
3120 5624 3174 5685 n.
3212 5609 3264 5634 ’ί
3290 5609 3465 5666 etiam
3499 5609 3737 5661 leviores

2108 5681 2344 5742 errores
2386 5681 2631 5740 sustulit
2672 5682 2746 5752 (a.
2786 5681 2941 5749 1070,
2982 5682 3157 5747 1089).
