3894 6402
295 383 409 450 461

297 608 406 665 aut
432 622 547 665 non
573 609 919 666 nasceretur
949 612 1061 668 aut
1082 626 1200 668 non
1224 614 1589 671 moreretur!

366 697 653 767 Tiberius,
681 698 984 769 privignus
1031 701 1297 769 Augusti,
1346 702 1610 770 regnavit
1659 716 1788 757 ann.
1849 706 1937 757 23.

369 784 469 854 (Η.
492 785 559 841 S.
587 788 605 855 )
636 788 800 842 Anno
833 786 1092 857 ejusdem
1122 790 1310 860 primo
1333 791 1590 847 Herodes
1619 792 1941 861 tetrarcha,

298 873 487 942 magni
547 874 793 931 Herodis
846 875 1019 946 ﬁlius,
1085 891 1326 947 regnum
1380 878 1696 936 Judeorum
1757 878 1945 935 tenuit

298 972 430 1015 ann.
483 964 570 1017 24.

368 1052 418 1103 2.
443 1050 827 1107 Mathematici
852 1051 1005 1107 Urbe
1054 1053 1372 1123 pelluntur.

372 1141 422 1193 3.
441 1138 666 1198 Livius“
694 1141 1222 1214 hystoriographus
1239 1143 1504 1200 moritur.
1523 1143 1762 1200 Ovidius
1773 1148 1943 1215 poeta

303 1224 360 1281 in
380 1227 574 1286 'exilio
603 1231 879 1287 moritur.

379 1322 429 1374 4.
451 1316 828 1376 Germanicus
854 1331 887 1374 a
916 1317 1162 1388 Tyberio
1190 1319 1402 1376 missus
1436 1321 1751 1376 Germanos
1783 1318 1942 1375 vicit.

297 1410 601 1468 Tredecim
635 1410 813 1466 urbes
841 1410 1177 1463 terraamotu
1217 1413 1589 1465 corruerunt.

371 1497 806 1563 6.Germanicu_s
862 1509 1050 1551 caesar
1106 1497 1376 1553 moritur.

369 1590 421 1643 6.
456 1584 779 1642 Fenestella
811 1590 984 1655 poeta
1034 1584 1303 1641 moritur.

369 1674 710 1744 7.Tyberius
750 1673 966 1731 multos
996 1688 1165 1744 reges
1195 1673 1264 1729 ad
1301 1687 1363 1730 se
1393 1675 1634 1730 vocatos
1654 1684 1944 1741 nunquam

300 1762 547 1820 remisit.

370 1854 421 1907 8.
458 1851 768 1907 Theatrum
813 1850 1050 1923 Pompei
1082 1850 1381 1907 incensum
1431 1854 1544 1905 est.

370 1945 422 1997 9.
438 1939 759 2011 Thyberius
788 1941 1037 1997 Drusum
1069 1943 1402 1995 consortem
1434 1936 1597 2006 regni
1627 1936 1763 1992 fecit
1796 1954 1809 2004 ;
1845 1934 1942 2006 qui

298 2028 521 2085 eodem.
557 2041 707 2083 anno
741 2040 963 2083 veneno
996 2027 1187 2098 periit.

372 2122 456 2173 12.
474 2116 698 2173 Pilatus
727 2130 954 2187 praeses
969 2116 1168 2173 Judeaa
1196 2130 1227 2171 a
1256 2113 1500 2187 Tyberio
1525 2113 1798 2170 mittitur.

371 2210 457 2261 15.
492 2206 767 2262 Dominus
810 2209 1013 2261 noster
1037 2206 1246 2261 Jhesus
1286 2203 1552 2260 Christus
1590 2201 1943 2273 baptizatur,

302 2297 374 2350 30
400 2308 552 2350 anno
583 2293 901 2349 secundum
918 2308 1151 2349 carnem
1183 2292 1484 2363 incipiens.

372 2382 772 2439 16.Johannes
821 2382 1077 2453 baptista
1127 2380 1457 2437 decolletur
1503 2381 1576 2437 ab
1607 2378 1834 2436 Herode
1869 2379 1952 2432 te-

300 2472 554 2529 trarcha.

373 2563 459 2616 18.
493 2559 769 2616 Dominus
793 2572 1005 2629 passus
1050 2562 1145 2613 est
1187 2560 1245 2613 et
1305 2556 1645 2615 resurrexit.
1693 2553 1955 2626 Eclypsis

299 2648 448 2705 solis
478 2652 537 2704 et
558 2651 914 2705 terremotus
944 2647 1132 2703 factus
1168 2650 1276 2703 est.

369 2741 456 2793 19.
485 2737 753 2807 Jacobus,
790 2737 971 2791 frater
1001 2734 1244 2805 Domini,
1283 2734 1801 2791 Jherusalimorum
1836 2730 1955 2802 epi-

295 2840 513 2896 scopus
541 2825 612 2881 ab
654 2824 939 2896 apostolis
970 2824 1294 2895 ordinatus,
1325 2822 1480 2879 sedit
1513 2837 1643 2878 ann.
1688 2825 1774 2877 30.

365 2918 455 2970 20.
486 2913 710 2970 Pilatus
732 2912 1036 2983 imaginem
1060 2912 1302 2969 caesaris
1339 2910 1633 2983 intemplo
1665 2913 1954 2978 statuens,

294 3001 618 3059 seditiones
655 3001 855 3059 Judeis
906 3002 1204 3057 excitavit.

367 3095 453 3148 21.
501 3090 745 3161 Sejanus
789 3090 1106 3162 praafcctus
1152 3088 1480 3161 Tyberium,
1515 3090 1581 3144 ut
1612 3086 1830 3143 Judeos
1859 3084 1957 3141 de-

297 3177 434 3249 leat,
482 3178 845 3235 cohortatur.

366 3270 455 3323 22.
480 3267 759 3339 Agrippa,
783 3266 938 3323 ﬁlius
973 3265 1317 3338 Aristoboli,
1360 3267 1748 3336 cognomento
1776 3263 1954 3317 Hero-

299 3356 425 3426 des,
477 3357 763 3414 Herodem
816 3355 1169 3411 tetrarcham
1216 3357 1487 3426 patruum
1540 3366 1704 3409 suum
1758 3350 1953 3407 Romae

300 3460 602 3516 accusans,
636 3460 667 3501 a
697 3442 941 3515 Tyberio
974 3444 1031 3498 in
1080 3441 1309 3499 vincula
1350 3442 1623 3498 mittitur.

369 3540 458 3593 23.
483 3534 691 3605 (ΗΖΕ.)
714 3532 995 3605 Tyberius
1024 3530 1305 3604 pepulum
1337 3532 1654 3586 Romanum
1694 3527 1955 3598 graviter

303 3624 525 3695 afflixit,
559 3627 615 3680 et
649 3622 774 3694 ipse
800 3636 1026 3679 veneno
1069 3620 1263 3691 periit.
1316 3619 1435 3675 Istc
1485 3619 1622 3689 quia
1675 3616 1954 3673 Claudius

302 3712 582 3783 Tyberius
613 3712 762 3766 Nero
822 3710 1150 3779 dicebatur,
1202 3722 1234 3763 a
1278 3706 1644 3778 jocularibus
1693 3703 1958 3761 Biberius

303 3801 459 3857 Mero
491 3802 566 3856 ob
595 3798 970 3855 vinolentiam
992 3796 1324 3853 nominatur
1355 3813 1369 3862 ;
1405 3796 1552 3851 satis
1590 3794 1847 3866 prudens
1899 3794 1957 3848 in

304 3889 484 3947 armis
500 3888 763 3959 satisque
785 3888 1121 3944 fortunatus
1144 3890 1277 3941 ante
1301 3888 1595 3955 sumptum
1628 3882 1956 3955 imperium,

304 3977 528 4034 habens
548 3975 856 4032 scientiam
889 3975 1212 4044 literarum,
1239 3974 1423 4029 multo
1462 3972 1695 4042 eloquio
1726 3971 1958 4038 clarus;

308 4065 411 4123 sed
462 4063 694 4135 ingenio
740 4064 1017 4136 pessimo,
1075 4062 1357 4119 simulans
1410 4075 1472 4117 se
1509 4074 1576 4115 ea
1625 4059 1775 4116 velle
1832 4074 1961 4130 qum

307 4154 493 4213 nollet
524 4172 539 4223 ;
565 4167 668 4226 per
699 4167 764 4210 se
794 4153 984 4225 ipsum
1014 4150 1171 4209 nulla
1208 4150 1358 4207 bella
1387 4150 1595 4219 gessit;
1626 4148 1858 4221 publice
1879 4148 1961 4203 rei

307 4259 442 4302 cum
470 4242 752 4301 modestia
785 4242 1039 4313 praefuit,
1077 4240 1222 4297 adeo
1262 4244 1326 4296 ut
1369 4239 1719 4309 quibusdam
1766 4237 1968 4309 praesi.

310 4332 491 4390 dibus
520 4330 950 4404 provinciarum
984 4328 1205 4385 tributa
1228 4340 1442 4397 augere
1472 4324 1805 4383 volentibus
1828 4324 1969 4383 seri-

309 4422 499 4493 beret,
532 4418 665 4476 boni
700 4418 959 4491 pastoris
978 4432 1113 4474 esse
1137 4416 1377 4473 tondere
1406 4429 1583 4487 pecus
1614 4429 1729 4470 non
1771 4412 1968 4483 deglo-

312 4507 492 4574 bere;
522 4507 626 4565 sed
654 4506 936 4579 paulatim
968 4508 1229 4563 mutatur
1257 4504 1314 4560 in
1349 4504 1515 4576 pejus
1550 4518 1714 4570 ;nam
1736 4507 1794 4559 et
1813 4501 1970 4557 filios

312 4610 452 4654 suos
482 4594 800 4669 pluresque
856 4594 1139 4667 patricios
1168 4597 1230 4650 et
1251 4590 1597 4650 consulares
1630 4591 1965 4661 interfecit;

315 4684 716 4756 resolutisque
762 4683 992 4742 miliciae
1024 4682 1273 4753 artibus,
1323 4680 1594 4737 Armenia
1640 4694 1672 4737 a
1712 4678 1964 4735 Parthis.

313 4782 535 4842 Mesiaa
554 4777 1411 4853 Dacis,PannoniaaSarmatis,
1438 4776 1619 4833 Gallia
1649 4791 1680 4833 a
1705 4774 1968 4833 finitimis

315 4872 594 4944 gentibus
633 4871 878 4946 direpta:
908 4873 1064 4928 sunt.
1090 4869 1190 4926 Hic
1230 4871 1297 4926 23
1348 4866 1575 4939 imperii
1619 4880 1788 4935 anno,
1834 4869 1972 4922 mta-

319 4961 400 5019 tis
431 4964 522 5033 78,
552 4960 776 5034 ingenti
807 4959 1062 5019 omnium
1092 4957 1309 5032 gaudio
1340 4954 1785 5016 mortuusestin
1812 4954 1973 5011 Cam-

319 5063 508 5124 pama.

392 5140 495 5212 (Η.
522 5140 592 5199 ις’.
624 5169 696 5181 -
724 5138 925 5213 Onos.)
957 5138 1131 5197 Gaius
1162 5135 1425 5210 Caligula
1455 5135 1722 5209 regnavit
1754 5148 1884 5193 ann.
1916 5137 1968 5206 3,

319 5242 553 5287 menses
582 5232 639 5300 6,
662 5228 788 5286 dies
817 5230 869 5285 8.
914 5226 1016 5286 Vir
1065 5227 1519 5287 scelestissimus
1556 5224 1598 5283 ⁷.
1633 5226 1737 5282 Hic
1779 5224 1973 5282 excla-

321 5332 518 5377 masse
531 5318 719 5376 fertur
753 5336 767 5376 :
787 5317 1033 5379 Utinam
1058 5318 1628 5391 populmﬂomanus
1646 5328 1833 5374 unam
1854 5327 1975 5373 cer-

321 5408 508 5468 vicem
520 5406 801 5468 habent!

1096 388 1536 456 CHRONICA.
1570 429 1649 440 ——
1678 391 2157 457 CHRONICON
2199 393 2898 462 VVIRZIBURGENSE

296 520 498 577 multis
519 520 706 581 modis
734 520 963 578 censuit
991 523 1405 596 decorandum,
1429 526 1630 583 dicens
1656 546 1669 581 :
1703 528 1942 584 Utinam
1970 528 2026 588 A

3574 410 3692 471 462

2129 528 2229 598 (Η.
2269 530 2365 601 ις’.)
2416 533 2579 589 Anno
2629 538 2678 588 1.
2739 533 2999 591 Herodes
3056 536 3307 609 Agrippa
3381 554 3486 596 rex
3529 542 3694 600 Judm

2056 618 2419 675 constitutus
2451 637 2479 676 a
2512 622 2669 692 Gaio,
2714 624 2976 692 regnavit
3012 639 3142 680 ann.
3177 629 3227 681 7.

2126 712 2177 759 2.
2212 707 2379 762 Judei
2442 710 2593 779 apud
2631 710 3037 767 Alexandriam
3080 713 3470 783 proﬂiguntur
3518 734 3531 783 ;
3592 734 3694 790 pro

2059 794 2272 863 quibus
2300 795 2477 866 Phylo
2518 798 2881 855 clarissimus
2930 798 2952 832 ⁸
3007 801 3262 873 scriptor
3308 804 3461 875 apud
3495 805 3693 863 Gaium

2059 879 2460 954 interpellans,
2494 884 2633 939 nihil
2668 887 2904 956 profuit.

2130 973 2180 1023 3.
2216 969 2438 1026 Pilatus
2464 987 2526 1027 se
2552 973 2738 1042 ipsum
2763 974 3081 1045 interfecit,
3106 977 3306 1036 multis
3329 993 3359 1035 a
3383 980 3521 1036 Gaio
3544 981 3698 1038 cala-

2059 1057 2363 1114 mitatibus
2396 1061 2733 1129 obpressus.

2131 1147 2181 1199 4.
2216 1146 2477 1203 Matheus
2499 1150 2861 1218 evangelium
2886 1150 3125 1223 scripsit
3148 1154 3447 1211 Hebraice.
3468 1157 3642 1213 Gaius
3664 1172 3693 1213 a

2059 1233 2501 1303 protectoribus
2531 1236 2959 1293 suisocciditur
2998 1238 3052 1292 in
3094 1239 3309 1309 palatio
3342 1244 3697 1300 annozetatis

2058 1325 2147 1390 29,
2182 1321 2345 1391 regni
2393 1336 2534 1389 vero
2582 1327 2632 1378 4.
2684 1327 2785 1392 (Η.
2831 1327 2991 1383 R.—
3024 1327 3103 1382 Cf.
3126 1330 3243 1383 .los.
3282 1330 3367 1384 De
3388 1329 3518 1386 bell.
3552 1333 3690 1388 Jud.

2058 1424 2119 1478 η,
2152 1412 2203 1463 8.
2258 1410 2405 1478 (Hic,
2439 1412 2608 1468 Drusi
2660 1418 2720 1468 et
2764 1414 2991 1483 Tyberii
3032 1415 3427 1485 privicnorum
3450 1419 3694 1487 Augusti

2059 1512 2262 1568 nepos,
2285 1498 2779 1557 sceleratissimus
2800 1507 2947 1572 erat,
2964 1503 3267 1561 sororibus
3289 1504 3409 1561 suis
3429 1509 3695 1577 stuprum

2060 1585 2360 1642 intulerat.
2438 1589 2696 1645 Herodes
2764 1592 3079 1661 tetrarcha,
3140 1592 3235 1663 qui
3313 1593 3368 1648 in
3416 1594 3694 1653 Johannis

2061 1674 2337 1745 baptista:
2394 1691 2536 1733 nece
2582 1680 2787 1733 auctor
2824 1680 3024 1734 extitit
3069 1685 3125 1736 et
3178 1681 3428 1753 passioni
3471 1682 3694 1739 Domini

2060 1762 2348 1833 interfuit,
2376 1769 2438 1819 et
2460 1765 2584 1835 ipse
2609 1765 2707 1821 Gai
2732 1767 3051 1823 amiciciam
3069 1773 3289 1839 petens,
3321 1776 3566 1838 cogente
3591 1772 3696 1826 lle-

1974 1871 2028 1932 B
2060 1850 2298 1906 rodiade
2328 1853 2564 1908 Romam
2615 1854 2796 1924 venit,
2849 1854 2953 1910 sed
3000 1862 3312 1913 accusatus
3361 1858 3432 1912 ab
3473 1858 3696 1914 llerode

2060 1939 2334 2010 Agrippa,
2388 1940 2703 1998 Aristoboli
2755 1943 2953 1999 fratris
2996 1944 3086 2000 sui
3136 1943 3274 2014 filio,
3322 1946 3696 2002 tetrarchiam

2059 2026 2331 2098 perdidit,
2358 2031 2416 2083 et
2459 2028 2514 2083 in
2544 2027 2873 2101 Hispaniam
2932 2031 3175 2102 fugiens,
3220 2046 3447 2088 merore
3501 2033 3694 2103 periit.

2130 2114 2231 2184 (Η.
2261 2115 2357 2185 S.)
2383 2116 2658 2173 Claudius
2690 2133 2821 2173 ann.
2858 2123 2941 2189 13,
2978 2134 3209 2176 menses
3232 2122 3283 2189 8,
3319 2120 3446 2176 dies
3469 2123 3552 2176 18.

2131 2205 2290 2258 Anno
2322 2204 2493 2273 hujus
2524 2209 2570 2259 1.

2128 2295 2179 2345 2.
2213 2293 2424 2348 Petrus
2464 2294 2699 2349 Romam
2741 2294 2980 2350 veniens
3010 2308 3114 2366 per
3152 2299 3220 2351 25
3260 2309 3441 2353 annos
3475 2294 3700 2368 episeo-

2061 2383 2256 2452 patum
2289 2379 2502 2436 ibidem
2533 2380 2741 2437 tenuit.

2131 2474 2183 2524 3.
2217 2468 2446 2525 Primus
2475 2469 2786 2541 episc0pus
2816 2470 3136 2527 Antiochiae
3176 2471 3426 2529 Evodius
3472 2472 3701 2529 ordina-

2061 2562 2179 2615 tur.
2206 2558 2464 2614 Herodes
2489 2558 2741 2629 Agrippa
2766 2559 2838 2615 ab
2862 2560 3068 2629 angelo
3083 2561 3444 2631 percutitur;
3472 2576 3575 2633 pro
3590 2575 3705 2633 quo

2065 2645 2221 2703 ﬁlius
2248 2645 2376 2715 ejus
2408 2646 2659 2717 Agrippa
2684 2647 2947 2717 regnavit
2981 2660 3112 2703 ann.
3152 2652 3238 2703 26.

2134 2736 2184 2790 4.
2229 2736 2430 2792 Fames
2460 2748 2664 2805 magna
2690 2735 2840 2792 facta
2875 2739 2987 2792 est.
3025 2736 3301 2793 Claudius
3350 2736 3703 2793 Britanniam

2065 2825 2318 2893 subegit.

2154 2922 2204 2971 ὅ.
2239 2915 2395 2969 Nova
2445 2912 2638 2971 insula
2696 2916 2766 2969 30
2827 2910 3148 2970 stadiorum
3216 2911 3272 2969 in
3338 2912 3480 2969 mari
3530 2926 3709 2985 appa-

2066 3003 2203 3061 ruit.

2135 3096 2186 3148 6.
2247 3090 2415 3147 Cives
2471 3090 2709 3147 Romani
2752 3105 2782 3146 a
2829 3089 3067 3148 Claudio
3120 3089 3434 3160 numerati,
3486 3086 3703 3145 inventi

2065 3183 2200 3237 sunt
2233 3182 2603 3250 69,144,000
2638 3178 2677 3234 ο.

2134 3271 2185 3322 7.
2208 3267 2523 3324 Judeorum
2559 3267 2612 3322 in
2637 3265 2935 3323 sedicione
2954 3269 3155 3337 30,000
3187 3271 3469 3323 necantur
3500 3265 3708 3323 diebus

2064 3356 2403 3413 azimorum.

2133 3447 2185 3499 9.
2225 3442 2499 3499 Claudius
2529 3440 2574 3474 ¹⁰
2600 3439 2816 3498 Judeos
2846 3440 3000 3496 Urbe
3031 3440 3276 3513 expulit.

2136 3537 2220 3588 10.
2258 3532 2455 3600 Magna
2491 3531 2673 3585 fames
2701 3530 2853 3585 facta
2884 3534 2996 3585 est.

2139 3633 2223 3684 11.
2253 3627 2527 3684 Claudius
2550 3627 2794 3683 Felicem
2836 3627 3033 3683 Judeze
3076 3630 3518 3698 procuratorem
3553 3621 3711 3681 feeit.

2140 3731 2227 3782 12.
2280 3726 2473 3781 Simon
2560 3739 2762 3794 magus
2804 3724 3136 3780 simoniaea)
3185 3724 3456 3779 hereseos
3511 3728 3717 3778 auctor

2068 3814 2286 3872 extitit.

2146 3917 2230 3967 13.
2293 3911 2598 3982 .Egyptius
2646 3908 2877 3980 quidam
2931 3908 3445 3981 pseudopropheta
3500 3907 3717 3964 Judeos

2072 4000 2405 4073 complures
2431 4000 2735 4065 seducens,
2769 4012 2800 4053 a
2833 3998 3021 4054 Felice
3054 3998 3422 4068 opprimitur.

2148 4100 2232 4154 14.
2268 4094 2545 4152 Claudius
2577 4095 2825 4150 moritur
2856 4108 3004 4149 anno
3044 4094 3237 4149 {etatis
3264 4108 3383 4149 suae
3413 4096 3501 4163 64,
3547 4093 3725 4163 impe~

2077 4188 2147 4245 rii
2180 4189 2265 4243 14.
2301 4185 2404 4240 Hic
2446 4183 2553 4239 fuit
2590 4186 2837 4253 patruus
2870 4180 3165 4251 Caligulae,
3200 4181 3354 4237 illius
3390 4180 3581 4251 Drusi,
3625 4180 3721 4250 qui

2078 4275 2229 4350 apud
2270 4272 2612 4342 Magontiam
2647 4274 3079 4327 monumentum
3107 4269 3281 4326 habet
3316 4288 3331 4337 ;
3374 4270 3541 4340 cujus
3582 4268 3726 4324 Cali-

2078 4364 2213 4436 gula
2254 4377 2435 4434 nepos
2466 4366 2594 4417 erat
2626 4358 2727 4428 (Η.
2772 4360 2842 4415 R.
2896 4390 2966 4398 —
3002 4358 3204 4431 ans.)
3232 4358 3412 4429 Hujus
3457 4362 3722 4429 tempore

2079 4455 2262 4510 fames
2289 4450 2532 4506 maxima
2564 4449 2799 4503 Romam
2822 4446 3141 4517 corripuit;
3184 4446 3501 4517 imperator
3532 4445 3727 4502 convi-

1997 4565 2053 4627 D
2082 4542 2188 4603 ciis
2210 4542 2535 4609 correptus,
2572 4551 2601 4591 a
2627 4534 2841 4627 populo
2876 4533 3253 4627 fracminibns
3286 4534 3728 4627 panisﬂturpiter

2083 4632 2141 4688 in
2169 4631 2296 4687 foro
2329 4627 2657 4695 infestatus,
2693 4622 2914 4693 aufugit
2945 4640 2959 4691 ;
2987 4626 3045 4676 et
3077 4636 3299 4678 veneno
3331 4621 3525 4692 periit.

2155 4772 2256 4842 (Η.
2304 4771 2377 4842 S)
2428 4770 2578 4824 Nero
2626 4779 2756 4821 ann.
2808 4767 2892 4835 13,
2956 4775 3187 4818 menses
3214 4766 3268 4831 7,
3299 4760 3426 4816 dies
3474 4763 3560 4815 28.
3611 4760 3728 4815 lste

2082 4858 2574 4931 ﬂagitiosissimus
2604 4854 2709 4911 fuit
2736 4854 2789 4909 in
2820 4852 3067 4910 cunctis.
3100 4849 3420 4907 Primamin
3453 4848 3735 4904 Christia-

2082 4966 2188 5009 nos
2219 4946 2683 5021 persecutionem
2716 4942 2874 4998 fecit.

2157 5045 2207 5096 1.
2234 5037 2415 5108 Hujus
2442 5049 2591 5091 anno
2619 5031 2829 5089 seditio
2860 5030 2913 5086 in
2944 5031 3188 5085 Cesarea
3232 5030 3360 5083 orta
3390 5027 3502 5096 est,
3528 5022 3733 5097 plures

2084 5130 2401 5189 Judeorum
2438 5121 2711 5197 perdidit.
2741 5120 2949 5177 Festus
2973 5116 3149 5174 Felici
3173 5115 3480 5173 successit.

2155 5220 2209 5274 2.
2256 5213 2474 5273 Paulus
2521 5208 2827 5284 apostolus
2876 5209 3112 5263 Romam
3156 5219 3186 5261 a
3232 5206 3404 5261 Festo
3485 5202 3735 5276 praeside

2088 5306 2362 5368 mittitur.
3778 5298 3785 5299 “

2157 5402 2209 5455 3.
2244 5398 2557 5466 ﬂuensque
2587 5388 2801 5449 librum
2829 5388 3075 5446 Actuum
3119 5382 3518 5459 apostolorum
3550 5380 3736 5437 Lucas

1720 5581 1960 5639 VARle
1996 5575 2401 5641 LECTIONES.

405 5708 427 5748 '
477 5709 695 5772 Luuius
749 5721 798 5769 ο.
876 5707 899 5745 ⁷
947 5704 1391 5767 οωιθειίεθίωιιε
1448 5719 1495 5768 c.
1573 5705 1597 5741 ⁸
1634 5704 2033 5769 carissimus»
2108 5702 2133 5740 '
2170 5700 2275 5762 LX.
2321 5698 2490 5755 vnn.
2568 5693 2628 5751 C.
2672 5690 2777 5751 XL.
2823 5687 2979 5749 milia
3019 5688 3140 5747 IIII.
3183 5701 3233 5751 ο.
3312 5686 3357 5723 ⁸ο
3412 5682 3636 5744 clanius
3683 5692 3730 5742 c.
