3894 6404
251 363 370 443 463

1409 357 1890 430 EKKEHARDI
1936 367 2492 436 URAUGIENSIS

3537 369 3656 436 464

251 509 613 582 evangelista
629 504 920 582 perduxit,
944 503 1340 561 continentem
1362 515 1545 559 annos
1565 517 1597 557 a
1629 501 1900 574 passione
1931 505 1988 564 A
2086 507 2137 558 7.
2175 504 2454 565 Colossus
2485 514 2720 566 erectus
2747 515 2861 580 est,
2905 508 3124 564 habens
3163 506 3529 564 altitudinem
3562 522 3660 580 pe-

249 601 470 660 Domini
500 600 586 654 26.

247 720 251 724 -
323 692 373 746 4.
409 686 630 743 Statius
657 687 828 755 poeta
859 679 1056 739 clarus
1097 680 1364 736 habetur.

323 781 372 832 5.
406 777 557 831 Nero
600 771 975 842 Agrippinam
1017 773 1260 824 matrem
1308 779 1470 822 suam
1519 769 1576 820 et
1637 777 1898 820 sororem

252 861 453 920 matris
483 874 604 917 suae
651 855 946 914 interfecit
987 861 1047 912 et
1088 854 1383 912 Octaviam
1417 867 1657 909 uxorem
1713 864 1894 907 suam.

319 955 370 1007 6.
395 951 545 1005 Nero
593 945 816 1002 infinita
866 944 1096 1002 luxuria
1147 948 1207 1000 et
1255 941 1496 998 lascivia
1555 939 1898 1011 ignaviaque

247 1038 551 1095 bachatur.

316 1129 368 1181 7.
397 1124 671 1193 Iacobus,
714 1122 898 1178 frater
943 1120 1186 1190 Domini,
1241 1135 1270 1176 a
1315 1118 1517 1175 Iudeis
1579 1116 1891 1189 lapidatur.

248 1215 418 1272 Festo
442 1211 688 1268 Albinus
731 1209 1019 1268 successit
1054 1228 1069 1277 ;
1103 1210 1236 1265 huic
1277 1207 1500 1264 Florus.

315 1304 367 1357 8.
398 1302 626 1357 Marcus
655 1296 1015 1369 evangelista
1047 1297 1198 1369 apud
1228 1295 1637 1352 Alexandriam
1691 1307 1896 1365 passus

245 1393 366 1532 es;
399 1474 724 1532 Neroniane
753 1474 996 1530 thermae
1027 1487 1057 1528 a
1092 1473 1317 1528 Nerone
1344 1471 1712 1528 ediﬁcantur.

315 1569 402 1622 10.
419 1565 590 1634 Nero,
617 1567 678 1620 ut
695 1561 1135 1618 similitudinem
1152 1561 1335 1631 Trojae
1357 1559 1619 1617 ardentis
1641 1557 1887 1627 videret,

246 1666 506 1722 magnam
538 1655 762 1720 partem
792 1652 985 1706 Romae.
1041 1648 1320 1704 incendit.

316 1743 401 1796 11.
434 1739 586 1794 Nero
627 1738 904 1793 Senecam
957 1735 1298 1804 magistrum
1349 1750 1516 1792 suum
1570 1731 1884 1789 interfecit.

2017 589 2120 647 des
2154 596 2272 648 107.

2083 681 2134 733 9.
2166 681 2502 739 Pestilentia
2528 685 2719 741 Romm
2737 686 2887 741 facta
2911 689 3022 754 est,
3049 689 3109 740 et
3132 689 3304 741 terra;
3321 691 3513 742 motus
3536 690 3659 743 tres

2013 767 2284 826 civitates
2315 772 2469 843 Cipri
2524 774 2834 829 subvertit.

2085 859 2167 910 10.
2204 859 2592 931 Vespasianus
2630 862 2913 932 proﬂuvio
2963 861 3186 918 ventris
3212 861 3267 916 in
3317 860 3452 918 villa
3499 864 3654 920 circa

2011 943 2254 1002 Sabinos
2301 949 2445 1003 obiit
2497 965 2645 1005 anno
2692 950 2885 1007 aetatis
2930 953 3017 1020 69,
3072 949 3293 1021 imperii
3343 953 3396 1021 9,
3449 950 3541 1008 die
3596 955 3648 1008 8.

2009 1031 2109 1099 (H.
2137 1034 2236 1104 Β.)
2261 1036 2362 1091 Hic
2393 1052 2423 1092 a
2458 1037 2696 1094 Claudio
2729 1039 2783 1093 in
2820 1038 3201 1106 Germaniam,
3235 1037 3365 1094 dein
3407 1039 3462 1095 in
3505 1039 3654 1095 Brit-

2010 1121 2263 1178 tanniam
2293 1124 2525 1194 missus,
2563 1126 2762 1182 tricies
2794 1131 2853 1182 et
2887 1127 2975 1181 bis
3005 1141 3135 1182 cum
3169 1127 3338 1182 hoste
3367 1128 3651 1198 conﬂixit,

2007 1206 2152 1264 duas
2181 1210 2568 1269 validissimas
2605 1219 2828 1283 gentes,
2863 1219 2934 1271 20
2967 1215 3202 1285 oppida,
3238 1215 3482 1273 insulam
3549 1218 3652 1273 Ve-

2006 1301 2158 1352 ctam
2192 1300 2446 1357 Romano
2478 1303 2721 1373 imperio
2751 1302 2984 1374 adjecit.
3008 1303 3463 1360 Moderatissime
3498 1307 3648 1360 rexit

2006 1383 2558 1456 imperium,avidus
2591 1396 2778 1447 tamen
2813 1391 3094 1461 pecuniae,
3130 1392 3426 1449 nonnullis
3449 1392 3492 1426 ¹²
3521 1408 3645 1450 eam

2006 1471 2221 1542 injuste
2279 1477 2521 1533 abstulit
2549 1485 2606 1534 et
2654 1480 2950 1550 praecipue
3007 1479 3405 1549 indigentibus
3464 1482 3642 1538 dedit.

2078 1561 2190 1628 (.H
2226 1565 2322 1635 ὧν.)
2354 1567 2531 1636 Titus,
2585 1568 2924 1638 Vespasiani
2971 1568 3148 1637 filius,
3227 1583 3406 1626 annos
3432 1574 3484 1639 2,
3518 1584 3645 1626 men

2005 1663 2101 1704 ses
2122 1654 2174 1720 2,
2204 1653 2290 1707 vir
2313 1640 2572 1796 orm
2596 1670 2810 1725 genere
2843 1656 3125 1712 virtutum
3154 1657 3455 1728 mirabilis,
3482 1659 3560 1713 ita
3585 1664 3648 1716 ut

2008 1735 2226 1794 divitia:
2256 1743 2312 1794 et
2440 1757 2505 1796 οι·
2554 1743 2788 1796 generis
2833 1743 3065 1796 humani
3116 1743 3428 1796 diceretur.

2008 1735 2226 1794 divitia:
2256 1743 2312 1794 et
2346 1735 2505 1797 Mr
2554 1743 2788 1812 generis
2833 1743 3065 1798 humani
3116 1743 3428 1801 diceretur.

317 1831 403 1884 12.
432 1827 826 1898 Vespasianus
847 1824 963 1881 dux
985 1825 1284 1880 exercitus
1308 1823 1590 1880 adversus
1625 1822 1888 1878 Judeosa
1920 1855 1972 1914 Β
2077 1827 2237 1882 Anno
2262 1827 2422 1898 regni
2470 1831 2559 1886 sui
2607 1837 2655 1899 1,
2702 1833 2879 1900 Tytus
2925 1831 3386 1902 amphyteatrum
3455 1835 3646 1893 Romae

241 1917 467 1972 Nerone
514 1914 786 1970 mittitur.

313 2006 398 2060 13.
434 2004 648 2058 Petrus
669 2005 730 2057 et
765 1999 980 2057 Paulus
1028 2014 1059 2055 a
1107 2001 1332 2056 Nerone
1382 1998 1676 2055 interfecti
1727 2001 1883 2054 sunt.

238 2090 584 2148 Pestilentia
617 2091 765 2146 facta
810 2094 922 2145 est.

311 2182 395 2235 14.
437 2181 589 2235 Nero
639 2193 702 2234 se
749 2177 936 2248 ipsum
989 2176 1306 2232 interfecit.
1361 2175 1535 2232 Linus
1582 2173 1808 2245 primus
1855 2188 1884 2229 a

239 2269 410 2326 beato
439 2268 615 2322 Petro
647 2279 793 2336 papa
827 2264 975 2321 sedit
1001 2279 1179 2320 annos
1212 2268 1295 2318 12.
1332 2263 1654 2320 Antiochiae
1683 2277 1885 2319 secun-

237 2355 346 2413 dus
379 2354 690 2426 episcopus
720 2353 980 2424 lgnatius
1021 2353 1346 2408 ordinatur.

308 2444 412 2511 (H.
455 2443 556 2513 Β.)
602 2442 753 2498 Nero
804 2441 1123 2496 Romanum
1189 2439 1493 2512 imperium
1536 2438 1883 2495 deformavit

233 2530 512 2587 inusitate
544 2528 775 2586 luxurie
801 2532 1276 2599 sumptuumque,
1332 2532 1501 2583 utens
1549 2527 1774 2597 frigidis
1822 2530 1881 2582 et

231 2617 439 2675 calidis
474 2617 745 2687 ungentis
776 2620 834 2671 et
867 2616 1064 2671 aureis
1097 2615 1151 2670 in
1178 2615 1457 2686 piscando
1483 2614 1744 2680 retibus;
1771 2613 1880 2670 sal-

230 2707 375 2765 tavit
391 2707 567 2763 etiam
592 2710 650 2762 et
675 2704 1004 2761 eantavitin
1028 2718 1224 2769 scena;
1250 2703 1390 2759 nihil
1415 2704 1468 2758 in
1495 2703 1650 2759 bello
1674 2717 1873 2772 ausus,

229 2794 614 2852 Britthaniam
642 2807 792 2865 pene
820 2792 1030 2849 amisit.
1068 2793 1265 2848 Hostis
1304 2791 1538 2847 tandem
1587 2807 1618 2847 a
1669 2796 1872 2848 senatu

228 2882 662 2954 pronuntiatus,
691 2896 822 2937 cum
846 2880 917 2936 ad
939 2893 1144 2950 penam
1169 2886 1534 2950 quereretur,
1557 2884 1765 2950 captus
1783 2885 1876 2935 est

228 2969 462 3042 publice
495 2969 676 3038 virgis
707 2983 904 3037 cesus,
933 2983 964 3023 e
987 2982 1127 3023 saxo
1146 2967 1550 3038 praecipitatus
1586 2965 1729 3022 “est
1762 2984 1776 3033 ;
1817 2973 1873 3022 et

229 3057 459 3127 fugiens
483 3062 693 3126 quarto
715 3057 787 3112 ab
810 3056 964 3110 Urbe
990 3053 1236 3109 miliario
1253 3054 1307 3108 in
1325 3053 1871 3110 suburbanoliberti

228 3146 318 3202 sui
344 3159 407 3202 se
441 3145 739 3201 interfecit
770 3159 952 3200 annos
975 3143 1166 3199 aetatis
1195 3146 1282 3213 31,
1314 3142 1540 3213 imperii
1567 3146 1661 3208 14;
1697 3147 1871 3213 atque

225 3233 282 3291 in
311 3249 380 3291 eo
435 3234 622 3291 omnis
664 3233 908 3303 Augusti
954 3232 1165 3288 familia
1201 3235 1547 3302 consumpta
1579 3235 1688 3288 est.

295 3321 472 3380 Galba
497 3323 762 3394 regnavit
786 3335 1014 3378 menses
1036 3324 1086 3375 7.
1111 3321 1212 3376 llic
1235 3321 1306 3376 ab
1323 3320 1534 3376 Ottone
1563 3319 1869 3391 jugulatus

222 3412 280 3468 in
305 3412 430 3469 foro
445 3413 663 3483 Romae,
689 3411 957 3483 sepultus
979 3414 1069 3466 est
1101 3411 1156 3466 in
1181 3409 1371 3466 hortis
1400 3409 1521 3466 suis
1552 3425 1700 3466 anno
1732 3414 1869 3467 :cta-

219 3500 300 3556 tis
329 3503 418 3570 73,
450 3501 541 3557 via
575 3500 808 3556 Aurelia
844 3514 955 3555 non
985 3497 1155 3566 longe
1185 3498 1257 3553 ab
1298 3499 1471 3554 Urbe.

2003 1917 2353 1986 construxit,
2391 1917 2446 1972 in
2477 1920 2645 1988 cujus
2677 1919 3044 1975 dedicatione
3077 1924 3214 1986 5000
3246 1922 3495 1978 ferarum
3552 1936 3646 1977 oc-

2001 1998 2164 2057 cidit.

2071 2093 2119 2144 2.
2159 2091 2257 2158 (Η.
2291 2095 2390 2165 Β.)
2424 2094 2622 2152 Cletus
2655 2111 2798 2167 papa
2833 2096 3125 2153 secundus
3151 2097 3297 2152 sedit
3331 2112 3512 2154 annos
3555 2103 3637 2155 12.

1997 2177 2173 2246 Tytus
2210 2181 2262 2235 in
2295 2187 2495 2238 eadem
2526 2183 2663 2239 villa
2698 2200 2808 2254 qua
2849 2188 2908 2240 et
2941 2188 3106 2256 pater
3136 2185 3280 2240 obiit
3309 2199 3458 2241 anno
3506 2191 3643 2244 teta-

1997 2265 2074 2320 tis
2105 2269 2192 2337 42,
2233 2269 2459 2340 imperii
2485 2286 2682 2327 mense
2713 2275 2766 2342 8,
2795 2273 2888 2328 die
2919 2277 3005 2328 20.
3042 2275 3144 2328 Hic
3177 2277 3337 2328 tante
3362 2274 3640 2331 bonitatis

1994 2364 2142 2423 erat,
2165 2360 2371 2413 utcum
2399 2358 2440 2391 ¹⁸
2463 2361 2712 2429 quodam
2738 2361 2831 2416 die
2856 2362 3201 2417 recordatus
3216 2367 3370 2418 esset
3408 2362 3461 2417 in
3498 2377 3638 2419 cena

1993 2447 2136 2504 nulli
2169 2461 2231 2503 se
2256 2446 2357 2502 illo
2387 2445 2430 2478 1‘
2462 2447 2555 2502 die
2585 2447 2891 2518 quicquam
2948 2448 3315 2520 praestitisse,
3365 2449 3588 2506 diceret
3624 2471 3635 2505 :

1992 2535 2384 2605 Amici,kodie
2407 2535 2560 2592 diem
2583 2535 2842 2606 perdidi.
2897 2535 3296 2594 Hierosolimis
3333 2542 3399 2594 12
3432 2554 3640 2610 propu-

1989 2630 2267 2694 gnatores
2302 2628 2367 2678 12
2397 2624 2632 2694 sagittis
2679 2624 2960 2680 conflixit.

2062 2713 2162 2782 (H.
2186 2714 2281 2783 ιδ’.)
2307 2713 2666 2768 Domitianus
2692 2731 2702 2766 :
2733 2713 2915 2767 frater
2942 2713 3089 2782 Tyti,
3125 2714 3386 2782 regnavit
3417 2729 3544 2770 ann.
3571 2719 3634 2770 1:5

1989 2816 2217 2857 menses
2237 2805 2286 2856 δ.
2317 2800 2417 2856 Hic
2441 2801 2697 2856 infectus
2723 2801 2994 2858 omnibus
3015 2801 3356 2874 sceleribus,
3379 2803 3633 2860 secunde

1988 2889 2365 2960 prosequitur
2412 2889 2783 2945 christianos.

2059 2981 2106 3032 1.
2143 2977 2502 3033 Domitianus
2529 2977 2826 3032 eunuchos
2850 2976 3148 3048 prohibuit
3203 2976 3346 3033 fieri.

2049 3069 2100 3120 2.
2134 3067 2311 3136 Tytus
2343 3065 2495 3120 inter
2527 3065 2670 3120 deos
2695 3066 2933 3121 decreto
2957 3071 3194 3122 senatus
3216 3067 3484 3123 refertur.

2054 3157 2107 3209 3.
2146 3155 2286 3209 Tres
2321 3154 2576 3223 virgines
2607 3155 2798 3209 Vesta:
2829 3155 2902 3209 ob
2946 3158 3212 3225 stuprum
3263 3153 3626 3211 damnantur.

2056 3244 2106 3298 4.
2135 3242 2307 3298 Arian
2319 3257 2405 3311 us,
2427 3241 2646 3313 primus
2669 3241 3033 3298 Alexandriz-e
3050 3249 3183 3314 post
3200 3244 3446 3298 Marcum
3461 3257 3630 3300 evan-

1980 3331 2250 3401 gelistam
2274 3331 2611 3402 episcopus,
2639 3335 2773 3401 post
2795 3345 2926 3386 ann.
2950 3335 3019 3386 22
3040 3330 3202 3387 obiit.
3238 3333 3350 3386 Pro
3370 3332 3628 3402 qqubi-

1981 3419 2097 3476 lius
2131 3419 2283 3476 sedit
2322 3433 2454 3474 ann.
2510 3423 2595 3474 13.

2051 3512 2103 3563 6.
2154 3507 2516 3563 Domitianus
2568 3521 2629 3563 se
2677 3507 2845 3564 deum
2894 3512 2951 3563 et
3003 3507 3295 3565 dominum
3343 3506 3621 3580 appellari

290 3588 429 3645 Otto
453 3601 682 3644 menses
703 3591 752 3642 3.
783 3586 888 3652 Qui
913 3601 1042 3642 cum
1068 3599 1130 3641 se
1154 3601 1184 3641 a
1207 3585 1442 3642 Vitellio
1464 3585 1617 3642 vinei
1641 3586 1868 3643 videret
1972 3595 2168 3666 jussit.

218 3681 404 3733 semet
432 3675 730 3731 intrefecit
757 3674 909 3745 apud
943 3673 1273 3730 Betriacum
1311 3673 1493 3729 Italia;
1541 3689 1689 3730 anno
1732 3678 1867 3731 aeta-

217 3763 298 3820 tis
326 3766 412 3834 38,
444 3765 511 3818 95
542 3760 772 3833 imperii
804 3759 916 3816 die.
953 3760 1021 3815 Hi
1056 3766 1178 3816 tres
1208 3760 1377 3816 simul
1413 3766 1541 3830 post
1581 3762 1864 3817 Neronem

217 3849 524 3923 imperium
576 3852 923 3920 rapuerunt,
976 3846 1157 3902 Galba
1203 3847 1258 3903 in
1281 3847 1545 3918 hispania
1593 3848 1864 3907 Vltellius

215 3938 273 3994 in
305 3937 630 4006 Germania,
663 3936 799 3991 Otto
829 3937 1042 3991 Romae.

287 4026 389 4096 (H.
413 4027 480 4082 δν.
507 4057 576 4066 --
604 4024 683 4081 Η.
711 4027 782 4082 R.
804 4056 872 4065 —
896 4024 1092 4094 Ouos.)
1117 4023 1387 4080 Vitellius
1419 4039 1643 4083 menses
1671 4030 1722 4083 8.
1760 4027 1864 4084 Ve-

214 4115 522 4188 spasianus
556 4115 608 4170 in
632 4114 814 4170 Iudea
841 4128 1124 4184 pugnans,
1153 4113 1469 4185 imperator
1493 4117 1563 4171 ab
1595 4119 1860 4174 exercitu

211 4204 588 4261 constitutus.
617 4202 888 4260 Vitellius
912 4207 1120 4273 captus
1151 4217 1180 4258 a
1211 4203 1552 4274 Vespasiani
1586 4204 1856 4277 ducibus,

210 4292 381 4362 cujus
409 4291 645 4347 fratrem
672 4290 943 4346 Sabinum
969 4290 1024 4345 in
1050 4290 1338 4362 Capitolio
1361 4292 1640 4364 incendit,
1668 4294 1860 4351 nudus

211 4395 316 4452 per
341 4382 549 4437 Urbem
571 4378 799 4452 publice
821 4378 1095 4449 trahitur,
1118 4379 1310 4436 fimum
1334 4372 1390 4436 in
1414 4397 1479 4436 os
1495 4381 1620 4451 ejus
1643 4384 1856 4454 passim

203 4469 566 4541 jactantibus
585 4468 936 4538 tandemque
958 4467 1262 4537 jugulatus
1292 4469 1350 4523 in
1372 4469 1635 4539 Tyberim
1651 4471 1856 4541 projici

207 4561 324 4629 tur,
361 4573 510 4615 anno
536 4557 731 4615 aetatis
763 4560 849 4627 57,
887 4571 1083 4612 mense
1116 4556 1343 4628 imperii
1377 4561 1430 4628 8,
1459 4558 1552 4614 die
1576 4559 1782 4630 primo.

279 4646 379 4716 (Η.
405 4646 913 4718 R.)Vespasianus
937 4661 1118 4702 annos
1151 4650 1200 4717 9,
1230 4661 1457 4702 menses
1491 4650 1576 4717 10,
1611 4646 1736 4704 dies
1769 4653 1855 4720 12,

205 4733 297 4793 vir
326 4734 560 4792 militari
593 4735 814 4792 virtute
850 4734 1198 4806 prtecipuus,
1233 4735 1484 4792 obscure
1529 4737 1718 4792 tamen
1770 4753 1857 4794 na-

206 4828 320 4882 tus.

274 4913 375 4984 (Η.
403 4911 499 4985 ις’.)
529 4913 693 4968 Anno
724 4910 889 4980 regni
921 4910 1095 4980 hujus
1129 4915 1179 4981 1,
1203 4911 1368 4968 Titus
1383 4909 1598 4971 Iudeos
1628 4913 1856 4974 inenar-

205 4999 373 5058 rabili
407 5001 554 5057 fame
583 4999 879 5058 cruciatos
912 4998 1163 5062 obsedit.

271 5093 324 5146 2.
351 5088 714 5148 Hierusalem
747 5103 776 5145 a
805 5087 930 5144 Tito
965 5087 1289 5145 destruitur
1320 5104 1468 5146 anno
1499 5106 1528 5148 a
1575 5093 1850 5164 passione

202 5177 423 5236 Domini
457 5182 545 5250 40,
595 5194 626 5238 a
677 5178 859 5252 prima
912 5175 1244 5234 conditione
1295 5179 1496 5252 templi
1546 5182 1652 5238 sub
1693 5183 1851 5241 Sale-

202 5280 372 5324 mone
401 5270 558 5324 1089.
968 5283 971 5286 ·

272 5358 324 5413 6.
354 5354 640 5428 Iosephus
670 5353 1195 5430 hystoriographus
1223 5354 1418 5416 clarus
1466 5358 1735 5418 habetur.

2049 3687 2099 3740 9.
2135 3685 2375 3741 Heresis
2407 3683 2704 3742 Manandri
2739 3685 2884 3755 magi
2937 3691 2997 3740 et
3027 3684 3274 3742 aliorum
3307 3684 3620 3742 multorum

1977 3773 2264 3829 exoritur.

2050 3866 2134 3918 10.
2169 3862 2409 3918 Romani
2440 3862 2620 3919 multa
2650 3862 2798 3919 mala
2834 3878 2863 3919 a
2895 3877 3114 3920 caesare
3145 3867 3202 3920 et
3235 3863 3307 3918 ab
3354 3861 3621 3919 hostibus

1975 3950 2366 4022 pertulerunt.

2049 4045 2132 4095 11.
2159 4039 2525 4095 Domitianus
2558 4039 2628 4096 de
2659 4040 2827 4096 Dacis
2857 4044 2916 4095 et
2947 4039 3245 4095 Germanis
3279 4038 3613 4109 triumphat.

2047 4132 2131 4183 12.
2171 4128 2435 4184 Clemens
2467 4141 2616 4198 papa
2647 4127 2872 4183 tercius
2903 4127 3053 4182 sedit
3087 4142 3218 4182 ann.
3250 4130 3302 4182 9.
3356 4125 3615 4182 Cornelia

1973 4217 2136 4286 virgo
2165 4215 2420 4272 Vestalis
2449 4218 2524 4272 ob
2559 4222 2828 4287 stuprum
2858 4217 2986 4273 viva
3018 4217 3248 4272 defossa
3296 4220 3402 4272 est.

2046 4309 2129 4360 13.
2148 4306 2510 4362 Domitianus
2533 4304 2751 4360 multos
2783 4303 3064 4360 nobilium
3095 4303 3331 4360 occidit.

2045 4397 2128 4448 14.
2154 4394 2446 4450 Iohannes
2469 4393 2772 4465 apostolus
2799 4393 2852 4448 in
2875 4393 3150 4448 Pathmos
3173 4391 3420 4449 insulam
3450 4405 3480 4446 a
3512 4391 3615 4446 Do-

1974 4480 2212 4538 mitiano
2243 4481 2418 4538 exilio
2449 4483 2680 4552 missus,
2727 4480 3100 4552 apocalypsin
3146 4480 3401 4552 scripsit.

1890 4557 1942 4616 D
2046 4574 2132 4625 15.
2165 4569 2526 4626 Domitianus
2558 4569 2806 4626 Flaviam
2839 4568 3191 4624 Domitillam
3239 4583 3369 4624 cum
3418 4565 3613 4624 multis

1972 4657 2182 4716 aliisin
2213 4658 2449 4716 exilium
2492 4673 2596 4730 pro
2627 4657 2739 4714 fide
2788 4657 3004 4713 Christi
3055 4656 3362 4726 relegavit.

2041 4752 2124 4804 16.
2176 4749 2275 4818 (Η.
2303 4749 2401 4818 R.)
2424 4747 2786 4804 Domitianus
2807 4746 3134 4803 cummulta
3166 4745 3313 4800 mala
3356 4743 3607 4811 fecisset,

1968 4835 2288 4894 crudeliter
2312 4836 2435 4892 suis
2457 4835 2826 4891 interfecitur
2847 4849 2996 4891 anno
3017 4833 3213 4891 atatis
3261 4837 3346 4902 35,
3383 4829 3607 4903 imperii

1968 4930 2052 4983 15.
2086 4926 2192 4983 Hic
2220 4924 2436 4981 nullam
2467 4925 2578 4980 sibi
2611 4924 2718 4980 nisi
2749 4938 2983 4984 auream
3013 4928 3114 4979 aut
3141 4927 3478 4992 argenteam
3502 4925 3611 4977 sta-

1965 5019 2125 5073 tuam
2155 5015 2210 5070 in
2235 5013 2520 5086 Capitolio
2546 5027 2754 5085 passus
2771 5017 2860 5070 est
2877 5011 3013 5084 poni
3033 5010 3449 5079 ;consobrinos
3470 5021 3608 5066 suos

1965 5105 2470 5254 ωέῗῗᾟζάρννθ
2502 5195 2681 5238 senex
2705 5196 2834 5238 ann.
2860 5186 2911 5254 1,
2937 5195 3166 5238 menses
3202 5183 3250 5250 4,
3278 5179 3402 5236 dies
3416 5181 3467 5232 8.
3506 5175 3604 5232 llic

1961 5273 2209 5347 primum
2240 5271 2432 5328 edicto
2463 5288 2567 5329 suo
2605 5286 2805 5328 omnes
2853 5269 3057 5328 exules
3106 5268 3422 5327 revocavit.
3475 5265 3580 5322 San

1959 5364 2091 5420 ctus
2125 5359 2167 5394 ¹⁸
2194 5359 2484 5418 Iohannes
2516 5359 2588 5418 ab
2608 5359 2783 5417 exilio
2797 5357 3053 5431 rediens,
3079 5356 3442 5428 evangelium
3465 5353 3603 5411 scri-

1559 5521 1797 5578 VARl/E
1837 5520 2239 5583 LECTIONES.

271 5649 314 5689 “
342 5649 683 5730 praecipitus
713 5664 761 5709 c.
841 5648 883 5686 ¹²
907 5651 1127 5712 nulli’c'
1208 5652 1250 5687 ¹³
1273 5653 1495 5714 deestc.
1539 5652 1846 5715 “illacorr
1883 5655 1984 5744 illo
2011 5670 2044 5719 c
2082 5654 2124 5691 ι’
2165 5653 2376 5711 Sancte
2420 5656 2468 5709 1.
