3894 6408
266 426 383 493 465

1052 425 1491 497 CHRONICA.
1525 467 1605 480 —
1634 431 2109 502 CHRONICON
2150 429 2882 503 WIRZIBURGENSE.

3554 424 3675 495 466

270 560 404 636 psit.
438 561 623 617 Nerva
648 560 853 619 morbo
875 562 1183 621 confectus
1215 564 1360 621 obiit
1391 579 1540 622 anno
1570 566 1763 623 atatis
1802 571 1864 624 71
1896 583 1911 634 ;
1949 568 1998 629 A
2096 571 2130 624 2
2158 569 2447 628 Adrianus
2473 568 2687 626 Judeos
2718 566 2928 624 iterum
2962 562 3254 638 proﬂigat.

266 650 528 721 regnavit
559 662 690 706 ann.
727 655 778 721 1,
813 652 1110 709 mensibus
1144 657 1195 723 4,
1233 652 1442 711 diebus
1473 658 1524 710 8.
1563 655 1662 727 (H.
1700 656 1914 727 R.)llic

268 739 322 794 in
358 738 582 811 privata
615 738 735 795 vita
768 740 1106 798 moderatus
1136 756 1201 798 ac
1230 745 1566 813 strennuus,
1592 743 1918 801 nobilitatis

271 827 495 896 media,
529 840 765 891 operam
799 828 973 883 dante
1005 829 1283 885 Petronio
1315 831 1594 901 prafeeto
1633 832 1912 902 praetorii,

271 914 409 970 item
448 914 738 984 Paternio,
794 915 1169 972 interfectore
1218 918 1546 988 Domitiani,
1601 918 1917 989 imperator

271 1001 481 1072 factus,
543 1002 942 1072 aquissimum
987 1019 1049 1060 se
1081 1019 1147 1060 ac
1194 1004 1591 1062 civilissimum
1646 1007 1912 1078 prabuit.

271 1090 574 1161 Trajanum
607 1091 664 1146 in
694 1105 934 1161 regnum
966 1092 1285 1163 adoptavit.

342 1179 442 1250 (H.
473 1179 569 1251 δ’.)
598 1178 878 1250 Trajanus
906 1194 1121 1250 genere
1150 1180 1441 1252 Hispanus
1470 1196 1596 1239 ann.
1633 1181 1720 1253 19,
1763 1195 1917 1238 men-

269 1280 367 1323 ses
397 1270 448 1337 6,
485 1265 611 1322 dies
643 1272 726 1322 15.

344 1360 391 1410 1.
429 1357 593 1412 Anno
615 1355 779 1425 regni
812 1356 1070 1425 ejusdem
1105 1356 1471 1415 Alexandria
1491 1358 1677 1415 Cerdo
1696 1359 1917 1416 tercius

266 1442 578 1514 episcopus
611 1444 765 1500 sedit
796 1458 926 1500 ann.
964 1448 1049 1500 12.

338 1536 390 1589 2.
418 1532 712 1587 Johannes
745 1533 1047 1604 apostolus
1064 1533 1214 1604 apud
1230 1535 1515 1606 Ephesum
1540 1535 1909 1605 obdormivit,

270 1632 420 1675 anno
449 1633 479 1673 a
512 1618 779 1690 passione
810 1621 1032 1676 Domini
1061 1624 1150 1679 68.

339 1708 690 1765 Eevarestus
719 1722 865 1779 papa
894 1717 1137 1779 quartus
1168 1711 1321 1767 sedit
1351 1726 1481 1767 ann.
1513 1715 1565 1767 8.

340 1792 617 1863 Trajanus
668 1793 882 1851 multas
927 1800 1134 1867 gentes
1183 1799 1440 1855 Rcmano
1495 1798 1744 1867 subjecit
1813 1798 1914 1853 im-

268 1896 452 1954 perio.

2098 662 2147 714 3.
2184 658 2378 715 Sixtus
2409 672 2559 730 papa
2593 659 2799 712 sextus
2829 654 2985 711 sedit
3015 667 3146 709 ann.
3182 656 3268 707 10.

2097 748 2147 801 4.
2181 747 2568 802 Terramotus
2596 746 2784 800 factus
2813 746 2920 798 est.

2097 838 2148 888 5.
2183 833 2473 890 Adrianus
2504 830 2960 888 Atheniensibus
2992 828 3181 898 legem
3211 825 3396 883 dedit.

2097 924 2147 976 6.
2185 919 2548 975 Alexandria
2576 918 2839 973 Justinus
2864 916 3178 988 episcopus
3222 912 3375 970 sedit
3426 919 3667 972 ann.11.

2097 1014 2147 1062 7.
2184 1007 2586 1064 llierosolima
2617 1005 2931 1077 episcopus
2962 1005 3176 1060 Seneca
3216 1002 3495 1062 decimus.
3529 1003 3671 1059 Post

2026 1096 2177 1151 hunc
2205 1098 2410 1153 Justus
2441 1095 2794 1151 undecimus.
2842 1091 3055 1150 Deinde
3106 1092 3259 1148 Levi.
3313 1094 3450 1149 Post
3499 1104 3667 1161 quem

2027 1183 2227 1241 Effres.
2262 1186 2469 1241 Postea
2517 1186 2729 1240 Jesses.
2788 1185 2929 1239 Post
2981 1182 3135 1239 hunc
3179 1180 3359 1238 Judas
3407 1177 3668 1252 episcopi

2028 1272 2280 1329 fuerunt.

2095 1363 2155 1416 11
2208 1360 2550 1418 Saturnides
2606 1365 2668 1417 et
2735 1359 2830 1417 alii
2901 1359 3017 1416 duo
3083 1357 3338 1416 heresim
3397 1354 3671 1415 condide-

2023 1451 2178 1503 runt.

2096 1540 2179 1591 12.
2210 1536 2639 1608 Thelesphorus
2667 1551 2814 1608 papa
2846 1535 2997 1593 sedit
3028 1548 3159 1593 ann.
3196 1538 3281 1589 11.

2096 1626 2179 1678 13.
2213 1625 2534 1681 Antiochia
2562 1623 2950 1681 constituitur
2977 1621 3283 1679 Cornelius
3324 1618 3661 1692 episcopus.

2096 1713 2178 1765 14.
2211 1701 2509 1783 Nicopolis
2542 1717 2599 1768 et
2634 1714 2880 1768 Cesarea
2911 1714 3249 1768 terramotu
3291 1709 3659 1765 corruerunt.

2098 1803 2179 1853 15.
2212 1800 2506 1871 Templum
2537 1800 2780 1856 Veneris
2811 1801 3006 1855 Roma
3042 1799 3254 1854 factum
3282 1800 3396 1852 est.

1942 1913 1993 1970 Β
2096 1890 2177 1941 17.
2214 1886 2376 1942 Judei
2407 1886 2757 1944 Palestinam
2808 1884 3253 1958 depopulantur.
3299 1879 3663 1940 Alexandria

338 1975 389 2027 6.
425 1970 686 2040 Symeon,
724 1969 951 2043 Cfeopa
982 1972 1155 2044 filius,
1199 1975 1552 2031 Hierusalem
1600 1976 1912 2047 episcopus
1944 1969 1980 1970 ί
2024 1973 2310 2030 Eumenes
2338 1975 2653 2046 episcopus
2684 1974 2834 2031 sedit
2867 1988 2996 2030 ann.
3034 1976 3120 2028 13.

267 2057 634 2127 cruciﬁgitur
664 2072 812 2115 anno
843 2060 1037 2117 atatis
1071 2066 1189 2118 120.
1226 2064 1336 2118 Pro
1370 2078 1483 2133 quo
1511 2065 1711 2120 Justus
1760 2063 1912 2119 ordi-

269 2150 464 2202 natur.
500 2145 760 2215 lgnatius
790 2147 1113 2205 Antiochia
1136 2150 1447 2221 episcopus
1476 2152 1672 2207 Roma
1705 2151 1912 2207 bestiis

266 2233 545 2291 traditur.
580 2236 692 2291 Pro
723 2250 837 2306 quo
872 2236 1044 2292 Orion
1077 2238 1480 2296 constituitur.

338 2324 390 2377 8.
423 2322 811 2380 Terramotus
841 2325 1055 2381 inultas
1086 2327 1265 2383 urbes
1307 2327 1558 2398 subruit,
1624 2332 1683 2382 et
1736 2342 1909 2384 aurea

265 2407 473 2466 domus
496 2409 765 2467 incendio
797 2411 989 2482 periit.
1044 2414 1111 2467 Et
1148 2414 1466 2470 Pantheum
1509 2412 1745 2471 fulmine
1787 2430 1911 2471 cre-

268 2500 483 2553 matum
516 2501 626 2552 est.

338 2587 390 2639 9.
420 2582 643 2641 Plinius
673 2585 973 2643 Secundus
1001 2587 1396 2660 phylosophus
1418 2589 1615 2646 clarus
1637 2604 1739 2662 pro
1761 2590 1911 2645 chri-

268 2671 478 2728 stianis
505 2672 807 2743 Trajanum
848 2675 1093 2745 mitigat.

341 2763 407 2815 12
446 2760 774 2817 Alexander
802 2777 948 2835 papa
983 2764 1223 2834 quintus
1249 2765 1399 2821 sedit
1434 2780 1563 2822 ann.
1602 2771 1684 2823 10.

342 2852 424 2904 13.
461 2848 691 2906 Primus
723 2855 970 2921 quartus
1003 2851 1370 2911 Alexandria
1400 2855 1715 2927 episcopus
1756 2854 1911 2911 sedit

268 2939 521 2992 ann.12.

339 3026 423 3080 14.
457 3026 596 3081 Post
616 3026 646 3081 J
652 3028 843 3083 ustum
864 3027 1271 3084 Iherusalema
1289 3029 1624 3101 episcopum
1656 3031 1912 3087 Zacheus

266 3110 438 3169 sedit.
498 3113 638 3168 Post
686 3128 855 3184 quem
903 3115 1128 3171 Tobias.
1182 3117 1322 3171 Post
1381 3118 1531 3173 hunc
1592 3118 1905 3188 Benjainin.

266 3198 483 3254 Deinde
511 3200 820 3256 Johannes.
854 3203 989 3258 Post
1023 3218 1190 3273 quem
1224 3204 1549 3261 Mathatias.
1583 3205 1684 3260 Cui
1714 3220 1911 3262 succe-

266 3283 352 3339 dit
383 3285 703 3343 Philippus.
1941 3257 1988 3317 C
2026 3292 2064 3343 H

2072 3304 2208 3346 eros
2236 3290 2637 3347 constituitur.

266 3283 352 3339 dit
383 3285 703 3357 Philippus.

339 3375 423 3429 16.
459 3373 736 3444 Trajanus
766 3376 1115 3448 Armeniam,
1151 3378 1441 3449 Assyriam
1475 3378 1537 3450 ³⁸,
1589 3379 1911 3451 Mesopota—

267 3460 437 3516 miam
471 3463 798 3531 provincias
827 3464 985 3520 fecit.

340 3552 423 3605 18.
454 3551 621 3607 Judei
670 3553 946 3608 commoti
997 3568 1232 3623 magnas
1274 3554 1446 3611 cedes
1496 3557 1788 3613 hominum
1835 3559 1913 3613 fa-

266 3636 427 3693 ciunt
455 3655 468 3702 ;
502 3639 604 3695 sed
627 3639 683 3694 in
714 3640 1062 3696 Alexandria
1093 3642 1254 3709 victi,
1286 3645 1358 3699 ab
1386 3643 1653 3699 omnibus
1696 3645 1911 3716 ubique

267 3724 659 3782 trucidantur.
692 3727 1081 3785 Tcrramotus
1122 3734 1300 3785 totam
1349 3745 1492 3802 pene
1548 3732 1910 3788 Antiochiam

268 3810 521 3867 subruit.

342 3903 427 3955 19.
466 3901 744 3971 Trajanus
772 3904 1053 3975 proﬂuvio
1082 3904 1305 3961 ventris
1335 3906 1584 3962 moritur
1611 3921 1761 3963 anno
1777 3911 1914 3964 ata-

272 3985 353 4041 tis
384 3988 475 4056 64,
506 4003 704 4046 mense
734 3995 786 4059 9,
821 3992 913 4047 die
945 3994 995 4061 4,
1038 3992 1262 4064 imperii
1314 3996 1400 4064 19,
1452 4008 1650 4050 mense
1704 4000 1755 4065 6,
1818 3996 1911 4051 die

272 4078 358 4130 16.
388 4075 556 4133 Solus
576 4078 828 4135 omnium
854 4080 999 4136 infra
1024 4081 1232 4136 l'rhem
1256 4080 1528 4152 sepultus
1553 4086 1661 4137 est.
1685 4084 1786 4151 (Η.
1813 4085 1910 4155 R.)

271 4162 416 4219 Ossa
448 4164 574 4235 ejus
607 4165 821 4222 collata
850 4169 908 4223 in
942 4183 1143 4225 urnam
1176 4184 1430 4237 auream,
1473 4169 1529 4225 in
1581 4171 1705 4226 foro
1758 4172 1909 4241 quod

266 4250 577 4307 adiﬁcavit
629 4255 737 4311 sub
787 4255 1053 4312 columna
1108 4258 1297 4329 posita
1344 4261 1517 4323 sunt;
1565 4260 1734 4329 cujus
1783 4259 1913 4315 alti-

270 4339 407 4402 tado
437 4343 539 4399 140
572 4344 749 4416 pedes
777 4343 971 4399 habet.
1001 4345 1180 4415 Hujus
1203 4349 1424 4402 tantum
1450 4347 1740 4403 memoria
1761 4346 1913 4403 dela-

267 4437 391 4488 tum
426 4436 537 4503 est,
572 4436 632 4489 ut
666 4446 851 4502 usque
884 4431 954 4488 ad
984 4437 1246 4489 nostram
1268 4437 1501 4489 atatem
1524 4448 1638 4491 non
1661 4434 1832 4491 aliter
1854 4435 1911 4491 in

269 4523 476 4578 senatu
510 4519 871 4593 principibus
899 4519 1254 4577 acclametur
1285 4520 1327 4553 ¹⁷
1359 4520 1465 4578 nisi
1493 4541 1505 4575 :
1534 4523 1785 4580 Felicior
1803 4525 1914 4580 Au-

2093 2064 2178 2116 18.
2210 2063 2376 2118 Judei
2412 2063 2633 2132 magnis
2665 2063 2881 2134 ubique
2911 2060 3157 2117 cedibus
3187 2060 3525 2115 enecantur.

2095 2152 2177 2204 19.
2216 2150 2572 2206 Hierusalem
2605 2152 2676 2205 ab
2701 2150 2862 2205 Helio
2887 2148 3140 2204 Adriano
3166 2147 3441 2217 reparata
3465 2145 3576 2211 est,
3603 2145 3660 2198 et

2020 2250 2091 2289 ex
2123 2237 2249 2306 ejus
2279 2238 2507 2292 nomine
2540 2237 2698 2292 Helia
2735 2240 3086 2307 nuncupata.

2090 2326 2176 2380 20.
2213 2325 2442 2382 Primus
2472 2340 2543 2381 ex
2578 2326 2855 2396 gentibus
2900 2321 3300 2380 Hierosolima
3346 2320 3662 2392 episcopus

2021 2412 2245 2468 Marcus
2274 2412 2603 2480 ordinatur,
2630 2429 2759 2472 cum
2787 2413 2903 2484 jam
2936 2410 3264 2484 quindecim
3295 2422 3368 2465 ex
3421 2405 3658 2464 Judaica

2019 2505 2192 2569 gente
2224 2501 2507 2558 obissent.

2090 2591 2178 2643 21.
2233 2589 2520 2645 Adrianus
2571 2592 2772 2647 morbo
2826 2586 3138 2645 intercutis
3189 2597 3355 2656 aqua
3413 2580 3660 2638 moritur

2024 2676 2204 2745 major
2237 2679 2635 2748 sexagenario.

2092 2765 2380 2821 Antonius
2409 2769 2794 2835 cognomento
2820 2764 2961 2820 Pius
3007 2775 3139 2818 ann.
3189 2763 3278 2829 22,
3332 2769 3561 2813 menses
3606 2758 3656 2810 3.

2023 2849 2135 2905 lste
2164 2850 2421 2908 clemens
2447 2853 2696 2910 efﬁcitur
2734 2848 3093 2908 christianis.

2095 2941 2256 2995 Anno
2287 2942 2447 3010 regni
2478 2941 2649 3011 hujus
2677 2945 2727 3010 1,
2758 2940 2978 3008 Yginus
3010 2949 3157 3009 papa
3187 2932 3469 3005 septimus
3510 2930 3665 2988 sedit

2021 3039 2152 3081 ann.
2190 3029 2238 3082 4.
2275 3028 2617 3085 Valentinus
2648 3031 2706 3083 et
2742 3025 2928 3081 Cerdo
2967 3022 3272 3080 ecclesiam
3320 3017 3515 3076 heresi
3564 3018 3665 3075 im-

2020 3118 2298 3185 pugnanL

2091 3206 2143 3257 6.
2175 3203 2312 3259 Pius
2344 3217 2491 3274 papa
2522 3201 2674 3257 sedit
2705 3215 2835 3256 ann.
2872 3204 2957 3254 16.
2997 3196 3315 3255 Antiochia
3347 3194 3664 3267 episcopus

2090 3381 2143 3434 8.
2180 3378 2547 3435 Alexandria
2579 3362 2804 3434 Marcus
2830 3376 3146 3448 episcopus
3191 3373 3346 3431 sedit
3393 3386 3524 3428 ann.
3576 3373 3661 3426 10.

2094 3470 2179 3522 19.
2204 3466 2569 3523 Alexandria
2594 3464 2883 3522 Caladion
2913 3463 3222 3536 episcopus
3245 3460 3400 3517 sedit
3416 3474 3546 3516 ann.
3578 3460 3661 3515 14.

2089 3559 2177 3609 21.
2214 3553 2492 3609 Anicetus
2526 3566 2669 3623 papa
2703 3551 2962 3607 decimus
2984 3549 3135 3607 sedit
3167 3562 3297 3604 ann.
3326 3551 3417 3603 11.
3467 3545 3667 3600 Hiero-

2021 3640 2238 3699 solima
2265 3641 2573 3699 Cassianus
2585 3640 2902 3712 episcopus
2921 3638 3249 3705 ordinatur,
3267 3633 3537 3703 Publius,
3558 3633 3668 3689 Ma-

2020 3730 2233 3795 ximus,
2263 3729 2555 3800 Julianus,
2584 3727 2820 3795 Gainus,
2867 3725 3201 3797 Symachus,
3250 3721 3445 3790 Gaius,
3491 3720 3668 3776 Julia-

2029 3833 2155 3887 nus,
2190 3818 2409 3889 Capito.

2091 3910 2183 3961 23.
2217 3905 2506 3962 Antonius
2535 3903 2674 3959 Pius
2704 3901 2855 3974 apud
2903 3900 3130 3957 Lorium
3180 3898 3325 3955 obiit
3373 3904 3440 3955 77
3479 3896 3674 3955 atatis

2023 4008 2189 4048 anno.

2094 4070 2318 4137 Marcus
2352 4079 2638 4136 Antonius
2668 4079 2859 4136 Verus
2890 4091 3018 4134 cum
3063 4077 3242 4132 fratre
3291 4074 3465 4131 Lucio
3514 4075 3675 4130 Com-

2023 4168 2191 4225 modo
2224 4167 2459 4225 Aurelio
2490 4182 2620 4223 ann.
2654 4171 2741 4237 19,
2778 4179 2976 4221 mense
3011 4168 3057 4222 1.
3096 4164 3160 4220 Hi
3192 4178 3360 4235 aquo
3392 4164 3525 4233 jure
3573 4161 3669 4217 ad-

2026 4256 2504 4312 ministraverunt
2538 4255 2863 4325 imperium.

2093 4344 2275 4415 Regni
2306 4343 2393 4400 sui
2427 4357 2575 4399 anno
2608 4347 2656 4397 1.
2688 4346 2741 4397 2.
2778 4346 2828 4397 3.
2863 4343 2913 4396 4.

2095 4430 2355 4490 Seleucia
2387 4434 2556 4503 capta
2588 4436 2675 4487 est
2700 4445 2730 4486 a
2751 4427 3044 4485 Romanis.
3067 4429 3323 4485 Casares
3347 4426 3418 4483 de
3438 4425 3671 4483 Parthis

2025 4520 2402 4592 triumphant.

262 4608 456 4678 gusto,
486 4608 692 4664 melior
726 4608 1006 4678 Traiano.
1043 4609 1217 4664 Rome
1249 4624 1310 4664 se
1338 4610 1607 4666 omnibus
1645 4610 1909 4672 enualem
1941 4605 1994 4667 D
2092 4611 2144 4664 6.
2182 4610 2283 4678 (Η.
2313 4610 2407 4679 S.)
2442 4606 2600 4663 Multi
2636 4610 2967 4663 sanctorum
3012 4606 3121 4661 sub
3170 4604 3261 4661 his
3312 4602 3674 4675 principibus

270 4693 540 4767 praebuit,
593 4694 812 4752 nullum
863 4700 1200 4752 senatorum
1252 4696 1472 4767 ledens,
1518 4697 1597 4752 ita
1652 4702 1715 4754 ut
1757 4700 1908 4755 omni

268 4782 399 4853 ejus
427 4786 601 4839 atate
633 4798 781 4840 unus
811 4788 1045 4841 senator
1077 4784 1151 4841 sit
1182 4785 1506 4855 damnatus,
1544 4789 1601 4842 et
1652 4787 1759 4843 hoc
1809 4804 1911 4860 per

270 4874 560 4928 senatum.

344 4960 447 5027 (H.
480 4959 576 5032 ις.)
610 4959 809 5017 Helius
838 4960 1128 5017 Adrianus
1156 4976 1286 5017 ann.
1334 4966 1420 5017 21.
1476 4963 1575 5018 llic
1614 4977 1718 5034 per
1765 4963 1912 5028 Qua-

270 5046 501 5104 dratum
525 5046 873 5121 discipulum
898 5048 1294 5121 apostolorum
1317 5054 1374 5106 et
1393 5050 1705 5107 Aristidem
1726 5051 1909 5107 virum

272 5135 595 5206 sapientem
630 5137 798 5193 libris
831 5137 1234 5208 apollogeticis
1265 5139 1527 5208 edoctus,
1565 5139 1720 5196 mitis
1742 5139 1913 5197 effici-

269 5228 371 5280 tur
398 5224 761 5282 christianis.

275 5313 437 5369 Anno
468 5318 492 5369 1
528 5315 693 5384 regni
727 5314 818 5371 sui
852 5314 1256 5372 Alexandriam
1307 5317 1598 5373 Adrianus
1659 5317 1912 5388 publicis

272 5402 632 5459 restauravit
661 5403 951 5475 expensis.

2022 4702 2396 4755 coronantur.
2434 4698 2545 4752 Hoc
2578 4700 2839 4767 tempore
2888 4693 3012 4750 lues
3062 4693 3305 4749 maxima
3352 4694 3667 4748 Romanum

2022 4788 2344 4843 exercitum
2403 4785 2665 4855 aliasque
2734 4783 2950 4840 multas
2997 4781 3331 4854 provincias
3377 4794 3522 4852 pene
3573 4778 3671 4835 de-

2019 4874 2179 4932 levit.

2089 4969 2141 5021 7.
2176 4962 2385 5020 Sother
2413 4976 2559 5033 papa
2609 4960 2951 5017 undecimus
2998 4958 3151 5016 sedit
3200 4972 3331 5014 ann.
3382 4961 3433 5012 8.
3478 4956 3651 5011 Antio

2018 5053 2164 5109 chia
2195 5050 2547 5122 Theophilus
2582 5050 2673 5105 vir
2704 5049 2939 5121 sapiens
2980 5047 3289 5103 ordinatur
3336 5045 3666 5117 episcopus.

2091 5146 2142 5197 8.
2180 5138 2547 5196 Alexandria
2579 5138 2932 5209 Agrippinus
2963 5136 3117 5193 sedit
3145 5151 3275 5191 ann.
3319 5139 3396 5190 11.

2097 5232 2180 5285 14.
2222 5228 2549 5299 Antoninus
2580 5226 2897 5298 imperator
2928 5224 3104 5280 multa
3139 5223 3337 5296 pralia
3372 5237 3475 5294 per
3507 5236 3570 5279 se
3610 5227 3669 5278 et

2029 5333 2130 5388 per
2162 5318 2341 5374 duces
2364 5330 2501 5372 suos
2522 5320 2727 5371 contra
2751 5315 3134 5370 Romanorum
3162 5311 3429 5368 inimicos
3451 5311 3665 5381 exegit.

2098 5409 2181 5462 16.
2219 5404 2566 5461 Eleutherus
2596 5417 2743 5475 papa
2776 5401 3159 5459 duodecimus
3191 5400 3347 5457 sedit
3389 5414 3521 5470 ann,
3573 5404 3667 5457 13.

1633 5556 1868 5613 VARUS
1914 5555 2312 5614 LECTIONES.

351 5696 394 5732 “
415 5696 641 5768 assyria
672 5708 720 5754 ο.
752 5693 795 5730 ³⁷
826 5692 1180 5752 acclemetur
1207 5708 1256 5751 c.
