3894 6406
101 361 233 424 469

181 502 234 550 1.
276 493 572 563 Origenes
603 507 752 549 anno
785 493 963 551 etatis
990 500 1058 551 70
1087 498 1356 552 moritur.

920 360 1360 426 CHRONICA.
1395 398 1470 410 —
1503 360 1981 428 CHRONICON
2023 364 2721 430 WIRZIBURGENSE

3407 365 3527 430 4'70

1807 495 1861 556 A
1962 496 2328 556 Alexandriae
2373 500 2633 557 Theonas
2687 498 3002 571 episcopus
3049 499 3205 556 sedit
3264 513 3395 557 ann.
3468 502 3526 555 1-

183 587 238 639 2.
319 583 523 640 Gallus
586 589 643 638 et
713 583 1056 641 Volusnauus
1117 585 1413 642 Teramine
1484 581 1779 644 interfecti
1889 585 2115 642 Probus
2148 588 2298 658 apud
2329 588 2600 644 Firmium
2633 587 2889 644 tumultu
2923 587 3166 643 militum
3208 587 3520 646 occiditur.

114 673 282 725 sunt.

185 775 542 834 Valerianus
571 791 701 834 cum
736 775 854 832 ﬁlio
885 776 1161 833 Galliemo
1210 792 1340 833 ann.
1378 781 1463 833 15.
1519 780 1633 834 Iste
1681 794 1777 834 oc-

116 869 296 920 tavus
329 865 693 920 christianos
732 865 1126 935 persequitur.

188 957 242 1006 1.
279 951 588 1008 Cornelius
621 967 770 1023 papa
804 958 1026 1022 martyr
1061 953 1327 1008 etilcitur.
1372 953 1579 1010 Lucius
1628 968 1772 1025 papa

111 1043 204 1109 21,
241 1039 404 1096 sedit
438 1054 568 1096 ann.
606 1044 658 1110 3,
690 1045 747 1096 et
782 1043 1000 1110 martyr
1031 1041 1295 1096 efﬁcitur.
1332 1041 1656 1112 Stephanus
1679 1055 1773 1112 pa-

117 1141 189 1197 pa
219 1131 292 1183 22
316 1127 472 1182 sedit
509 1142 640 1183 ann.
677 1133 726 1184 1.

188 1217 242 1269 4.
283 1215 610 1286 Cyprianus
657 1217 864 1273 doctor
916 1217 1247 1288 praecipuus
1304 1217 1775 1286 Carthaginensis

117 1302 441 1373 cpiscopus
469 1304 905 1375 martyrizatur.
939 1305 1150 1374 Syxtus
1185 1319 1326 1376 papa
1363 1304 1510 1360 sedit
1557 1319 1687 1361 ann.
1717 1311 1766 1360 3.

190 1395 246 1444 7.
301 1390 510 1460 (Osos)
557 1392 898 1448 Valerianus
946 1397 1232 1448 commota
1280 1393 1705 1462 persecutione,
1742 1408 1771 1449 a

122 1480 351 1550 Sapore
386 1494 524 1549 rege
549 1483 856 1536 Persarum
890 1485 1098 1551 captus
1148 1484 1207 1535 et
1251 1479 1437 1536 oculis
1490 1481 1768 1551 privatus,

125 1565 380 1622 acclinis
408 1567 565 1623 humi
595 1581 790 1636 regem
824 1581 1056 1637 semper
1075 1581 1453 1623 ascensurum
1484 1567 1538 1621 in
1561 1582 1771 1637 equum

123 1657 302 1714 dorso
338 1655 671 1714 attollebat.
702 1656 809 1724 (II.
842 1656 936 1725 S.)
972 1655 1180 1724 Sicque
1216 1655 1503 1711 servitute
1535 1656 1773 1710 misera-

124 1745 224 1800 bili
257 1744 650 1803 consenescit.
677 1742 969 1798 Gallienus
992 1743 1448 1814 territuspacem
1466 1743 1772 1800 Christico-

125 1834 194 1890 lis
224 1833 512 1890 reddidit.

193 1927 248 1978 8.
283 1920 557 1977 Germani
591 1918 812 1975 [taliam
843 1916 1140 1974 Alamanni
1173 1917 1388 1974 Gallias
1429 1923 1488 1972 et
1538 1917 1768 1975 Italiam

125 2008 585 2081 depopulantur.

195 2103 248 2154 9.
286 2099 427 2168 (10.)
460 2095 676 2165 Gretia,
729 2093 1057 2150 Macedonia
1110 2095 1332 2150 Pontus
1381 2100 1438 2149 et
1486 2095 1618 2150 Asia
1676 2095 1772 2151 de-

127 2185 488 2257 populantur
518 2198 622 2255 per
645 2183 883 2252 Gothos,
910 2187 968 2238 et
993 2181 1138 2238 alios
1165 2181 1470 2253 perplures
1502 2183 1772 2239 civitates

127 2273 432 2344 quassavit
463 2271 735 2342 irruptio.

199 2365 284 2416 12.
321 2359 606 2416 Maximus
637 2357 1002 2414 Alexandriae
1030 2358 1340 2429 episcopus
1373 2357 1518 2415 sedit
1544 2363 1770 2414 ann.18.

201 2454 287 2504 13.
357 2445 774 2517 Hierosolyma":
837 2445 1150 2516 episcopus
1200 2447 1517 2516 Hyrmenes
1559 2446 1774 2502 consti-

131 2537 340 2593 tuitur.

202 2629 289 2682 14.
325 2622 619 2680 Dionisius
654 2636 797 2694 papa
832 2621 984 2676 sedit
1018 2636 1148 2677 ann.
1171 2626 1220 2676 9.
1249 2619 1543 2677 Gallienus
1567 2621 1774 2677 Medio-

133 2712 284 2769 lanio
316 2711 634 2769 occiditur.
672 2708 949 2764 Claudius
981 2723 1072 2764 an.
1107 2714 1156 2773 1,
1193 2723 1424 2764 menses
1452 2714 1504 2764 9.

202 2841 250 2894 1.
287 2835 389 2906 (H.
427 2835 526 2905 Β.)
560 2837 677 2890 iste
700 2832 918 2887 Gothos
944 2831 1060 2902 jam
1109 2846 1211 2902 per
1258 2846 1437 2888 annos
1488 2836 1553 2890 15
1606 2831 1774 2888 llliri-

133 2940 258 2980 cuin
301 2922 814 2991 Macedoniamque
863 2919 906 2952 1°
955 2919 1328 2976 devastantes
1376 2925 1648 2991 superat;
1700 2922 1774 2977 ob

135 3013 284 3082 quod
314 3013 369 3067 in
401 3010 569 3067 curia
597 3009 877 3080 clyppeus
904 3021 1135 3074 aureus,
1167 3014 1225 3061 et
1256 3006 1310 3060 in
1343 3007 1620 3077 capitolio
1661 3015 1776 3064 sta-

133 3103 228 3157 tua
261 3113 440 3157 aurea
470 3113 500 3154 a
531 3101 736 3154 senatu
760 3094 810 3149 ei
846 3095 1080 3149 decreta
1114 3098 1224 3149 est.

203 3194 250 3244 2.
307 3187 407 3257 (Η.
462 3185 556 3256 S.)
603 3183 818 3239 Paulus
869 3183 940 3237 de
988 3181 1324 3237 Samosathe
1371 3180 1416 3213 ²⁰
1474 3181 1680 3238 Antioc

135 3274 447 3347 episcopus
469 3273 765 3330 hereticus
785 3286 916 3327 esse
939 3271 1332 3328 convincitur.
1359 3271 1634 3329 Claudius
1658 3273 1774 3328 Fir-

139 3365 246 3422 mio
278 3366 548 3422 moritur.
584 3365 695 3419 Pro
727 3375 841 3432 quo
875 3361 1056 3416 frater
1079 3361 1396 3428 Quintilius
1421 3368 1487 3417 17
1511 3362 1657 3431 dies,
1693 3363 1775 3418 in-

141 3456 418 3510 terfectus
448 3457 558 3509 est.

213 3576 558 3632 Aurelianus
588 3589 720 3630 ann.
753 3578 802 3643 5,
837 3585 1066 3629 menses
1097 3575 1152 3627 6.
1185 3581 1328 3628 Ann.
1363 3572 1434 3627 ab
1464 3573 1616 3628 Urbe
1644 3588 1777 3629 con-

147 3663 259 3718 dita
294 3667 449 3720 1027.

216 3755 262 3805 1.
296 3751 397 3808 Hic
429 3750 515 3807 rei
542 3750 772 3822 publice
797 3749 958 3806 utilis
984 3767 997 3816 ;
1025 3748 1208 3819 primo
1231 3745 1486 3803 clemens
1510 3747 1778 3804 christia-

147 3839 253 3908 nis,
287 3845 493 3911 postea
527 3843 871 3910 persecutor
903 3838 1027 3894 fuit.

213 3930 262 3982 2.
296 3926 620 3983 Antiochiae
649 3926 927 3982 Thimotis
957 3924 1270 3996 episcopus
1308 3923 1632 3980 ordinatur.
1683 3926 1779 3981 Ze-

151 4013 308 4068 nobia
345 4015 544 4084 regina
573 4014 818 4070 orientis
840 4013 1114 4069 vincitur.

216 4105 266 4154 3.
304 4101 678 4158 Aurelianum
709 4102 903 4157 Romae
924 4099 1378 4170 triumphantem
1400 4097 1703 4156 Thetricus
1720 4104 1778 4154 et

149 4186 386 4245 Zenobia
417 4189 636 4261 captivi
669 4193 1116 4260 praecesserunt.

215 4279 261 4332 4.
294 4278 566 4334 Aurelius
592 4277 870 4348 templum
890 4276 993 4333 soli
1017 4275 1286 4343 aediﬁcat,
1325 4278 1386 4330 et
1406 4288 1613 4330 nonam
1655 4289 1780 4346 per-

153 4365 504 4422 secutionem
538 4365 591 4420 in
624 4365 980 4422 christianos
1011 4364 1250 4419 excitat.

219 4456 266 4506 5.
300 4453 574 4510 Aurelius
603 4452 800 4510 divino
834 4451 1070 4508 fulmine
1100 4451 1361 4520 territus,
1398 4445 1548 4505 intra
1583 4450 1780 4506 Bizan-

153 4537 288 4596 tium
317 4544 372 4595 et
417 4540 738 4598 Heracliam
768 4556 797 4596 a
829 4540 1112 4597 militibus
1143 4538 1450 4595 occiditur.

220 4629 412 4687 Tatius
438 4644 671 4686 menses
697 4634 749 4699 6,
785 4629 922 4686 alibi
955 4644 1086 4685 ann.
1123 4629 1176 4682 1‘
1208 4627 1319 4696 (ita
1339 4627 1605 4698 Isidor).
1657 4626 1780 4692 Quo

157 4716 301 4784 apud
324 4719 568 4774 Pontum
598 4717 814 4787 occiso,
850 4717 1153 4773 Florianus
1196 4715 1462 4785 regnavit
1510 4713 1635 4770 dies
1692 4718 1778 4782 88,

156 4805 208 4855 et
241 4805 388 4874 apud
425 4805 704 4862 Tharsum
753 4805 1061 4874 occiditur,
1114 4802 1272 4859 Felix
1321 4816 1466 4874 papa
1516 4806 1583 4858 25
1631 4801 1781 4858 sedit

160 4901 278 4946 ann.
309 4898 358 4948 5.

223 4978 441 5036 Probus
471 4996 603 5038 ann.
637 4986 688 5049 6,
725 4994 968 5050 menses,
999 4978 1034 5034 4

224 5068 270 5118 1.
304 5067 498 5126 Galliae
532 5084 562 5124 a
594 5068 1166 5139 barbarisyastataz,
1215 5081 1244 5122 a
1287 5065 1478 5122 Probo
1528 5065 1782 5120 Romano

154 5147 390 5220 imperio
423 5156 835 5213 restituuntur.

225 5241 270 5290 3.
305 5241 602 5300 Antiochae
624 5243 935 5314 episcopus
961 5246 1044 5298 18.
1071 5239 1352 5307 Quirillus
1375 5239 1775 5297 constituitur.

227 5325 273 5376 5.
307 5326 686 5387 Euthicianus
718 5343 864 5400 papa
897 5326 1048 5385 sedit
1080 5342 1309 5384 menses
1344 5332 1425 5383 10.
1462 5326 1636 5383 Gaius
1685 5338 1781 5396 pa-

163 5419 224 5474 pa
257 5411 403 5468 sedit
436 5430 566 5472 ann.
604 5422 686 5472 15.

1960 674 2140 730 Carus
2171 690 2301 732 cum
2334 675 2470 731 ﬁliis
2503 676 2710 732 Carino
2733 679 2790 730 et
2824 674 3170 731 Numeriano
3212 689 3343 731 ann.
3395 680 3446 732 2.

1960 763 2005 817 1.
2045 764 2225 818 Carus
2255 763 2442 819 victor
2473 763 2544 820 de
2584 762 3017 834 Parthis,super
3064 762 3366 832 Tygridem
3417 762 3524 821 ful-

1885 846 2036 904 mine
2062 850 2216 906 ictus
2246 851 2485 907 interiit.
2521 853 2901 909 Numerianus
2932 851 3243 908 occiditur.

1955 940 2005 991 2.
2044 937 2285 994 Carinus
2313 939 2463 1009 apud
2496 941 2748 1008 Margum
2779 953 2809 994 a
2847 939 3204 996 Diocletiano
3248 939 3524 996 interﬁci-

1889 1027 2002 1077 tur.
2037 1024 2156 1080 Iluc
2193 1040 2370 1095 usque
2402 1025 2473 1083 ab
2505 1026 2901 1081 incarnatione
2941 1025 3163 1082 Domini
3203 1025 3524 1097 subputan-

1886 1115 1980 1165 tur
2014 1110 2334 1168 secundum
2366 1113 2682 1170 Dionisium
2716 1112 2845 1169 anni
2867 1111 3001 1170 284.

1956 1197 2351 1257 Diocletianus
2374 1216 2522 1258 anno
2544 1202 2615 1258 ab
2639 1201 2791 1258 Lrbe
2814 1201 3048 1258 condita
3071 1203 3229 1272 1040,
3254 1200 3522 1270 regnavit

1883 1298 2015 1340 ann.
2048 1289 2135 1342 20.

1952 1376 2002 1429 1.
2037 1373 2122 1429 Ab
2161 1374 2270 1432 hoc
2303 1391 2453 1432 anno
2497 1377 2678 1433 Graeci
2726 1374 2991 1448 pascales
3036 1373 3291 1434 circulos
3339 1374 3384 1408 ³³
3437 1375 3521 1432 in-

1881 1461 2097 1516 choaba
2108 1466 2187 1516 nt.

1954 1551 2002 1602 3.
2039 1549 2432 1607 Diocletianus
2462 1551 2795 1608 Herculium
2827 1551 3228 1608 Maximianum
3279 1550 3334 1606 in
3384 1565 3521 1608 con-

1884 1635 2132 1692 sortium
2166 1639 2324 1708 regni
2359 1641 2622 1696 assumit.

1954 1725 2003 1777 4.
2057 1725 2456 1783 Diocletianus
2504 1728 2925 1796 Constantium,
2989 1727 3352 1784 Constantini
3423 1741 3520 1799 pa-

1799 1839 1852 1896 B
1882 1813 2054 1880 trem,
2088 1827 2348 1869 cesarem
2383 1815 2559 1881 facit;
2593 1815 2688 1884 qui
2722 1814 2988 1884 regnavit
3018 1829 3148 1870 ann.
3182 1819 3267 1871 16.

1954 1902 2006 1954 7.
2043 1899 2440 1958 Diocletianus
2469 1902 2757 1959 Galerium
2797 1901 3199 1958 Maximianum
3250 1901 3386 1960 facit
3427 1915 3521 1959 ce-

1883 1999 2098 2040 sarem.

1959 2075 2044 2128 11.
2081 2073 2477 2133 Diocletianus
2510 2091 2570 2133 se
2605 2080 2664 2132 ut
2699 2076 2868 2133 deum
2900 2074 3132 2132 adorari
3159 2074 3357 2145 jussit.

1959 2164 2044 2216 13.
2083 2163 2222 2218 Gaio
2276 2177 2420 2235 papa
2462 2164 2842 2233 martirizato,
2875 2162 3242 2221 Marcellinus
3288 2177 3519 2221 succes-

1885 2245 1982 2302 sit.

1958 2338 2041 2389 15.
2077 2337 2448 2394 Constantius
2479 2341 2680 2408 60,000
2706 2337 3153 2394 Alamannorum
3175 2335 3408 2393 occidit.

1966 2432 2030 2483 17
2063 2425 2413 2482 Alexandrie
2445 2429 2660 2483 Petrus
2690 2426 3005 2497 episcopus
3043 2425 3197 2481 sedit
3245 2438 3374 2480 ann.
3429 2428 3515 2480 12.

1962 2520 2043 2571 18.
2089 2515 2408 2571 Antiochiae
2437 2516 2736 2586 Tyrannus
2767 2515 3080 2585 episcopus
3111 2511 3513 2569 constituitur.

1961 2608 2044 2660 19.
2077 2602 2472 2658 Diocletianus
2503 2603 2559 2656 in
2607 2603 2832 2657 oriente
2880 2607 2941 2657 et
2989 2599 3296 2657 Herculius
3347 2598 3519 2654 Maxi-

1885 2691 2109 2746 mianus
2137 2690 2193 2745 in
2223 2690 2525 2746 occidente
2571 2688 2866 2747 aacclesias
2914 2689 3284 2756 subvertant,
3335 2685 3520 2744 libros

1886 2777 2114 2832 divinos
2148 2777 2484 2846 incendunt,
2521 2780 2578 2831 et
2609 2776 2965 2832 christianos
2993 2775 3214 2832 decima
3247 2788 3520 2846 persecu-

1891 2866 2043 2920 tione
2077 2869 2206 2935 post
2239 2867 2519 2920 Neronem
2559 2863 2920 2920 cruciarunt.

1957 2952 2044 3004 20.
2070 2949 2466 3005 Diocletianus
2491 2950 2820 3006 Nicomedia
2842 2954 2900 3004 et
2924 2947 3300 3004 Maximianus
3314 2947 3523 3003 Medio-

1889 3037 2041 3094 lanio
2066 3051 2354 3109 purpuras
2380 3041 2438 3092 et
2471 3052 2711 3107 regnum
2744 3038 2818 3092 ob
2857 3037 3185 3093 senectutis
3232 3035 3520 3091 defectum

1885 3129 2091 3194 sponte
2123 3125 2431 3196 deponunt.
2463 3124 2732 3181 Marcello
2755 3139 2900 3196 papa
2925 3123 3321 3195 martyrizato,
3348 3123 3522 3180 Euse-

1685 3182 1771 3282 ξω
1805 3184 1852 3244 C
1887 3182 2016 3268 hius
2050 3182 2333 3268 successit
2363 3226 2590 3267 menses
2612 3215 2665 3267 8.
2691 3182 2815 3277 Quo
2831 3182 2976 3267 item
3002 3182 3196 3282 passo,
3221 3182 3521 3266 Meltiades

1886 3299 2034 3356 sedit
2066 3314 2198 3354 ann.
2232 3304 2284 3356 4.
2316 3299 2579 3355 Galerius
2609 3305 2666 3355 et
2701 3299 3075 3355 Constantius
3115 3296 3369 3368 augusti,
3412 3298 3524 3352 Ma-

1886 3388 2189 3457 ximianus,
2253 3390 2596 3458 persecutor
2638 3386 3111 3455 christianorum,
3163 3388 3220 3441 et
3271 3385 3522 3441 Severus

1887 3490 2136 3532 caisares
2177 3476 2491 3545 eliguntur.
2537 3475 3233 3543 Constantiusaugustus,
3259 3474 3350 3529 vir
3367 3487 3523 3529 man-

1888 3570 2110 3634 suetus,
2147 3565 2201 3618 iu
2231 3563 2514 3619 Brittania
2553 3562 2719 3618 obiit.
2771 3561 3204 3630 Constantinus,
3247 3561 3524 3616 Constan-

1890 3653 1954 3707 tii
1988 3652 2141 3707 ﬁlius
2188 3666 2259 3706 ex
2303 3651 2514 3707 Helena
2550 3649 2894 3718 concubina,
2939 3649 3204 3719 regnavit
3249 3663 3380 3704 ann.
3430 3651 3520 3714 30,

1889 3754 2115 3796 menses
2135 3741 2214 3794 10.
2241 3740 2339 3795 llic
2365 3739 2584 3810 primus
2603 3739 2940 3810 imperator,
2963 3739 3210 3808 excepto
3233 3736 3520 3808 Philippo,

1887 3827 2242 3884 christianos
2271 3827 2540 3897 efﬁcitur,
2575 3832 2634 3883 et
2675 3828 2746 3882 ab
2795 3826 2903 3883 hoc
2948 3825 3300 3898 imperatore
3344 3823 3525 3882 chris-

1891 3916 2030 3970 tiani
2062 3920 2389 3986 coeperunt.

1963 4009 2013 4058 1.
2044 4004 2382 4072 Maxentius,
2418 4001 2818 4059 Maximaniani
2851 4000 3108 4059 Herculii
3136 4000 3290 4058 ﬁlius
3319 4013 3529 4070 augus-

1889 4097 1984 4147 tus
2018 4091 2366 4162 appellatur.

1955 4184 2014 4236 2.
2063 4178 2438 4235 Maximianus
2493 4175 2802 4233 Herculius
2850 4175 3003 4248 apud
3050 4175 3356 4233 Massiliam
3409 4181 3530 4234 tur-

1891 4267 2042 4339 piter
2094 4264 2464 4322 interﬁcitur.
2515 4265 2720 4321 Occiso
2765 4266 3000 4333 Severo,
3054 4263 3266 4321 Lucius
3341 4278 3528 4322 caesar

1890 4353 2158 4411 eﬁlcitur.

1961 4446 2012 4497 3.
2048 4441 2321 4508 Quirinus
2347 4439 2660 4510 episcopus
2693 4451 2900 4509 passus
2927 4439 3039 4494 est.
3065 4435 3330 4494 Galerius
3351 4437 3526 4494 Maxi-

1810 4531 1860 4589 D
1892 4531 2136 4600 inianus,
2171 4527 2619 4584 Christianorum
2646 4528 3012 4596 persecutor,
3061 4524 3253 4580 divina
3305 4523 3529 4581 ultione

1890 4621 2104 4688 tactus,
2141 4629 2381 4688 parcere
2410 4613 2747 4670 christianis
2773 4612 2971 4682 jussit.

1964 4705 2304 4761 Maximinus
2348 4717 2531 4759 caesar
2589 4700 3055 4772 persecutionem
3107 4701 3404 4754 restaurat
3470 4702 3532 4754 et

1894 4795 2015 4866 ipse
2045 4793 2311 4849 moritur.
2345 4789 2613 4846 Meltiadc
2647 4803 2788 4861 papa
2823 4801 3021 4860 passo,
3055 4786 3336 4843 Silvester
3380 4800 3526 4858 papa

1895 4882 2047 4939 sedit
2069 4896 2202 4938 ann.
2235 4884 2323 4936 21.

1962 4973 2013 5027 2.
2058 4971 2270 5026 Petrus
2317 4965 2680 5024 Alexandriae
2729 4965 3042 5037 episcopus
3085 4962 3526 5032 martyrizatur.

1892 5061 2004 5114 Pro
2033 5072 2145 5128 quo
2174 5054 2465 5127 Achyllas.

1962 5150 2014 5200 6.
2061 5142 2474 5200 Constantinus
2518 5139 2867 5197 Maxentium
2911 5136 3069 5194 civili
3114 5135 3316 5208 praelio
3373 5135 3530 5207 apud

1892 5236 2126 5304 pontem
2156 5228 2427 5286 Mulvium
2459 5227 2621 5283 vicit.

1960 5325 2012 5376 9.
2045 5321 2244 5389 Magna
2275 5318 2453 5374 fames
2481 5315 2536 5371 in
2571 5318 2983 5387 persecutores
3007 5313 3161 5368 facta
3183 5315 3274 5368 est
3300 5314 3358 5366 et
3384 5308 3536 5369 lues.

1889 5407 2288 5464 Diocletianus
2317 5403 2566 5463 moritur
2589 5406 2648 5459 et
2681 5401 2834 5458 inter
2865 5399 3010 5456 deos
3045 5399 3320 5466 refertur,

1498 5515 1734 5574 VARUE
1775 5513 2176 5571 LECTIONES.

233 5607 274 5643 ¹⁹
319 5618 748 5688 macediamque
797 5631 844 5673 θ.
895 5617 942 5652 ³ο
993 5616 1258 5674 samothe
1310 5630 1358 5673 ο.
1388 5614 1432 5648 ’ί
1482 5613 1704 5672 circulo
1735 5626 1782 5671 ο.
