3894 6400
370 349 485 416 471

1544 345 2028 411 EKKEHARDI
2070 347 2624 414 URAUGIENSIS

3658 353 3768 417 472

447 491 535 545 16.
560 484 922 544 Hierusalem
941 497 1252 558 episcopus
1269 479 2015 541 Machariuseonstituitur.
2055 481 2106 543 A
2135 487 2191 540 et
2225 482 2386 540 Felix
2415 484 2665 555 ejicitur.
2700 485 2843 542 Item
2875 484 3138 543 Liberius
3152 498 3295 558 papa
3312 488 3371 542 et
3394 483 3558 543 multi
3582 486 3767 544 catho-

376 574 742 633 Alexandria
775 572 1102 630 Alexander
1129 572 1440 645 episcopus
1469 570 1806 637 ordinatur;
1840 584 1871 626 a
1910 584 2024 641 quo
2136 571 2381 629 licorum
2413 574 2672 645 episcopi
2707 576 2779 632 ab
2812 575 3076 631 Arrianis
3106 574 3337 647 expulsi
3371 577 3524 633 sunt.

378 663 584 721 Arrius
611 663 923 735 presbyter
950 661 1021 718 de
1054 660 1318 718 acclesia
1349 660 1593 730 ejectus,
1629 658 1845 716 multos
1870 673 2026 716 erro-

379 753 424 807 ri
459 765 563 809 suo
595 750 800 821 sociat,
835 754 893 806 et
926 750 1233 807 ecclesiam
1266 748 1460 805 heresi
1494 748 1817 821 impugnat,

450 844 534 897 17.
570 837 887 897 Concilium
920 837 977 894 in
1008 838 1180 895 Nicea
1216 841 1609 908 congregatur
1658 839 1759 893 318
1801 833 2027 907 episco-

382 942 587 1000 porum
620 926 728 986 sub
760 925 1044 985 Silvestre
1075 940 1243 999 papa,
1270 925 1327 980 in
1359 938 1473 997 quo
1519 923 1726 982 Arrius
1776 923 2026 980 damma-

382 1021 496 1075 tur.
1464 1048 1490 1071 .

450 1111 538 1164 19.
587 1106 740 1162 Crux
785 1103 1010 1160 Domini
1063 1102 1117 1158 in
1163 1100 1526 1160 Hierusalem
1578 1098 1913 1172 repperitur
1952 1096 2026 1154 ab

381 1194 616 1264 Helena,
651 1192 762 1251 sub
789 1191 1080 1249 Machario
1112 1191 1375 1261 ejusdem
1408 1190 1573 1247 urbis
1602 1189 1906 1261 episcopo.

450 1288 512 1342 21
561 1280 978 1341 Constantinus
1027 1292 1266 1336 uxorem
1318 1292 1482 1335 suam
1534 1276 1797 1334 Bausiam
1847 1273 2027 1330 inter-

382 1371 544 1430 fecit.

451 1463 542 1517 22.
576 1457 893 1517 Antiochia
928 1460 1058 1529 post
1112 1460 1418 1527 tyrannum
1462 1450 1673 1509 Vitalis
1716 1451 2026 1524 episcopus

384 1549 713 1606 ordinatur.
746 1548 858 1603 Pro
887 1560 1001 1617 quo
1033 1542 1444 1615 Phylogimius.
1477 1542 1619 1597 Post
1646 1541 1799 1599 hunc
1836 1538 2027 1596 Pauli-

387 1652 519 1695 nus.
554 1636 655 1695 Cui
686 1634 969 1693 successit
1002 1632 1325 1690 Eustatius.
1356 1629 1480 1697 Quo
1510 1630 1585 1687 ob
1617 1627 1788 1685 fidem
1827 1627 2028 1684 catho-

391 1725 559 1783 licam
592 1725 647 1780 in
667 1724 904 1781 exilium
928 1722 1129 1791 misso,
1156 1720 1386 1778 Arriani
1411 1716 1671 1791 episcopi
1696 1721 1754 1773 11
1783 1729 2025 1773 numero

392 1812 719 1870 acelesiam
748 1811 905 1867 illam
939 1823 1090 1866 unus
1120 1811 1251 1878 post
1285 1806 1460 1864 alium
1491 1808 1950 1877 occupaverunt.

461 1905 552 1959 24.
578 1900 681 1969 (Η.
711 1898 807 1967 S.)
840 1895 1255 1954 Constantinus
1286 1894 1609 1951 Bizantium
1637 1893 1838 1951 urbem
1862 1906 2027 1964 repa-

393 1988 544 2044 ravit
573 1991 630 2043 et
654 2001 727 2043 ex
754 2001 862 2043 suo
894 1983 1123 2041 nomine
1172 1980 1732 2053 Constantinopolim
1774 1979 2029 2053 appella-

390 2074 494 2139 vit,
516 2079 575 2129 et
602 2075 797 2129 sedem
831 2071 991 2141 regni
1020 2069 1255 2127 Romani
1287 2084 1412 2126 eam
1443 2082 1574 2125 esse
1606 2067 1812 2125 voluit.

459 2167 527 2218 25
558 2159 921 2217 Alexandria
954 2156 1305 2214 Athanasius
1330 2156 1644 2228 episcopus
1698 2155 2027 2213 ordinatur.

457 2252 528 2305 26
582 2250 760 2303 Rome
792 2248 1019 2303 Marcus
1047 2260 1192 2317 papa
1227 2243 1381 2302 sedit
1414 2258 1643 2302 menses
1670 2246 1723 2300 8.
1765 2246 1876 2300 Pro
1917 2259 2031 2316 quo

387 2336 575 2393 Julius
607 2350 739 2391 ann.
773 2341 860 2391 16.

460 2428 547 2479 30.
625 2422 985 2489 Constantia,
1040 2419 1401 2477 Constantini
1453 2434 1643 2490 soror,
1696 2433 1843 2475 uxor
1890 2417 2033 2474 Lici-

391 2511 470 2567 nii
501 2509 567 2581 ”,
612 2511 890 2578 moriens,
943 2508 1252 2565 Arrianum
1295 2506 1582 2578 quendam
1624 2507 2033 2579 presbyterum

392 2598 556 2654 fratri
579 2598 966 2655 commendat.

461 2692 549 2742 31.
587 2687 1006 2743 Constantinus
1035 2684 1171 2741 dum
1202 2681 1417 2740 bellum
1448 2682 1504 2738 in
1534 2682 1745 2739 Persas
1776 2685 2031 2754 pararet,

390 2774 544 2846 apud
574 2773 966 2831 Nicomediam
996 2770 1162 2842 obiit,
1197 2786 1346 2828 anno
1378 2771 1513 2828 vita
1540 2773 1630 2845 ee.

463 2862 863 2930 Constantius,
898 2858 1263 2916 Constantini
1297 2858 1476 2925 ﬁlius,
1497 2873 1628 2915 eum
1653 2857 2034 2914 Constantino

394 2954 453 3004 ct
495 2950 810 3004 Constante
836 2947 1118 3004 fratribus
1150 2961 1281 3003 ann.
1307 2950 1397 3017 24,
1428 2960 1656 3002 menses
1688 2950 1739 3012 δ,
1798 2944 1922 3001 dies
1945 2949 2029 3001 13.

465 3041 519 3091 2.
558 3036 975 3092 Constantinus
1011 3034 1227 3091 bellum
1262 3034 1428 3090 fratri
1453 3049 1560 3090 suo
1592 3034 1862 3102 inferens,
1906 3033 2035 3103 jux-

396 3128 450 3181 ta
482 3122 806 3195 Aquileiam
835 3123 1143 3180 occiditur.

356 3240 363 3247 -
465 3217 513 3269 3.
538 3214 929 3269 Terramotus
969 3210 1183 3268 multas
1214 3211 1390 3267 urbes
1421 3210 1638 3267 obruit.

463 3305 513 3356 δ.
552 3300 752 3356 Franci
782 3315 812 3356 a
843 3301 1158 3357 Constante
1190 3297 1523 3371 perdomiti,
1551 3297 1607 3354 in
1637 3310 1839 3370 pacem
1877 3311 2035 3356 rece-

395 3388 476 3459 pti
514 3390 669 3445 sunt.

461 3481 513 3531 7.
540 3474 883 3531 Maximinus
904 3477 1283 3531 Treverorum
1306 3472 1620 3545 episcopus
1641 3474 1837 3531 clarus
1862 3474 2036 3532 habe-

396 3568 511 3618 tur.
567 3565 611 3618 A
659 3576 773 3633 quo
815 3561 1166 3619 Athanasius
1204 3560 1568 3617 Alexandria
1615 3561 1949 3633 episcopus,
2003 3576 2035 3618 a

396 3652 712 3706 Constante
746 3648 1048 3721 profugus.
1084 3649 1403 3705 honorifice
1433 3654 1524 3705 est
1559 3653 1890 3720 susceptus.

465 3743 516 3794 9.
572 3737 927 3795 Athanasius
968 3737 1279 3809 episcopus
1328 3738 1399 3795 ad
1452 3737 1786 3794 Constantis
1835 3736 2037 3794 literas

397 3823 804 3881 Alexandriam
827 3824 1185 3895 regreditur.

468 3914 554 3967 10.
588 3910 852 3983 Eclypsis
880 3911 1022 3968 solis
1053 3912 1200 3968 facta
1232 3915 1320 3969 est
1352 3917 1410 3969 et
1435 3916 1826 3969 terramotus.

466 4003 553 4055 11.
615 3999 835 4057 Bellum
903 4002 1109 4057 contra
1170 4002 1380 4057 Persas
1432 3999 1597 4071 gravi
1652 4000 2037 4058 Romanorum

398 4085 605 4143 damno
632 4087 879 4157 geritur.

469 4178 555 4231 12.
589 4174 866 4233 Maximus
897 4180 1027 4248 post
1077 4176 1425 4233 Macharium
1477 4175 2039 4247 Hierosolymitanus

396 4262 706 4334 episcopus
746 4266 1014 4323 moritur.
1065 4266 1201 4323 Post
1252 4280 1421 4337 quem
1469 4264 1741 4337 Cyrillus,
1794 4265 2038 4338 expulso

397 4350 682 4418 Heraclio,
706 4355 764 4407 et
784 4354 966 4409 ceteri
991 4352 1223 4409 Arriani
1240 4352 1501 4424 episcopi
1525 4351 1830 4410 ecclesiam
1880 4352 2038 4410 illam

398 4444 706 4511 occupant.

2204 661 2443 717 20.0ssa
2476 663 2720 719 Andrea
2751 664 3001 735 apostoli
3034 669 3093 720 et
3122 664 3288 721 Luca
3316 663 3690 736 evangelista
3714 669 3766 723 et

2133 748 2455 806 Thimothei
2489 751 3051 823 Constantinopolim
3083 752 3257 809 allata
3292 760 3443 809 sunt.

2206 842 2292 893 21.
2339 836 2619 895 Paulinus
2664 841 3047 898 Treverorum
3104 842 3415 913 episcopus
3473 841 3529 898 in
3599 842 3764 899 exilio

2136 924 2305 980 obiit.
2340 925 2609 997 llylarius
2639 928 3026 986 Pictaviensis
3056 930 3389 1001 episcopus.
3427 930 3766 988 Athanasius

2138 1011 2568 1072 Alexandrinus
2599 1017 2779 1073 multa
2812 1018 2884 1073 ab
2918 1017 3179 1074 Arrianis
3217 1018 3365 1073 mala
3415 1018 3569 1091 passi
3613 1024 3761 1076 sunt.

2206 1105 2292 1157 23.
2366 1104 2783 1161 Constantinus
2850 1110 3055 1163 contra
3121 1106 3412 1164 Iulianum
3480 1122 3636 1163 arma
3682 1123 3767 1164 su-

2138 1201 2319 1259 mens,
2353 1191 2626 1249 Parthico
2658 1192 2811 1249 bello
2844 1193 3106 1265 dimisso,
3149 1195 3397 1252 moritur
3444 1209 3593 1251 anno
3640 1199 3767 1252 ata-

2135 1275 2214 1331 tis
2247 1280 2330 1333 46.

2206 1401 2470 1460 Julianus
2500 1410 2767 1475 apostata
2800 1420 2929 1462 ann.
2967 1412 3017 1477 1,
3050 1421 3277 1463 menses
3303 1410 3354 1463 8.
3389 1408 3492 1464 Hic
3519 1423 3590 1464 ex
3629 1410 3767 1465 chri-

2138 1489 2330 1546 stiano
2359 1491 2581 1548 lectore
2624 1509 2885 1565 paganus
2931 1496 3141 1565 factus,
3186 1495 3535 1553 christianos
3585 1511 3767 1568 perse-

2137 1578 2354 1654 quitur.

2211 1672 2261 1721 1.
2294 1668 2657 1728 Alexandria
2692 1672 2901 1728 Georio
2935 1673 3185 1729 Arriano
3213 1673 3487 1745 episcopo
3510 1689 3539 1731 a
3562 1673 3766 1747 populo

2140 1755 2397 1827 incenso,
2449 1760 2805 1817 Athanasius
2857 1761 2927 1817 ad
2979 1761 3173 1818 sedem
3219 1777 3381 1819 suam
3437 1763 3762 1819 revertitur.

2054 1831 2109 1892 Β
2140 1844 2313 1898 Parte
2344 1845 2761 1904 catholicorum
2796 1848 3076 1905 Paulinus
3100 1850 3422 1907 Antiochia
3445 1851 3764 1922 episcopus.

2141 1932 2352 2000 Pagani
2375 1934 2523 2004 apud
2544 1937 2827 1992 Sebasten
2850 1936 3161 1994 Palestina
3178 1938 3380 1994 urbem
3402 1938 3763 2010 sepulchrum

2137 2020 2414 2077 Johannis
2446 2024 2714 2093 baptista
2746 2025 3047 2093 invadunt,
3077 2040 3208 2082 ossa
3243 2031 3542 2097 spargunt.
3578 2027 3765 2084 eadem

2143 2122 2350 2165 rursus
2378 2110 2625 2168 collecta
2658 2116 2714 2168 et
2745 2118 2999 2169 cremata
3030 2113 3207 2170 latius
3256 2115 3620 2186 dispergunt.
3667 2116 3761 2183 (Cf.

2146 2197 2345 2253 Rurm
2379 2200 2536 2256 Hist.
2570 2202 2707 2257 θεοί.
2739 2216 2814 2269 χι,
2848 2204 2963 2273 28.)
2996 2202 3104 2258 Sed
3138 2202 3371 2273 quidam
3402 2216 3473 2258 ex
3506 2203 3766 2259 Hierusa-

2145 2283 2257 2339 lem
2288 2288 2548 2345 monachi
2584 2289 2902 2345 intermixti
2935 2288 3367 2359 colligentibus,
3404 2305 3530 2361 qua
3581 2294 3766 2362 potue-

2147 2376 2275 2428 rant
2322 2374 2392 2429 ad
2445 2380 2669 2447 patrem
2718 2393 2884 2434 suum
2936 2377 3264 2449 Philippum
3312 2376 3627 2448 pertulere.
3680 2377 3765 2433 Ille

2148 2476 2323 2532 supra
2345 2478 2406 2519 se
2431 2464 2551 2521 hac
2576 2466 2812 2535 ducens,
2840 2467 2911 2522 ad
2936 2465 3312 2522 Athanasium
3329 2466 3765 2523 Alexandrinum

2149 2551 2552 2618 perJulianum
2584 2553 2886 2610 diaconum
2912 2553 3085 2610 misit.
3113 2553 3251 2620 Qua
3276 2553 3372 2609 ille
3402 2554 3602 2625 paucis
3633 2553 3768 2610 arbi-

2147 2635 2257 2699 tris
2289 2641 2607 2698 subcavato
2639 2643 2879 2699 sacrarii
2914 2642 3769 2715 parieeteinterclusa,prophe-

2147 2731 2266 2785 tico
2298 2729 2510 2800 spiritu
2536 2734 2789 2800 postera
2810 2732 3171 2801 generationi
3195 2731 3563 2787 conservavit
3590 2732 3770 2802 profu-

2150 2823 2299 2874 tura.
2336 2818 2511 2887 Cujus
2553 2820 2897 2889 prasagium
2950 2821 3060 2876 sub
3106 2819 3428 2875 Theodosio
3477 2832 3581 2890 per
3608 2818 3770 2875 Theo-

2152 2906 2382 2977 phylum
2399 2907 2732 2978 episcopum
2753 2905 3118 2979 completur;
3144 2907 3261 2978 qui,
3289 2908 3592 2964 destructo
3621 2907 3771 2963 Sera-

2149 2996 2239 3065 pis
2268 2994 2600 3065 sepulchro,
2635 2996 2822 3051 sancti
2849 2996 3127 3053 Johannis
3153 2996 3367 3051 ibidem
3417 2995 3767 3051 consecravit

2147 3082 2491 3138 acclesiam.
2529 3084 2629 3151 (H.
2662 3084 2757 3153 ις’.)
2787 3084 3051 3141 Julianus
3076 3083 3145 3139 ad
3186 3082 3400 3139 bellum
3446 3083 3767 3139 Parthicum

2063 3178 2115 3238 1)
2152 3172 2473 3241 profectus,
2508 3173 2565 3225 et
2608 3171 3059 3228 christianonum
3107 3171 3444 3242 sanguinem
3495 3170 3608 3227 diis
3658 3170 3769 3228 suis

2147 3272 2382 3328 vovens,
2418 3260 2515 3314 Dei
2544 3259 2768 3328 judicio
2798 3260 3105 3329 occiditur,
3143 3263 3213 3315 30
3237 3258 3429 3316 atatis
3460 3273 3625 3315 anno.

2217 3347 2495 3403 Jovianus
2526 3362 2752 3404 menses
2781 3351 2833 3415 8,
2867 3348 3005 3403 alibi
3039 3361 3170 3403 ann.
3204 3352 3251 3403 1.
3289 3349 3402 3403 Iste
3445 3361 3575 3403 eum
3625 3345 3767 3403 omni

2148 3434 2413 3490 exercitu
2442 3434 2513 3489 ad
2544 3435 3034 3491 Christianitatem
3062 3434 3258 3491 rediit.
3309 3434 3572 3505 Synodus
3618 3434 3769 3490 here-

2147 3524 2306 3580 siaca
2340 3523 2663 3580 Antiochia
2694 3524 2847 3579 facta
2878 3529 2990 3579 est.
3042 3522 3266 3594 (0303.)
3311 3522 3588 3579 Jovianus
3632 3536 3768 3577 novo

2149 3612 2423 3670 cubiculo
2442 3610 2951 3672 recubans,calore
2970 3624 3286 3682 prunarum
3305 3616 3360 3666 et
3387 3610 3577 3666 nitore
3596 3610 3770 3682 parie-

2151 3705 2271 3757 tum
2306 3714 2492 3770 nuper
2522 3697 2683 3755 calce
2712 3698 2994 3754 illitorum
3025 3698 3364 3769 suffocatus,
3398 3698 3568 3755 obiit.

2222 3822 2661 3879 Valentinianus
2692 3837 2824 3878 ann.
2858 3826 2942 3877 11.
2980 3822 3081 3878 Hic
3108 3822 3183 3878 ob
3216 3821 3383 3878 ﬁdem
3416 3820 3633 3879 Christi
3680 3820 3771 3876 tri-

2153 3912 2372 3968 bunatu
2408 3910 2653 3966 militum
2685 3924 2714 3964 a
2746 3909 2974 3966 Juliano
3010 3910 3272 3981 privatus
3301 3910 3427 3965 fuit.

2224 4004 2274 4054 1.
2309 3998 2755 4055 Valentinianus
2787 3998 3010 4055 Valenti
3036 3998 3202 4053 fratri
3220 4013 3324 4055 suo
3342 3996 3667 4055 occidentis
3689 3996 3772 4052 im-

2154 4088 2376 4159 perium
2407 4086 2589 4143 dedit.

2222 4180 2275 4232 2.
2310 4175 2523 4231 Valens
2556 4176 2627 4231 ab
2658 4175 2921 4232 Eudoxio
2970 4174 3343 4231 Arrianorum
3391 4173 3662 4246 episcopo
3698 4184 3772 4228 se-

2154 4262 2368 4319 ductus
2397 4268 2457 4318 et
2490 4264 2844 4335 baptizatus,
2883 4266 3013 4334 post
3063 4266 3307 4317 mortem
3355 4262 3554 4317 fratris
3596 4260 3773 4317 ortho-

2154 4350 2338 4407 doxos
2368 4351 2767 4422 persequitur.
2796 4354 3186 4408 Terramotus
3214 4364 3319 4421 per
3353 4353 3539 4406 totum
3588 4348 3767 4406 orbem

2157 4440 2342 4495 factus
2372 4444 2480 4496 est.
2518 4439 2710 4497 Roma
2734 4441 3012 4495 Damasus
3044 4452 3188 4510 papa
3220 4437 3542 4493 ordinatur.

470 4533 555 4585 13.
590 4528 876 4585 Constans
906 4528 1049 4585 baut
1071 4527 1239 4598 longe
1270 4528 1342 4585 ab
1366 4528 1640 4599 Hispania
1664 4528 2037 4602 interficitur,
2073 4523 2122 4581 D
2225 4532 2276 4597 3,
2310 4529 2455 4584 Vera
2478 4528 2522 4561 "
2554 4526 2682 4584 lana
2710 4527 2923 4600 pluvia
2951 4527 3129 4583 mixta
3159 4527 3229 4583 de
3263 4526 3511 4582 nubibus
3550 4524 3724 4583 ﬂuxit.

396 4631 547 4674 anno
576 4618 753 4674 etatis
786 4622 875 4674 30.

469 4709 554 4761 17.
590 4704 926 4762 Victorinus
960 4703 1161 4760 rethor
1188 4707 1247 4758 et
1277 4705 1536 4761 Donatus
1559 4704 1979 4775 grammaticus
1997 4702 2044 4738 ”

398 4792 657 4864 insignes
687 4794 881 4850 Roma
910 4791 1218 4849 habentur.

470 4884 557 4937 18.
611 4880 877 4938 Julianus
922 4879 967 4914 "
1016 4894 1185 4936 cesar
1232 4894 1263 4935 a
1320 4880 1703 4936 Constantino
1768 4879 2044 4938 efﬁcitur.

401 4968 691 5026 Antonius
724 4967 1043 5024 monachus
1073 4967 1218 5023 obiit
1254 4970 1354 5023 105
1384 4968 1578 5024 atatis
1608 4982 1778 5025 anno.

471 5060 559 5113 19.
593 5057 810 5127 Magna
840 5055 1290 5112 Alamannorum
1332 5055 1515 5127 copia
1562 5057 1715 5129 apud
1766 5058 2049 5127 Argenta-

402 5160 550 5201 rium
582 5144 792 5203 deleta
823 5147 983 5201 sunt.
1015 5144 1208 5200 Roma
1239 5142 1505 5202 Liberius
1537 5159 1683 5217 papa
1716 5145 2043 5201 ordinatur.

2223 4618 2272 4671 4.
2309 4616 2579 4688 Hylarius
2612 4617 2998 4673 Pictaviensis
3029 4616 3344 4687 episcopus
3375 4615 3539 4671 obiit.

2225 4710 2273 4760 δ.
2311 4704 2700 4761 Athanaricus
2730 4718 2833 4760 rex
2856 4704 3174 4761 Gothorum
3208 4703 3263 4759 in
3297 4717 3397 4760 sua
3438 4706 3611 4772 gente
3663 4713 3773 4772 pcr-

2156 4792 2447 4863 sequitur.

2224 4886 2280 4937 7.
2312 4879 2760 4937 Valentinianus
2790 4879 3052 4936 Saxones
3086 4880 3140 4934 in
3177 4879 3412 4949 regione
3446 4879 3773 4934 Francorum

2155 4968 2298 5025 cede
2329 4967 2679 5039 perdomuit.

2228 5060 2281 5112 8.
2315 5056 2601 5114 Eusebius
2628 5055 3025 5113 Vercellensis
3056 5055 3367 5127 episcopus
3395 5054 3563 5110 obiit.

2229 5149 2280 5200 9.
2317 5143 2684 5200 Alexandria
2715 5145 2925 5200 Petrus
2945 5143 3256 5216 cpiscopus
3276 5151 3405 5215 post
3421 5139 3773 5198 Athanasium

404 5233 528 5297 Quo
551 5233 623 5287 ab
658 5231 919 5287 Arrianis
946 5231 1157 5302 ejecto,
1193 5230 1352 5288 Felix
1382 5231 1575 5289 locum
1621 5232 1748 5302 ejus
1792 5236 2050 5303 occupat
2161 5232 2492 5288 ordinatur.

407 5332 617 5375 annum
650 5324 698 5374 1.
732 5317 843 5374 Sed
870 5318 1134 5376 Liberius
1172 5318 1365 5377 heresi
1409 5319 1809 5389 subscribens,
1848 5321 2046 5390 rediit,

2236 5322 2318 5375 10.
2354 5319 2697 5390 Magnentia,
2733 5334 2861 5391 qua
2891 5324 2952 5377 et
2978 5320 3167 5391 Tecla,
3202 5320 3585 5375 Romanorum
3634 5313 3775 5372 nobi-

1773 5492 2010 5552 νΑιυλΕ
2047 5493 2341 5551 LECTION
2346 5494 2445 5551 ES.

479 5612 526 5648 ³³
555 5613 755 5673 lucinii
787 5628 835 5671 ο.
921 5613 967 5649 ⁸⁸
996 5617 1052 5674 d.
1084 5620 1143 5674 ct
1180 5630 1268 5688 gr.
1301 5630 1348 5675 ο.
1381 5615 1426 5652 ³⁸
1450 5613 1652 5686 jmlius
1681 5627 1730 5672 ο.
1814 5614 1862 5651 ³⁸
1889 5617 2038 5674 Uara
2071 5633 2121 5674 c.
