3894 6402
176 367 303 432 4¹Ζ8

991 374 1431 440 CHRONICA.
1469 411 1542 423 -—
1573 370 2055 439 CHRONICON
2097 375 2821 443 WIRZIBURGENSE.

3468 377 3586 444 474

182 498 425 573 lissima,
459 502 822 563 Hierusalem
853 507 1109 581 veniens,
1144 510 1367 579 magnis
1399 509 1720 568 virtutibus
1767 512 1828 565 et
1856 521 1914 583 Α
2011 513 2061 567 6.
2097 509 2264 568 Gothi
2297 512 2523 569 Alarico
2563 517 2624 569 et
2651 508 2974 582 Radagaiso
3000 510 3236 582 regibus
3257 511 3481 570 Italiam
3504 511 3588 571 in-

180 588 512 649 humilitate
538 592 772 651 claruit.

256 682 341 736 11.
402 681 843 741 Valentinianus
889 685 1159 759 apoplexi
1208 687 1455 743 moritur
1506 686 1720 744 bellum
1770 687 1828 743 in

181 767 480 827 Sarmatas
516 785 746 842 parans.

252 855 464 914 Valens
496 862 629 930 post
660 863 905 918 mortem
936 862 1139 921 fratris
1172 878 1301 921 cum
1332 864 1605 922 Gratiano
1636 870 1693 922 et
1729 866 1831 923 Va-

176 922 442 1002 1entiano
472 922 602 1003 a-nn.
639 950 691 1004 4.

254 1079 305 1133 1.
343 1078 592 1136 Basilius
626 1082 870 1141 Caesaraa
905 1086 1246 1156 Capadocim
1277 1088 1609 1159 episcopus,
1634 1087 1723 1144 vir
1742 1102 1830 1144 sa-

179 1163 588 1234 pientissimus
616 1172 672 1225 et
706 1172 1269 1245 continentissimus,
1294 1175 1418 1245 sed,
1442 1180 1504 1232 ut
1529 1174 1711 1245 aiunt,
1736 1189 1829 1231 su-

181 1253 405 1322 perbus
435 1254 540 1325 (Cf.
576 1258 785 1329 HIER.),
822 1258 1019 1317 clarus
1060 1260 1328 1318 habetur.
1382 1264 1480 1333 (H.
1514 1262 1609 1333 S.)
1657 1262 1831 1318 Theo-

178 1339 406 1409 dosius,
430 1343 732 1401 Theodosii
758 1351 961 1418 postea
986 1348 1356 1421 imperatoris
1373 1354 1559 1422 pater,
1584 1355 1640 1405 et
1664 1349 1828 1407 multi

177 1427 407 1484 nobiles
429 1444 460 1484 a
492 1431 732 1488 Valente
755 1435 931 1490 occisi
966 1442 1120 1492 sunt.

252 1521 303 1571 2.
374 1518 684 1577 Gratianus
739 1526 808 1578 30
851 1523 1029 1580 millia
1080 1524 1529 1583 Alamannorum
1590 1526 1826 1583 delevit.

178 1601 393 1659 Valens
424 1603 606 1674 legem
640 1608 821 1679 dedit,
858 1615 919 1667 ut
953 1613 1218 1668 monachi
1248 1614 1567 1671 militarent
1596 1615 1830 1683 ;nolen-

175 1693 273 1745 tes
305 1690 560 1748 fustibus
589 1694 839 1752 interfici
866 1697 1061 1768 jussit.

254 1782 304 1833 3.
341 1780 509 1835 Gothi
541 1783 771 1853 expulsi
802 1786 873 1841 ab
913 1788 1054 1842 Unis
1104 1789 1508 1847 diffunduntur
1556 1791 1611 1846 in
1654 1791 1826 1846 Thra-

177 1865 311 1932 cia;
346 1868 513 1923 Gothi
548 1870 695 1927 fame
725 1875 1011 1945 compulsi
1042 1877 1350 1933 rebellant.

254 1955 304 2009 4.
343 1954 571 2027 Valens,
607 1973 637 2013 a
670 1960 871 2017 Gothis
903 1964 1098 2018 occiso
1139 1966 1422 2036 exercitu,
1474 1968 1716 2036 fugiens,
1771 1966 1825 2021 in

179 2040 354 2098 domo
387 2045 630 2113 quadam
663 2048 828 2105 vivus
865 2057 1181 2109 crematur.

254 2132 376 2187 Huc
408 2148 588 2203 usque
612 2136 884 2194 chronica
915 2141 1148 2196 Eusebii
1184 2143 1503 2201 Ieronimus
1531 2143 1825 2215 perduxit.

252 2218 562 2278 Gratianus
594 2237 723 2279 cum
756 2224 1162 2286 Valentiniano
1196 2231 1375 2287 fratre
1409 2238 1540 2304 post
1586 2238 1829 2289 mortem

179 2307 375 2378 patrui
407 2324 535 2365 ann.
563 2315 613 2365 6.

254 2444 305 2494 1.
359 2440 550 2497 Romae
597 2446 728 2512 post
787 2443 1089 2501 Damasum
1154 2449 1400 2505 Ursinus
1465 2466 1609 2523 papa
1677 2453 1825 2508 sedit

178 2530 433 2583 ann.15.

250 2618 305 2669 2.
348 2616 434 2671 Ab
462 2615 572 2674 hoc
624 2632 771 2675 anno
820 2619 1185 2693 Theophylus
1227 2624 1530 2695 paschales
1576 2628 1829 2684 circulos

176 2701 431 2759 inchoat.

257 2794 309 2846 3.
365 2791 615 2850 Sinodus
662 2799 765 2850 150
813 2795 1221 2869 episcoporum
1268 2802 1828 2875 Constantinopolim

180 2878 469 2936 adversus
520 2882 914 2940 Macedonium
962 2892 1352 2957 congregatur
1404 2891 1513 2946 sub
1589 2893 1829 2948 Damaso

219 2981 347 3023 ana.

219 2982 251 3023 a
297 2981 347 3022 a.

359 3056 684 3114 Archadius
734 3057 1054 3131 imperator
1116 3064 1383 3136 efficitur,
1432 3068 1735 3125 Theodosii
1770 3069 1831 3124 ll-

206 3159 322 3198 lllS.

206 3159 322 3199 IHS.

1939 597 2306 667 grediuntur.

2010 690 2062 741 7.
2119 688 2373 761 Corpora
2427 690 2843 763 prophetarum
2896 688 3168 745 Abbacuc
3198 692 3256 744 et
3288 688 3521 748 Michew
3552 705 3583 748 a

1938 773 2179 833 Domino
2214 778 2565 835 revelantur.

2009 868 2061 919 8.
2096 866 2684 923 Romaelnnocentius
2718 880 2862 938 papa
2895 864 3046 922 sedit
3083 879 3173 920 an.
3220 869 3303 920 13.

2015 957 2099 1008 13.
2128 953 2453 1011 Archadius
2476 955 2723 1011 orientis
2744 955 3063 1026 imperator
3079 952 3580 1026 Constantinopoli

1940 1042 2206 1099 moritur.
3222 1081 3229 1087 -

2010 1131 2297 1189 Honorius
2326 1147 2454 1188 cum
2477 1132 2814 1203 Theodosio,
2848 1131 3048 1188 fratris
3073 1128 3161 1187 sui
3187 1127 3325 1200 tilio,
3351 1134 3576 1186 ann.1.’5.
3624 1190 3629 1195 ,

2012 1223 2060 1273 1.
2094 1220 2355 1276 Wandali
2387 1222 2691 1292 Hispanias
2720 1224 3027 1292 occupant.

2011 1312 2060 1362 3.
2099 1308 2331 1365 Attalus
2360 1310 2555 1365 Romae
2596 1309 2914 1381 imperator
2964 1309 3172 1378 factus,
3225 1321 3357 1362 mox
3400 1319 3581 1376 regno

1942 1394 2225 1467 privatus,
2260 1397 2461 1454 Gothis
2490 1397 2737 1454 cohesit.

2013 1488 2062 1540 4.
2100 1485 2275 1540 Roma
2309 1485 2533 1556 irrupta
2564 1490 2653 1542 est
2684 1500 2714 1541 a
2746 1486 2964 1555 Gothis,
3000 1483 3230 1541 Alarico
3275 1496 3432 1552 rege,
3486 1495 3582 1537 an-

1941 1587 2013 1627 no
2045 1573 2399 1629 conditionis
2428 1574 2554 1643 ejus
2588 1578 2763 1639 1164;
2798 1574 2899 1630 sed
2937 1589 3066 1645 quia
3095 1571 3452 1629 Christianus
3480 1583 3581 1625 rex

1938 1664 2085 1730 erat,
2121 1660 2440 1717 clementer
2468 1662 2713 1718 victoria
2748 1676 2884 1717 usus
2913 1664 3023 1718 est.

2012 1753 2062 1803 7.
2096 1751 2348 1819 Corpora
2380 1754 2715 1804 sanctorum
2758 1749 3062 1820 Stephanis
3111 1743 3578 1820 protomartyris,

1855 1848 1909 1929 Β
1943 1835 2294 1929 Gamalielis,
2329 1837 2574 1907 Abibon,
2605 1836 2939 1893 Nichodcmi
2966 1837 3212 1893 Luciano
3236 1835 3583 1907 presbytero

1942 1923 2297 1980 revelantur.

2013 2016 2067 2068 8.
2100 2013 2362 2071 Zosimus
2393 2029 2538 2087 papa
2566 2016 2719 2072 sedit
2742 2029 2871 2072 ann.
2909 2017 2958 2070 3.

1945 2105 2027 2156 10.
2062 2103 2327 2174 Eclypsis
2358 2103 2499 2160 solis
2533 2104 2682 2161 facta
2716 2108 2824 2161 est.
2872 2102 3240 2160 Hieronimus
3272 2101 3583 2174 presbyter

1942 2188 2277 2246 Behtlehem
2310 2192 2452 2248 obiit
2484 2208 2632 2249 anno
2664 2193 2797 2249 vitae
2827 2197 2914 2249 91.

2014 2283 2099 2335 12.
2136 2282 2331 2337 Romae
2364 2282 2691 2338 Bonifacius
2717 2281 2789 2336 60
2818 2296 2963 2353 papa
2997 2280 3322 2336 ordinatur.

2013 2373 2099 2425 13.
2138 2369 2425 2425 Honorius
2456 2370 2608 2440 apud
2642 2371 2969 2425 Ravennam
3010 2367 3413 2425 Constantium
3453 2380 3587 2423 con-

1949 2460 2168 2512 sortem
2201 2458 2363 2527 regni
2398 2457 2534 2513 fecit
2566 2457 2792 2513 decimo
2825 2456 3051 2528 imperii
3086 2456 3175 2512 sui
3200 2470 3368 2511 anno.
3415 2456 3587 2511 Cons-

1943 2544 2163 2600 tantius
2204 2545 2524 2616 imperator
2546 2548 2813 2602 Ravenne
2846 2545 3094 2601 moritur
3124 2542 3311 2600 tercio
3359 2541 3584 2614 imperii

1941 2632 2029 2687 sui
2070 2647 2236 2689 anno.
2273 2634 2563 2690 Honorius
2591 2635 2838 2690 moritur
2870 2634 3050 2689 frater
3080 2630 3370 2688 Placidiae.

2009 2718 2365 2776 Theodosius
2394 2719 2580 2775 minor
2611 2719 2878 2776 Archadii
2914 2718 3087 2789 filius,
3121 2733 3251 2773 ann.
3286 2721 3372 2774 26.

2013 2813 2062 2864 1.
2112 2807 2470 2865 Theodosius
2516 2807 3001 2878 Valentinianum,
3060 2805 3313 2862 Placidie
3383 2802 3583 2874 filium,

1940 2896 2348 2953 consobrinum
2381 2912 2545 2953 suum
2578 2910 2855 2953 cessarem
2889 2896 3021 2952 fecit
3051 2899 3109 2951 et
3138 2910 3268 2952 cum
3300 2897 3484 2949 matre
3512 2891 3585 2950 ad

1940 2984 2263 3041 occidentis
2297 2985 2598 3057 imperium
2632 2984 2806 3042 misit.

2012 3076 2063 3129 6.
2100 3072 2324 3144 Aetius,
2361 3073 2563 3130 multis
2583 3073 2821 3130 Francis
2850 3072 3084 3144 occisis,
3117 3077 3344 3145 partem
3389 3069 3587 3128 Galliae

1943 3177 2112 3233 quam
2143 3162 2526 3233 possederant
2559 3162 2800 3232 recepit.

251 3232 629 3322 6._Maximus
679 3249 919 3322 regnum
973 3239 1084 3294 sibi
1135 3255 1441 3313 usurpans,
1494 3245 1827 3303 Gratianum
1863 3214 1910 3277 Ο
1950 3214 3137 3322 1“83311:;.)wAu—gvustinusrHypponensis
3168 3248 3479 3321 episcopus
3525 3252 3587 3304 et

181 3318 463 3388 Lugdune
491 3319 536 3353 ²⁶
564 3321 800 3379 occidit.
835 3325 1300 3384 Valentinianum
1347 3330 1511 3387 Italia
1573 3334 1821 3405 depulit.

254 3406 641 3475 Theodosius,
674 3411 769 3481 qui
804 3412 1077 3469 Gratiano
1103 3415 1335 3472 vivente
1367 3422 1398 3471 6
1431 3434 1560 3475 ann.
1588 3423 1828 3491 regebat

182 3494 495 3565 orientem,
529 3494 663 3567 post
698 3503 941 3555 mortem
976 3502 1105 3572 ejus
1133 3506 1396 3574 regnavit
1428 3520 1559 3563 ann.
1598 3516 1681 3578 τι,
1715 3511 1832 3581 pri-

181 3596 279 3637 mo
309 3597 437 3638 cum
474 3583 896 3657 Valentiniano,
933 3602 1101 3658 quem
1155 3590 1277 3662 ipse
1321 3594 1698 3666 Theodosius,
1743 3598 1833 3653 vir

181 3668 452 3727 omnibus
474 3670 797 3730 virtutibus
820 3674 1045 3747 plenus,
1075 3678 1239 3735 Italia
1262 3682 1565 3752 expulsum
1584 3684 1830 3755 benigne

183 3764 552 3828 susceperat.

258 3849 310 3901 3.
347 3847 690 3904 Ambrosius
722 3850 1167 3910 Mediolanensis
1200 3855 1515 3928 episcopus
1556 3861 1835 3918 Martinus

179 3933 537 3990 Turonensis
565 3941 625 3990 et
657 3937 1018 3996 Hieronimus
1040 3942 1348 4014 presbyter
1379 3945 1836 4007 Behtlehemites

182 4019 331 4077 clari
364 4020 745 4081 habebantur.

258 4114 310 4166 7.
347 4110 785 4170 Valentinianus
816 4113 949 4171 dolo
983 4118 1328 4190 Arbogastis
1359 4123 1675 4194 suSpendio
1709 4139 1836 4196 per-

186 4197 277 4254 iit.

261 4289 333 4343 10
353 4283 715 4346 Hieronimus
744 4287 955 4348 librum
994 4307 1164 4364 quem
1210 4295 1282 4352 de
1331 4295 1664 4357 illustribus
1693 4299 1835 4358 viris

185 4372 477 4431 aecclesia:
507 4376 748 4448 scripsit
778 4378 1075 4451 hucusque
1099 4383 1391 4454 perduxit.

264 4465 349 4516 11.
384 4463 484 4533 (Η.
520 4464 602 4533 8.)
632 4465 994 4524 Theodosius
1025 4471 1342 4540 Eugenium
1395 4479 1701 4544 tyrannum
1742 4492 1835 4534 su-

1941 3337 2193 3394 omnium
2226 3337 2433 3393 doctor
2462 3337 2711 3393 eximius
2738 3336 3157 3406 aecclesiarum,
3210 3351 3280 3391 ne
3327 3335 3587 3392 civntatis

1941 3441 2061 3484 suae
2092 3426 2315 3483 ruinam
2347 3425 2597 3496 videret,
2632 3426 2818 3482 tercio
2852 3425 3177 3483 obsidionis
3212 3425 3340 3495 ejus
3387 3439 3584 3480 mense

1944 3514 2214 3585 migravit
2244 3514 2315 3571 ad
2339 3515 2637 3571 Dominum
2665 3529 2813 3571 anno
2845 3514 3022 3571 etatis
3069 3517 3158 3585 76,
3208 3513 3588 3585 episcopatus

1943 3617 2082 3659 vero
2114 3603 2203 3659 sui
2234 3605 2318 3658 40.

2015 3694 2065 3746 9.
2090 3691 2170 3746 Η.
2202 3691 2297 3761 S.)
2330 3691 2521 3747 Romae
2554 3691 2751 3747 Sixtus
2782 3704 2926 3762 papa
2959 3691 3286 3747 ordinatur.

2017 3783 2076 3833 11
2130 3778 2392 3850 Synodus
2449 3778 2630 3835 tercia
2682 3778 3029 3836 universalis
3074 3778 3129 3834 in
3175 3778 3405 3851 Epheso
3453 3791 3590 3834 con-

1944 3869 2226 3936 gregatur
2252 3870 2360 3922 200
2387 3868 2797 3939 episcoporum
2828 3870 3032 3924 contra
3063 3866 3415 3923 Nestorium.

2016 3958 2101 4010 13.
2141 3954 2343 4012 Aetius
2372 3954 2823 4012 Gundicharium
2873 3954 3342 4025 Burgondonium
3394 3966 3588 4023 regem

1946 4041 2127 4109 vicit;
2162 4057 2331 4113 quem
2362 4042 2509 4099 Huni
2543 4047 2744 4114 postea
2776 4043 3158 4115 perimerunt.

2018 4133 2102 4186 14.
2139 4128 2580 4186 Valentinianus
2620 4130 2793 4187 filiam
2841 4130 3147 4188 Theodosii
3196 4130 3251 4187 in
3298 4130 3591 4186 matrimo-

1947 4217 2101 4275 nium
2134 4216 2382 4289 accepit.

2021 4310 2105 4363 15.
2138 4304 2402 4362 Julianus
2434 4303 2814 4376 pelagianista
2843 4304 3140 4363 hereticus
3171 4319 3202 4363 a
3236 4305 3397 4363 Sixto
3444 4319 3591 4379 papa

1947 4395 2272 4451 damnatur.
2834 4396 2843 4403 ‘

2021 4485 2105 4537 16.
2141 4481 2363 4539 Bellum
2393 4480 2677 4539 adversus
2698 4480 2916 4538 Gothos
2938 4482 3121 4539 Hunis
3143 4480 3592 4541 auxiliatorihus

189 4550 417 4641 peravit
436 4555 510 4641 et
542 4551 666 4641 ipse
687 4554 990 4612 Mediolani
1014 4557 1070 4613 in
1093 4571 1235 4629 pace
1257 4561 1418 4616 obiit.
1448 4565 1830 4636 Augustinus,
1867 4559 1915 4617 D
1947 4570 2193 4641 geritur.

188 4638 403 4694 doctor
426 4638 896 4727 facundissimus,
924 4646 1198 4718 Hyppone
1223 4649 1382 4718 regio
1413 4650 1457 4683 ³⁷
1478 4651 1704 4710 Aﬂ‘ricae
1718 4654 1837 4727 cpi-

189 4739 411 4797 scopus
439 4726 763 4785 ordinatur.
803 4731 1116 4805 Hucusque
1142 4736 1613 4797 :ecclesiasticam
1644 4742 1838 4813 hyste-

189 4813 341 4870 riam
371 4815 655 4872 Eusebius
684 4818 927 4877 Rufinus
958 4822 1249 4892 perduxit.

266 4902 609 4976 Archadius,
641 4907 947 4965 Theodosii
982 4909 1155 4983 filius,
1186 4927 1315 4971 cum
1366 4916 1544 4975 fratre
1586 4920 1836 4977 Honorio

188 4995 447 5047 ann.13.

260 5084 319 5136 -1.
341 5082 591 5138 Joannes
624 5080 906 5141 heremita
938 5086 1104 5143 obiit.

265 5173 319 5226 2.
351 5169 599 5227 Sanctus
626 5171 906 5229 Martinus
933 5174 1097 5231 obiit.

265 5256 613 5314 Ambrosius
644 5257 957 5330 episcopus
985 5262 1255 5333 migravit
1285 5267 1357 5324 ad
1387 5268 1709 5329 Dominum.

270 5348 322 5402 4.
350 5344 546 5403 Romae
578 5346 925 5439 Anastasius
955 5363 1101 5423 papa
1133 5356 1199 5411 37
1229 5354 1552 5416 ordinatur.

2022 4663 2107 4715 17.
2137 4659 2331 4716 Romae
2363 4660 2475 4716 Leo
2506 4672 2652 4730 papa
2683 4657 3085 4716 constituitur.

2020 4751 2102 4804 18.
2137 4746 2492 4807 Theodosius
2523 4746 2739 4804 bellum
2769 4752 2975 4804 contra
3008 4747 3229 4807 Gothos
3284 4747 3591 4805 inefficaci-

1950 4840 2041 4892 ter
2063 4837 2262 4892 movit.

2018 4929 2105 4980 20.
2142 4924 2401 4981 Briccius
2430 4923 2780 4980 Turonensis
2809 4924 3124 4997 episcopus
3156 4925 3321 4982 obiit.

2018 5016 2107 5070 21.
2141 5010 2491 5068 Eustochius
2518 5012 2826 5069 successit.

2020 5104 2107 5158 26.
2139 5098 2490 5156 Theodosius
2521 5099 2840 5172 imperator
2870 5101 3115 5158 orientis
3147 5101 3309 5159 obiit.

2021 5188 2335 5245 Martianus
2364 5201 2495 5244 cum
2527 5186 2931 5244 Valentiniano
2953 5203 3084 5245 ann.
3121 5195 3171 5246 7.

2024 5282 2074 5332 1.
2110 5276 2312 5333 Aetius
2358 5277 2488 5333 cum
2536 5275 2809 5332 Romanis
2858 5276 3308 5336 auxiliatorihus
3350 5277 3591 5336 Attilam

1949 5364 2268 5437 superavit.

1562 5526 1799 5585 νΑΒυΕ
1839 5528 2236 5588 LECTIONES.

260 5630 309 5666 ’⁸
339 5630 603 5705 lugdudo
632 5644 681 5692 ο.
712 5631 760 5668 ’τ
788 5633 1149 5710 hypponerio
1178 5654 1226 5700 ο.
