3894 6424
242 328 361 394 4Ἶῦ

318 469 370 523 2.
404 465 593 525 Attila
625 467 948 541 Aquileiam
978 468 1034 527 vi
1063 485 1267 541 magna
1300 471 1478 544 cepit.

249 554 329 612 Eo
359 560 621 628 tempore
652 558 1021 615 Ermenricus
1071 574 1248 631 super
1296 575 1497 617 omnes
1543 560 1761 616 Gothos
1812 574 1899 617 re-

250 645 471 714 gnavit,
504 646 761 703 astutior
791 648 1061 704 omnibus
1094 648 1149 704 in
1184 648 1318 705 dolo
1351 648 1567 719 largior
1600 649 1656 705 in
1706 649 1857 705 dono
1885 666 1900 716 ;

252 732 347 802 qui
381 736 510 804 post
535 739 781 790 mortem
818 734 1096 793 Frideriei
1129 735 1231 792 filii
1266 736 1355 794 sui
1384 736 1559 807 unici,
1586 752 1687 795 sua
1709 750 1905 809 perpe-

253 824 469 877 tratam
520 821 845 893 voluntate,
893 823 1192 896 patrueles
1250 839 1390 882 suos
1452 825 1776 882 Embricam
1844 828 1901 881 et

253 909 529 966 Frithlam
554 910 817 982 patibulo
841 913 1169 985 suspendit,
1193 914 1612 972 Theodericum
1635 912 1903 971 similiter

257 997 583 1069 patruelem
607 1014 798 1072 suum,
816 1000 1216 1060 instimulante
1235 1003 1503 1059 Odoacro
1517 1001 1783 1075 patruele
1797 1014 1905 1059 suo

259 1086 329 1143 de
361 1087 586 1146 Verona
620 1087 874 1161 pulsum,
911 1090 1065 1164 apud
1095 1090 1335 1149 Attilam
1357 1090 1596 1149 exulare
1618 1090 1830 1161 coegit.

330 1174 431 1244 (Η.
460 1176 555 1244 S.)
582 1176 764 1235 Attila
793 1179 1092 1237 Hunorum
1124 1194 1228 1236 rex
1256 1180 1523 1236 moritur.

330 1267 381 1319 3.
419 1265 685 1335 Synodus
709 1269 917 1337 quarta
946 1269 1055 1324 630
1073 1268 1481 1340 episcoporum
1506 1268 1563 1323 in
1587 1266 1909 1324 Calcedone

256 1357 651 1423 congregatur
682 1356 791 1411 sub
824 1355 1011 1413 Leone
1041 1370 1188 1429 papa
1220 1361 1422 1414 contra
1454 1354 1755 1412 Euthicen.

323 1439 376 1495 5.
416 1441 864 1503 Valentinianus
896 1446 1125 1502 Aetium
1161 1446 1468 1517 patricium
1525 1444 1607 1500 rei
1659 1442 1909 1516 publica:

259 1528 462 1586 utilem
496 1546 599 1588 sua
632 1548 801 1591 manu
835 1533 1070 1591 occidit.
1102 1533 1543 1592 Valentinianus
1590 1533 1662 1589 ab
1711 1530 1912 1588 amicis

259 1618 409 1674 Aetii
448 1620 505 1676 in
529 1636 734 1693 campo
764 1624 978 1680 Marcio
1005 1622 1311 1680 occiditur.
1346 1624 1561 1679 Eodem
1591 1637 1737 1678 anno
1787 1619 1911 1677 Gei-

260 1706 483 1766 sericus
503 1711 733 1768 cunctis
754 1710 965 1783 opibus
985 1711 1223 1767 Romam
1246 1711 1555 1783 exspoliat.
1581 1710 1703 1766 Huc
1726 1721 1910 1781 usque

260 1792 594 1853 chronicam
628 1813 786 1856 suam
822 1799 1076 1872 Prosper
1108 1798 1405 1871 perduxit.

331 1888 384 1938 7.
434 1885 751 1944 Martianus
789 1888 1033 1945 orientis
1074 1887 1391 1958 imperator
1431 1884 1701 1943 moritur.

332 1971 443 2028 Leo
472 1988 607 2029 ann.
638 1980 703 2031 17
733 1975 945 2032 orienti
972 1976 1238 2048 imperat.

333 2064 385 2116 2.
423 2061 834 2121 Mauronianus
863 2065 1182 2137 imperator
1213 2063 1538 2123 occidentis
1566 2062 1623 2118 in
1646 2060 1914 2118 Aﬂ‘ricam

262 2150 632 2219 procinctum
664 2152 864 2208 movit.

338 2242 423 2297 11.
458 2238 804 2298 Anthemius
826 2240 1148 2312 imperator
1178 2240 1505 2299 occidentis
1527 2255 1557 2297 a
1581 2240 1765 2297 Leone
1788 2238 1918 2296 mit-

263 2325 430 2383 titur.

340 2419 402 2471 16
436 2414 701 2490 Olibrius
733 2416 1057 2489 imperator
1078 2424 1111 2475 7
1152 2432 1351 2475 mense
1380 2416 1650 2473 moritur.

340 2507 403 2560 17
436 2504 547 2560 Leo
581 2505 777 2564 senior
809 2506 980 2563 obiit.
1014 2509 1127 2564 Pro
1160 2523 1273 2579 quo
1296 2506 1494 2579 junior
1526 2501 1728 2577 paucis
1767 2512 1922 2556 men-

269 2593 432 2648 sibus
456 2595 745 2663 regnavit.

340 2682 529 2737 Zenon
563 2697 696 2740 ann.
732 2688 798 2741 17
827 2684 1112 2741 orientem
1146 2684 1320 2741 rexit.

341 2773 394 2824 3.
428 2769 641 2829 Oreses
673 2772 955 2845 Nepotem
987 2773 1306 2830 Romanum
1338 2770 1658 2843 principem
1704 2763 1923 2835 fugavit

274 2863 331 2913 et
368 2857 487 2915 ﬁlio
516 2874 619 2915 suo
645 2860 969 2930 Augustulo
997 2860 1302 2932 imperium
1327 2859 1511 2915 dedit.
1538 2857 1802 2913 Odoacer
1822 2867 1926 2909 rex

275 2944 733 3015 Torcilingorum
757 2950 815 3004 et
846 2948 1143 3018 Rugorum
1167 2962 1297 3004 cum
1322 2945 1520 3004 multis
1546 2944 1925 3001 barbarorum

275 3039 513 3096 auxiliis
543 3039 764 3099 Italiam
796 3043 1057 3115 veniens,
1082 3044 1344 3100 Orestem
1367 3047 1423 3097 et
1448 3040 1687 3098 Paulum
1713 3038 1927 3093 fratres

275 3128 510 3186 occidit.
543 3130 935 3201 Augustulum
963 3130 1140 3187 exilio
1165 3130 1455 3187 damnavit
1480 3133 1538 3185 et
1561 3129 1796 3184 Romam
1828 3125 1928 3181 ob-

279 3215 475 3287 tinuit,
509 3231 659 3275 anno
687 3219 1042 3276 conditionis
1071 3219 1197 3290 ejus
1229 3222 1383 3275 1229.

350 3306 720 3366 Ermenricus
750 3324 854 3365 rex
876 3309 1189 3366 Gothorum
1215 3324 1243 3364 a
1275 3307 1557 3363 fratribus
1588 3304 1828 3361 Hamido
1868 3305 1927 3358 et

281 3392 466 3451 Sarilo
498 3400 559 3452 et
591 3398 872 3469 Odoacro,
900 3412 1140 3469 quorum
1167 3401 1391 3469 patrem
1416 3395 1930 3461 interfecerat,am.

282 3485 503 3554 putatis
545 3487 827 3554 ;manibus
873 3492 932 3544 et
972 3487 1238 3559 pedibus,
1289 3484 1545 3556 turpiter
1587 3481 1669 3539 uti
1718 3480 1928 3551 dignus

270 3576 426 3656 erat,
460 3574 691 3630 occisus
719 3579 827 3629 est.

357 3660 456 3727 (Η.
490 3662 587 3732 .S'.)
619 3660 883 3719 Odoacer
929 3663 1125 3719 Romae
1178 3661 1362 3717 invito
1417 3660 1646 3715 Zenone
1699 3656 1926 3725 regnat.

348 3753 399 3804 4.
436 3750 659 3821 Corpus
688 3750 951 3807 Barnabe
974 3749 1223 3822 apostoli
1246 3754 1306 3805 et
1333 3744 1696 3816 evangelium
1719 3741 1927 3798 Mathei

284 3835 421 3893 stilo
456 3838 585 3907 ejus
616 3838 900 3909 scriptum
936 3838 1175 3895 Domino
1225 3835 1557 3907 repperitur
1608 3830 1926 3888 revelante.

356 3930 407 3979 9.
440 3924 830 3983 Theodericus
856 3924 1181 3981 Theotmari
1213 3923 1389 3993 illius,
1423 3936 1526 3978 rex
1548 3918 1932 3989 Ostrogotho-

286 4027 412 4069 rum
445 4014 660 4070 Zenoni
692 4018 939 4083 augusto
968 4012 1268 4070 familiaris
1294 4009 1563 4069 efﬁcitur.

361 4105 426 4157 10
477 4103 667 4159 Zenon
696 4102 1111 4161 Theodericum
1149 4100 1454 4159 consulum
1483 4101 1544 4155 et
1586 4095 1929 4167 magistrum

290 4187 537 4244 militum
570 4190 728 4247 fecit.
798 4201 801 4205 '

363 4281 449 4334 1|.
482 4279 806 4338 Honoricus
836 4294 941 4337 rex
968 4278 1375 4336 Wandalorum
1422 4274 1555 4348 plus
1608 4286 1778 4345 quam
1828 4273 1933 4327 331.

286 4382 583 4454 episcopis
601 4382 875 4454 exulatis,
900 4383 1218 4441 catholicos
1230 4381 1471 4438 Arriana
1488 4379 1789 4449 impietate
1804 4389 1933 4447 per-

286 4470 570 4540 sequitur.

360 4563 442 4615 19.
463 4559 724 4616 Odoacer
738 4565 909 4616 nocte
923 4573 1215 4629 egressus,
1233 4560 1442 4628 quarto
1466 4552 1667 4626 praalio
1680 4549 1934 4608 vincitur

289 4662 319 4702 a
332 4647 954 4704 Theoderico.Vandali
973 4662 1171 4719 pacem
1188 4646 1452 4701 fecerunt
1467 4660 1481 4709 ;
1496 4642 1754 4698 etZenon
1768 4636 1933 4696 obiit.

362 4735 707 4792 Anastasius
734 4739 803 4790 27
833 4750 966 4790 ann.
1002 4734 1139 4790 alibi
1168 4737 1257 4789 28.

364 4826 416 4879 4.
446 4823 841 4879 Theodericus
873 4822 1200 4878 Odoacrum
1229 4817 1341 4875 sibi
1364 4815 1570 4873 isidias
1604 4814 1937 4871 molientem

291 4911 613 4980 interemit,
637 4916 696 4967 et
720 4910 848 4981 ipse
870 4907 1198 4966 occidentis
1220 4919 1460 4976 regnum
1482 4908 1691 4961 20ann.
1724 4900 1936 4957 tenuit.

364 5006 416 5055 7.
450 4997 878 5055 Trasemundus
908 5011 1009 5052 rex
1040 4993 1427 5051 Vandalorum
1476 4991 1794 5049 catholicas
1832 5004 1941 5046 aec-

294 5088 508 5146 clesias
536 5086 776 5157 clausit,
808 5089 868 5141 et
896 5089 1002 5142 220
1039 5084 1352 5158 episcopos
1396 5080 1571 5137 exilio
1617 5076 1939 5136 Sardiniam

295 5177 452 5232 misit
483 5191 651 5247 ;quos
677 5172 1053 5246 Symmachus
1079 5186 1223 5244 papa
1241 5169 1649 5227 sanctissimus
1672 5166 1751 5221 ibi
1771 5164 1938 5221 aluit.

365 5268 450 5319 12.
492 5263 737 5321 Boetius
764 5259 968 5319 consul
988 5261 1184 5317 Romae
1212 5258 1462 5331 plurima
1486 5254 1699 5325 ingenii
1722 5252 1943 5309 suime-

297 5351 552 5408 nimenta
575 5349 855 5423 praeclara
887 5347 1145 5421 scripsit.

1410 334 1894 401 EKKEHARDI
1937 334 2491 400 URAUGIENSIS

1961 4509 2015 4571 D

3526 336 3650 400 4'76

1924 468 1982 531 A
2085 471 2168 527 14.
2202 467 2590 529 Theodericus
2629 471 2865 528 Romam
2914 470 3090 541 venit,
3142 473 3200 526 et
3246 468 3427 528 multa
3475 470 3532 528 in
3576 485 3645 527 ea

2010 557 2271 616 miranda
2302 558 2531 616 edificia
2562 559 2909 617 construxit.

2082 650 2171 703 15.
2205 648 2616 719 Theodericus,
2646 663 2853 720 aquam
2884 649 3215 705 Ravennam
3248 647 3538 720 perduxit.

2085 740 2151 792 17
2172 736 2583 808 Theodericus,
2608 737 2782 795 victis
2804 737 3058 807 Francis,
3085 735 3299 794 Gallias
3317 736 3646 808 acquisivit.

2083 828 2169 881 20.
2197 825 2535 896 Fulgentius
2562 826 2760 883 clarus
2782 826 3051 883 habetur.
3078 826 3195 883 Sub
3213 825 3321 882 hoc
3343 824 3649 882 Anastasio

2015 911 2265 970 diversis
2295 915 2512 985 ubique
2547 914 2720 971 bellis
2755 929 2848 971 res
2879 913 3113 985 publica
3150 912 3447 983 fatigatur.

2084 1000 2173 1058 23.
2210 1001 2535 1060 Vitalianus
2566 1003 2850 1060 adversus
2879 1001 3246 1059 Anastasium
3275 1016 3405 1059 cum
3424 1000 3652 1075 Scythis

2015 1102 2220 1147 servus
2247 1089 2514 1148 rebellat.

2085 1183 2173 1234 25.
2209 1179 2603 1237 Theodericus
2652 1179 2826 1236 ﬁliam
2872 1192 3035 1236 suam
3074 1175 3503 1234 Amalsuindam
3548 1177 3655 1234 Eu-

2020 1265 2251 1323 tharico
2284 1267 2466 1324 dedit.

2094 1358 2181 1411 28.
2217 1354 2544 1413 Vitalianus
2570 1370 2710 1428 sepe
2738 1354 2955 1412 milites
2985 1353 3273 1412 Anastasii
3297 1352 3553 1423 vincens,
3575 1351 3656 1423 ip-

2023 1456 2149 1498 sum
2183 1443 2436 1500 irridens
2469 1445 2710 1517 sprevit.
2748 1443 3091 1501 Anastasius
3122 1441 3309 1499 heresi
3333 1443 3531 1498 favens
3549 1441 3655 1497 Eu-

2020 1531 2223 1589 ticetis
2247 1536 2302 1589 et
2325 1532 2643 1590 catholicos
2667 1547 3043 1605 persequens,
3068 1531 3263 1588 divino
3285 1529 3519 1588 fulmine
3533 1543 3654 1601 per-

2021 1618 2109 1690 iit,
2144 1620 2328 1691 major
2357 1622 2753 1692 octogenario.

2097 1780 2272 1850 (BEDA
2304 1782 2393 1839 De
2422 1782 2619 1855 temp.)
2647 1782 2912 1840 Justinus
2945 1782 3129 1854 major
3158 1793 3288 1838 ann.
3322 1782 3374 1836 8.
3406 1776 3658 1851 Acepha-

2024 1866 2211 1925 lorum
2242 1871 2470 1928 heresis
2502 1872 2830 1929 abdicatur.

2097 1982 2144 2031 1.
2182 1975 2282 2047 (H.
2314 1977 2410 2049 ις’.)
2439 1977 2702 2035 Justinus
2731 1976 3015 2050 plurimos
3036 1989 3214 2046 regno
3243 1988 3350 2031 suo
3372 1971 3657 2028 inhiantes

2031 2063 2267 2135 occidit,
2301 2069 2360 2121 et
2389 2080 2519 2122 cum
2541 2065 2828 2123 Vitaliano
2848 2065 3014 2123 fedus
3033 2062 3327 2137 percussit
3350 2078 3366 2129 ;
3387 2074 3558 2132 quem
3580 2064 3659 2116 ta-

2028 2167 2153 2208 men
2189 2158 2391 2224 postea
2423 2154 2659 2212 occidit.

2098 2245 2149 2297 2.
2183 2243 2473 2300 Johannes
2508 2256 2652 2314 papa
2711 2237 3269 2312 Constantinopolim
3298 2236 3556 2303 veniens,
3590 2233 3658 2291 ad

2031 2336 2256 2402 portam
2303 2346 2430 2401 quae
2481 2331 2696 2387 dicitur
2741 2331 2931 2387 Aurea
2979 2344 3118 2386 ceco
3150 2327 3341 2385 lumen
3387 2323 3655 2382 reddidit.

2100 2424 2153 2475 3.
2185 2419 2574 2476 Theodericus
2599 2418 2915 2474 Johannem
2945 2431 3150 2489 papam
3181 2417 3449 2472 Ravenne
3470 2427 3659 2470 rever-

2030 2523 2154 2564 sum
2184 2508 2443 2565 carceris
2495 2508 2807 2564 afﬂictione
2854 2505 3122 2578 peremit,
3168 2507 3225 2560 et
3266 2500 3659 2575 Symmachum

2033 2595 2340 2668 patricium
2372 2596 2609 2654 occidit.

2103 2688 2152 2739 5.
2188 2684 2575 2743 Theodericus
2606 2686 2907 2743 subitanea
2940 2686 3125 2741 morte
3157 2682 3426 2738 Ravenne
3468 2679 3659 2751 periit.

2034 2771 2145 2827 Pro
2180 2786 2293 2842 quo
2325 2772 2682 2843 Athalricus,
2716 2788 2897 2845 nepos
2924 2772 3052 2844 ejus
3075 2768 3335 2840 regnavit
3366 2781 3499 2824 ann.
3531 2769 3586 2823 8.

2106 2862 2155 2913 6.
2192 2860 2536 2918 Ileldericus
2568 2877 2671 2917 rex
2691 2860 3083 2918 Vandalorum
3113 2857 3424 2929 episcOpos
3454 2853 3527 2910 ab
3555 2853 3665 2911 exi-

2036 2945 2112 3003 lio
2144 2948 2359 3003 reverti
2378 2948 2564 3018 jubet.

2107 3039 2158 3090 7.
2195 3032 2443 3093 Sanctus
2474 3035 2827 3093 Benedictus
2844 3034 3024 3091 abbas
3044 3033 3328 3089 virtutum
3347 3028 3534 3100 gloria
3555 3028 3667 3087 cla-

2036 3121 2175 3178 ruit.

1958 3173 2007 3237 C
2109 3214 2160 3267 8.
2192 3212 2462 3269 Justinus
2489 3212 2880 3270 Justinianum
2908 3208 3071 3280 regni
3101 3209 3431 3266 consortem
3457 3209 3517 3262 et
3546 3218 3670 3262 sue-

2036 3312 2330 3356 cessorem
2372 3300 2612 3370 faciens,
2647 3299 2816 3356 obiit.

2106 3388 2487 3460 Justinianus,
2520 3388 2735 3447 Justini
2758 3403 2829 3445 ex
2857 3400 3063 3443 sorore
3092 3399 3295 3457 nepos,
3326 3396 3455 3440 ann.
3491 3384 3582 3439 38.

2114 3484 2166 3534 2.
2204 3478 2426 3549 (ΒευΑ.)
2456 3477 2819 3535 Justinianus
2852 3474 3100 3532 Parthos
3130 3472 3281 3531 bella
3318 3474 3616 3527 moventes
3631 3466 3675 3501 “

2038 3573 2215 3629 misso
2244 3568 2509 3625 exercitu
2534 3569 2774 3637 superat
2807 3562 3094 3631 Carthago
3133 3574 3282 3616 anno
3318 3555 3675 3615 excessionis

2038 3675 2158 3717 suae
2188 3662 2292 3715 960
2318 3655 2624 3728 recipitur,
2654 3652 2827 3710 victis
2848 3649 3149 3723 pulsisque
3177 3645 3447 3704 Vandalis
3459 3648 3521 3701 et
3544 3658 3673 3714 rege

2037 3761 2238 3805 eorum
2269 3743 2576 3801 Gelismiro
2608 3745 2782 3813 capto
2814 3734 3376 3808 Constantinopolim
3407 3732 3603 3790 misso.

2111 3839 2160 3891 4.
2196 3835 2297 3904 (Η.
2359 3833 2455 3905 S.)
2487 3829 2686 3887 Parthi
2718 3830 3036 3885 Romanum
3083 3824 3402 3881 exercitum
3433 3821 3670 3880 sabbato

2039 3925 2280 3982 vincunt
2316 3920 2565 3994 paschae.

2111 4019 2162 4069 5.
2206 4007 2559 4067 Amalsuilda
2602 4006 2848 4076 jubente
2893 4001 3300 4060 Theodohaldo
3345 3998 3544 4057 occisa
3567 4000 3670 4065 est,

2043 4115 2212 4174 quem
2240 4099 2575 4156 consortem
2607 4094 2771 4164 regni
2802 4091 2958 4149 fecit.

2111 4194 2144 4245 8
2197 4184 2490 4243 Dionisius
2521 4182 2701 4239 abbas
2731 4182 3024 4237 Romanus
3052 4178 3124 4234 ab
3145 4176 3254 4234 hoc
3274 4189 3422 4231 anno
3445 4172 3674 4247 pascha-

2043 4277 2155 4333 lem
2188 4286 2455 4344 magnum
2487 4270 2772 4326 circulum
2797 4267 3053 4336 inchoat,
3098 4264 3381 4337 incipiens
3420 4261 3493 4319 ab
3535 4272 3674 4316 anno

2044 4360 2467 4421 incarnationis
2511 4357 2733 4415 Domini
2784 4360 2908 4416 532.
2957 4354 3054 4427 qui
3104 4358 3192 4411 est
3233 4366 3417 4409 annus
3460 4346 3675 4405 Diocle-

2042 4452 2187 4509 tiani
2212 4454 2337 4507 249.

2117 4542 2203 4595 18.
2237 4540 2459 4609 Corpus
2499 4533 2735 4591 Antonii
2781 4531 3047 4590 monachi
3097 4531 3396 4601 repertum
3441 4526 3673 4583 Alexan-

2047 4628 2188 4686 driae
2218 4624 2521 4698 sepelitur.

2121 4715 2207 4773 20.
2246 4716 2439 4786 (PAUL.
2474 4713 2561 4783 D.,
2593 4726 2629 4781 ι,
2662 4709 2779 4780 25.)
2811 4710 3020 4765 Arator
3051 4704 3444 4765 subdiaconus
3471 4701 3671 4758 librum

2049 4819 2215 4863 suum
2245 4800 2475 4875 publice
2503 4814 2697 4857 coram
2726 4795 2937 4867 Vigilio
2966 4808 3114 4868 papa
3145 4792 3309 4863 legit.
3343 4792 3441 4848 His
3469 4794 3675 4860 tempo-

2052 4894 2215 4950 ribus
2247 4888 2628 4947 Cassiodorus
2652 4885 2807 4958 apud
2829 4885 3029 4941 urbem
3060 4885 3297 4940 Romam
3315 4879 3531 4939 claruit
3555 4876 3672 4945 ;hic

2051 4980 2323 5054 primitus
2355 4975 2580 5046 consul,
2600 4973 2809 5031 deinde
2832 4976 3090 5041 senator,
3116 4971 3187 5027 ad
3214 4972 3568 5041 postremum
3587 4979 3672 5054 ve-

2050 5050 2116 5127 ro
2147 5066 2462 5124 monachus
2488 5063 2710 5120 extitit.
2741 5064 2898 5119 Tunc
2927 5073 3158 5131 quoque
3188 5056 3337 5130 apud
3361 5050 3674 5114 Constanti-

2052 5155 2309 5229 nopolim
2339 5151 2671 5210 Priscianus
2704 5148 3062 5207 Cesariensis
3090 5145 3316 5203 Juliano
3354 5140 3581 5203 consuli
3618 5138 3677 5195 li-

2054 5248 2222 5304 brum
2253 5257 2423 5300 suum
2451 5242 2522 5298 de
2551 5238 2934 5310 grammatica
2962 5240 3090 5293 arte
3120 5233 3356 5293 obtulit.

2125 5338 2186 5390 21
2202 5374 2216 5389 .
2232 5333 2333 5403 (H.
2352 5332 2448 5403 δ’.)
2471 5329 2681 5397 Quinta
2696 5325 2955 5398 synodus
2969 5320 3314 5381 universalis
3335 5320 3390 5375 in
3415 5321 3676 5377 Constan-

1648 5512 1894 5573 VARIE
1935 5509 2334 5570 LECTIONES.

364 5622 410 5658 ”
440 5636 676 5681 movens
703 5638 753 5681 ο.
