3894 6450
355 394 475 463 4⁸79
1514 402 1893 467 EKKEHAF

2303 395 2595 466 HENSIS
3681 398 3835 464 480

433 534 517 588 12.
572 531 850 591 Martinus
897 548 1042 607 papa
1088 533 1370 605 synodum
1430 537 1531 593 105
1590 532 2003 610 episcoporum
2030 537 2086 599 Α
2187 539 2240 593 3.
2275 536 2387 592 Leo
2419 548 2664 605 regnum
2699 532 2939 590 dimisit.

356 635 744 693 congregans,
781 625 989 693 Cyrum
1023 623 1305 695 Sergium,
1360 625 1602 696 Pyrrum
1652 630 1710 681 et
1758 625 2000 683 Paulum
2184 626 2283 697 (H.
2308 624 2399 695 S.)
2438 628 2636 682 Annus
2667 623 2892 680 Domini
2923 627 3046 681 699.
3076 623 3357 696 Tyberius
3387 638 3519 681 ann.
3558 626 3632 679 7.

358 710 724 781 condemnat,
767 712 969 769 indict.
1004 718 1089 769 11.
2184 718 2233 771 4.
2268 714 2531 787 Synodus
2560 713 2823 787 Aquileie
2852 714 2899 747 ‘°
2946 718 3341 786 congregatur
3389 715 3498 772 sub
3549 713 3823 784 Sergio

432 802 518 854 16.
550 799 830 857 Martinus
862 815 1007 873 papa
1040 816 1070 857 a
1104 801 1485 859 Constantino
1519 805 1833 860 Cersonam
1880 803 2002 859 exi-
2114 818 2280 876 papa.
2318 804 2440 860 Ind.
2478 808 2527 874 1,
2564 803 2787 860 01.370.

360 883 438 941 lio
471 886 702 958 missus,
739 888 1010 959 migravit
1043 889 1114 946 ad
1145 890 1469 947 Dominum.
2183 897 2234 948 6.
2269 894 2421 949 Beda
2457 891 2809 949 venerabilis
2840 892 3157 963 presbyter
3191 890 3505 961 Anglorum
3529 890 3819 948 chroni-

430 977 519 1031 24.
555 976 837 1034 Constans
866 975 938 1010 ³⁸⁸
986 978 1225 1033 Romam
1274 978 1452 1049 venit,
1486 983 1547 1034 et
1593 979 1764 1035 beato
1816 980 1994 1036 Petro
2113 994 2238 1038 cam
2272 979 2512 1036 minoris
2541 979 2673 1035 libri
2705 994 2892 1050 usque
2918 978 3031 1035 huc
3060 978 3358 1049 perduxit.

362 1060 601 1133 pallium
614 1064 979 1122 aurotextile
994 1064 1365 1137 obtulit,toto
1378 1066 1643 1124 exercitu
1660 1081 1789 1124 cum
1803 1066 2000 1125 cereis
2182 1071 2234 1124 7.
2267 1068 2560 1125 Iohannes
2583 1082 2730 1140 papa
2752 1067 2955 1138 Sergio
2980 1067 3285 1124 successit.
3314 1066 3416 1123 Cui
3440 1066 3587 1123 item
3625 1066 3818 1123 alius

363 1148 643 1208 intrante.
2110 1157 2399 1214 Iohannes
2430 1157 2737 1215 suCCcssit.
2782 1156 3144 1213 Iustinianus
3193 1156 3434 1212 Leonem
3479 1159 3535 1211 et
3590 1155 3817 1226 Tybe-

434 1242 519 1295 27.
554 1240 818 1313 Eclypsis
847 1240 989 1300 solis
1024 1242 1171 1301 facta
1201 1247 1295 1300 est
1335 1242 1476 1301 hora
1511 1248 1595 1314 10,
1626 1248 1657 1299 5
1691 1245 1837 1301 Non.
1871 1244 1999 1315 Mai,
2114 1246 2263 1302 rium
2286 1261 2415 1303 cum
2438 1246 2567 1302 aliis
2593 1246 2689 1318 qui
2708 1260 2837 1302 eum
2859 1243 3461 1317 expulerantoccidit;
3487 1259 3689 1315 quem
3721 1243 3816 1299 vi-

362 1327 564 1385 indict.
600 1334 658 1385 11
694 1328 757 1385 ⁸⁶.
2114 1333 2330 1391 delicet
2357 1334 2744 1391 Iustinianum
2777 1334 2890 1390 Leo
2923 1334 2979 1390 in
3010 1333 3409 1405 expulsionem
3432 1331 3597 1389 illius
3626 1331 3817 1389 nari-

433 1418 519 1471 28.
555 1419 844 1475 Constans
873 1416 945 1451 "*
966 1424 1097 1490 post
1128 1418 1342 1477 multas
1374 1420 1843 1492 depraedationes
1871 1435 2006 1493 pro-
2116 1423 2224 1479 bus
2254 1423 2651 1479 detruncarat.
2690 1422 2772 1492 (P.
2805 1423 2867 1477 D.
2902 1437 2978 1493 vr,
3003 1422 3117 1493 32.)
3140 1421 3247 1487 Qui
3270 1425 3407 1493 post
3429 1420 3665 1476 iterum
3707 1434 3814 1476 as-

365 1503 685 1562 vinciarum
711 1507 941 1565 occisus
972 1508 1027 1563 in
1057 1509 1264 1565 balneo
1292 1509 1489 1580 periit,
1523 1510 1724 1567 indict.
1764 1514 1847 1566 12.
2114 1513 2346 1582 sumpto
2381 1511 2623 1582 imperio
2657 1510 2927 1580 quotiens
2959 1509 3309 1565 deﬂuentem
3359 1512 3591 1579 guttam
3659 1522 3815 1564 reu-

439 1594 880 1666 Constantinus,
906 1595 1059 1653 illius
1091 1598 1431 1654 Constantis
1461 1596 1547 1667 κ’,
1580 1612 1708 1654 ann.
1746 1602 1833 1654 17.
2116 1598 2289 1655 matis
2320 1613 2491 1656 manu
2525 1598 2793 1668 detersit,
2826 1598 3047 1654 totiens
3076 1611 3220 1669 pene
3253 1596 3502 1668 aliquem
3532 1596 3616 1653 de
3661 1596 3811 1653 suis

435 1685 487 1737 2.
524 1681 815 1739 Vitaliano
845 1698 991 1755 papa
1025 1684 1363 1742 Adeodatus
1394 1689 1464 1741 78
1492 1683 1537 1719 ³⁷
1566 1686 1870 1744 successit.
1904 1686 2005 1744 Cui
2115 1686 2426 1743 contrariis
2448 1686 2718 1758 jugulare
2740 1686 3041 1758 praecepit.

366 1770 623 1826 Domnus
652 1773 722 1828 79
741 1769 786 1805 ³⁷
819 1785 985 1844 papa.
2191 1775 2291 1845 (H.
2324 1774 2419 1846 S.)
2452 1776 2651 1830 Annus
2677 1774 2899 1829 Domini
2928 1777 3049 1831 706.
3094 1771 3461 1830 Iustinianus
3507 1769 3808 1829 secundo

438 1862 490 1913 δ.
519 1859 1578 1949 Sarracenisiciliamdepraedantes,
1627 1875 1759 1919 cum
1804 1876 2003 1934 magna
2037 1888 2089 1949 Β
2121 1877 2250 1919 cum
2283 1861 2402 1921 ﬁlio
2431 1862 2674 1934 Tyberio
2696 1876 2826 1918 ann.
2856 1865 2908 1918 6.

375 1945 570 2017 praeda
605 1946 1013 2005 Alexandriam
1048 1948 1310 2006 redeunt.
2037 1945 2080 1949 ⁷
2191 1955 2242 2006 :5.
2267 1952 2634 2008 Iustinianus
2654 1951 2724 2007 dc
2748 1949 3008 2022 peccatis
3030 1949 3152 2006 suis
3169 1947 3547 2021 penitentiam
3561 1961 3800 2019 agens,

441 2038 524 2089 16.
564 2034 787 2105 (Bson)
820 2036 992 2092 Sexta
1018 2036 1273 2107 synodus
1298 2036 1644 2095 universalis
1682 2039 2013 2095 Constanti-
2124 2039 2562 2096 Constantinum
2597 2052 2806 2110 papam
2838 2052 3059 2094 summo
3092 2037 3309 2093 honore
3341 2036 3564 2107 habuit,
3606 2036 3705 2092 ita
3732 2041 3800 2092 ut

370 2121 568 2193 nopoli
600 2128 996 2193 congregatur
1028 2125 1135 2182 sub
1169 2126 1469 2195 Agathone
1508 2129 1578 2182 80
1620 2125 1664 2161 ³⁷
1715 2142 1882 2199 papa,
1915 2127 2011 2198 qui
2125 2127 2217 2183 die
2242 2126 2526 2184 dominica
2548 2127 2754 2183 missas
2772 2126 2898 2196 ejus
2920 2123 3163 2182 audiens
3187 2124 3665 2182 communionem
3696 2122 3807 2179 de-

372 2210 531 2265 Dono
565 2211 877 2281 successit,
911 2226 1105 2268 coram
1141 2213 1400 2284 piissimo
1434 2213 1696 2286 principe
1739 2216 2015 2272 Constan-
2126 2229 2295 2273 manu
2329 2230 2433 2273 sua
2466 2216 2778 2289 acciperet.

374 2296 497 2352 tino
527 2299 584 2352 et
618 2297 827 2366 legatis
858 2299 1196 2371 apostoliczo
1221 2300 1374 2357 sedis
1395 2302 1763 2373 etepiscopis
1789 2307 1892 2358 160
1929 2317 2017 2359 re-
2195 2309 2246 2362 6.
2283 2305 2504 2375 (Bson.)
2533 2305 2897 2362 Iustinianus
2928 2303 3277 2377 prohibente
3310 2315 3452 2374 papa
3483 2315 3626 2357 cum
3659 2300 3803 2355 mit-

375 2383 726 2441 sidentibus.
750 2386 831 2456 (P.
855 2388 918 2442 D.
943 2402 1016 2457 γι,
1044 2389 1120 2458 4.)
1145 2389 1220 2444 Ea
1243 2403 1383 2445 vero
1405 2389 1545 2446 hora
1570 2394 1748 2447 tanta;
1784 2404 2018 2447 aranea-
2129 2399 2281 2451 teret
2313 2396 2366 2449 in
2392 2399 2625 2465 pontem
2646 2393 2916 2451 Mulvium
2938 2392 3002 2463 ιι,
3027 2389 3518 2464 comprehendere
3539 2387 3800 2461 Phylip-

374 2486 500 2528 rum
533 2471 667 2529 telae
699 2473 756 2529 in
785 2474 975 2531 medio
1008 2475 1205 2547 populi
1234 2476 1593 2549 ceciderunt,
1630 2482 1767 2550 quot
1811 2479 2017 2535 sordes
2130 2484 2319 2554 picum
2342 2483 2406 2553 ⁴²,
2432 2497 2602 2553 quem
2626 2482 2703 2537 ibi
2728 2481 3111 2551 relegaverat,
3132 2493 3452 2536 conversus
3472 2476 3801 2534 exercitus

373 2559 667 2617 hcresium
700 2562 980 2632 eXpulsas
1007 2578 1209 2620 omnes
1249 2565 1624 2622 mirarentur.
2129 2571 2201 2627 ad
2233 2571 2619 2643 Philippicum
2651 2569 2717 2641 ⁸³,
2752 2571 2891 2626 fecit
2920 2584 3052 2626 eum
3084 2568 3299 2625 ibidem
3323 2567 3797 2638 imperatorem;

449 2651 532 2702 17.
570 2650 673 2718 (Η.
707 2650 775 2707 S.
808 2679 881 2691 —
905 2653 967 2706 P.
999 2652 1062 2707 D.
1098 2666 1173 2721 v1,
1217 2654 1332 2721 23.)
1380 2653 1794 2710 Constantinus
1841 2654 2019 2725 impe-
2127 2659 2479 2729 veniensque
2510 2674 2639 2715 cum
2672 2672 2740 2714 eo
2764 2655 3347 2728 Constantinopolim,
3395 2654 3551 2710 victo
3600 2656 3801 2723 atque

383 2740 545 2791 rator
566 2736 1039 2808 obiit.Agathoni
1064 2755 1210 2811 papa
1234 2742 1850 2811 successitLeojunior
1871 2741 2014 2801 81⁸⁷.
2128 2746 2323 2802 occiso
2345 2746 2691 2816 Iustiniano,
2722 2759 2963 2815 regnum
2996 2743 3260 2814 suscepit
3300 2740 3679 2813 Philippicus
3727 2738 3794 2793 “.

380 2824 547 2894 Apud
580 2824 795 2881 Gallias
825 2826 884 2882 in
914 2829 1266 2885 Francorum
1316 2844 1556 2898 regnum
1607 2830 1888 2899 Ansgirus
1949 2828 2013 2900 ³⁸,
2129 2835 2228 2906 (Η.
2261 2835 2356 2905 S.)
2389 2833 2750 2890 Hildibertus
2780 2848 2883 2890 rex
2908 2832 3107 2901 justus
3153 2830 3337 2897 obiit;
3388 2827 3795 2899 regnavitque

380 2911 535 2968 illius
567 2913 805 2983 Arnolil,
836 2914 932 2984 qui
964 2914 1035 2971 de
1054 2916 1283 2972 nomine
1314 2918 1597 2987 Anchysae
1624 2918 1850 2987 Trojani
1894 2932 2013 2974 cre-
2125 2923 2513 2993 Dagobertus,
2548 2921 2701 2978 ﬁlius
2731 2921 2874 2991 ejus,
2909 2935 3017 2992 pro
3046 2934 3134 2976 eo.
3158 2917 3400 2975 Iohanni
3426 2931 3574 2990 papa
3601 2914 3797 2971 Sisin-

377 2998 904 3071 diturappellatus,
922 3004 1028 3058 sub
1043 3003 1272 3059 nomine
1286 3004 1524 3073 majoris
1546 3004 1752 3061 domus
1774 3008 2019 3075 gerebat
2127 3012 2257 3069 nius
2286 3010 2594 3068 successit.
2632 3009 2731 3065 Cui
2765 3008 3197 3064 Constantinus.

378 3064 787 3158 principatum.
824 3064 999 3146 Leoni
1032 3106 1177 3162 papa
1218 3064 1504 3148 successit
1553 3064 1903 3151 Benedictus
1948 3096 2018 3149 82
2128 3064 2651 3156 "Knﬁﬁomnini
2679 3064 2802 3153 712.
2832 3095 3209 3167 Phylippicus
3256 3109 3386 3149 ann.
3441 3098 3490 3163 1,
3541 3105 3793 3149 menses
3886 3064 3894 3113 4

376 3173 419 3207 ⁸⁷
446 3190 460 3240 ;
492 3175 585 3232 cui
616 3176 904 3236 Iohannes
933 3180 1000 3234 83
1026 3177 1109 3245 ’7;
1144 3180 1239 3236 cui
1271 3181 1464 3236 Conon
1494 3183 1564 3236 84
1590 3180 1635 3214 ³⁷
1666 3197 1895 3239 menses
1928 3185 2013 3251 11,
2049 3236 2094 3258 η
2127 3191 2177 3243 6.
2209 3186 2588 3258 Phylippicus
2614 3183 2926 3242 catholicis
2964 3183 3214 3239 infestus
3257 3181 3382 3237 fuit.
3431 3179 3790 3237 Anastasius

377 3236 485 3334 Cf.)
520 3264 596 3320 H.
629 3264 726 3337 όν.)
758 3280 787 3321 a
813 3281 925 3337 quo
946 3236 1187 3325 sanctus
1206 3268 1480 3341 Kylianus
1505 3236 1893 3341 pontificalem
1918 3236 2019 3343 pO:
2048 3236 2096 3298 Ο
2127 3236 3326 3345 privavitr—egnoque
3340 3266 3590 3340 expulit.
3623 3266 3793 3324 Heri-

376 3354 646 3409 tcstatem
680 3355 935 3426 accepit;
967 3356 1061 3412 cui
1096 3357 1331 3427 Sergius
1361 3371 1511 3429 papa
1544 3358 1854 3415 successit.
2129 3364 2335 3419 bertus
2367 3376 2473 3419 sex
2500 3358 3007 3430 Langobardorum
3036 3357 3202 3414 obiit.

448 3441 643 3497 Annus
668 3443 889 3498 Domini
924 3446 1433 3502 686.1ustinianus
1454 3445 1659 3517 minor,
1687 3446 1844 3502 filius
1877 3447 2018 3503 Con-
2201 3456 2398 3509 Annus
2429 3449 2650 3507 Domini
2677 3452 2801 3504 713.
2834 3447 3179 3503 Anastasius
3207 3459 3337 3502 ann.
3373 3448 3424 3499 3.

373 3527 633 3585 stantini.
669 3545 799 3586 ann.
836 3536 923 3588 10.

2244 3583 2246 3594 ,
2281 3540 2563 3611 Pippinus
2593 3538 2785 3595 senior
2817 3536 2996 3606 major
3028 3536 3235 3591 domus
3282 3532 3448 3588 obiit.
3496 3532 3613 3588 Pro
3667 3545 3782 3604 quo

444 3620 497 3671 2.
529 3618 775 3675 Sanctus
806 3620 1080 3690 Kylianus
1108 3634 1239 3677 cum
1282 3620 1457 3677 sociis
1503 3621 1625 3677 suis
1676 3636 1884 3693 passus
1926 3624 2015 3677 est
2126 3626 2371 3684 Karolus
2400 3641 2529 3681 ann.
2561 3624 2647 3681 26.
2682 3625 3049 3694 Dagobertus
3082 3635 3183 3677 rex
3213 3619 3376 3677 obiit.

374 3717 524 3759 anno
553 3705 828 3762 videlicet
860 3707 1085 3763 Domini
1117 3712 1221 3763 688
1250 3706 1315 3762 ³⁸.
2196 3718 2247 3769 3.
2272 3713 2661 3784 Ecpertusvir
2683 3718 2925 3769 sanctus
2941 3710 3010 3764 de
3029 3712 3203 3779 gente
3236 3706 3551 3777 Anglorum
3569 3706 3781 3762 Schot-

454 3796 506 3852 4.
539 3795 639 3867 (Η.
670 3796 765 3866 S.)
800 3795 901 3850 Hic
931 3796 1118 3851 heresi
1155 3795 1419 3865 pollutus
1448 3795 1771 3853 catholicos
1821 3810 2017 3867 perse-
2125 3807 2219 3858 tos
2252 3800 2508 3871 legitime
2538 3801 2746 3873 pascha
2782 3798 3082 3855 celebrare
3124 3795 3345 3852 docuit.
3394 3792 3780 3851 Constantino

376 3887 595 3957 quitur,
635 3890 692 3940 et
726 3898 857 3941 cum
890 3885 1227 3940 Sarracenis
1260 3898 1461 3955 pacem
1496 3885 1646 3942 fecit.
2128 3904 2291 3961 papas
2320 3889 2612 3945 successit
2646 3886 2962 3957 Gregorius
2993 3882 3303 3941 secundus.

447 3978 497 4030 9.
531 3970 949 4028 Willibrordus
991 3971 1087 4051 qui
1119 3976 1178 4027 et
1212 3970 1494 4042 Clemens,
1539 3986 1569 4027 a
1619 3972 1819 4043 Sergio
1870 3987 2016 4045 papa
2198 3975 2421 4047 (Bson)
2464 3978 2664 4032 Annus
2702 3974 2927 4031 Domini
2966 3976 3089 4028 716.
3132 3969 3487 4027 Theodosius
3526 3981 3659 4025 ann.
3725 3970 3772 4021 1.

375 4061 687 4133 episc0pus
711 4059 1368 4131 ordinatus,Fresonum
1385 4065 1614 4131 gentem
1630 4062 1701 4118 ad
1726 4061 2015 4119 Christum
2127 4064 2229 4120 Hic
2262 4062 2632 4120 Anastasium
2666 4062 2866 4135 praelio
2903 4061 3066 4130 vicit,
3118 4059 3372 4129 datoque
3421 4056 3529 4113 sibi
3581 4067 3778 4111 sacra-

373 4150 691 4207 converut.
1884 4196 1891 4204 .

2229 4156 2341 4223 nto,
2366 4152 2642 4209 clericum
2668 4151 2790 4208 ﬁeri
2816 4166 2882 4206 ac
2907 4151 3316 4221 presbyterum
3341 4146 3475 4202 fecit
3490 4141 3767 4201 ordinari.

452 4244 539 4295 10.
570 4236 937 4295 Iustinianus
966 4237 1040 4292 ob
1070 4235 1298 4308 culpam
1334 4237 1574 4309 perndie
1602 4252 1784 4309 regno
1830 4238 2018 4310 priva-
2129 4242 2229 4310 (Η.
2252 4242 2318 4298 S.
2346 4244 2403 4297 et
2428 4240 2624 4301 Bson.)
2647 4238 2887 4310 Tybcris
2909 4236 3120 4293 ﬂuvius
3142 4235 3365 4291 alveum
3389 4247 3555 4290 suum
3578 4243 3775 4301 egres-

378 4332 495 4397 tus,
530 4325 664 4383 exul
697 4325 753 4381 in
785 4326 1031 4381 Pontum
1060 4325 1320 4381 secessit.
1420 4358 1425 4363 -

2230 4327 2440 4384 .multa
2475 4328 2668 4383 Romae
2719 4325 3013 4384 subvertit
3055 4323 3407 4394 aediﬁcia,lta
3455 4324 3516 4377 ut
3563 4320 3620 4376 in
3669 4316 3768 4373 Via

449 4416 648 4471 Annus
682 4413 904 4469 Domini
934 4416 1056 4470 696.
1091 4414 1202 4469 Leo
1231 4427 1364 4469 ann.
1394 4417 1444 4469 3.
2130 4418 2268 4473 Lata
2301 4415 2371 4471 ad
2404 4430 2573 4471 unam
2605 4419 2665 4471 et
2699 4414 2874 4471 semis
2902 4417 3189 4470 staturam
3222 4412 3615 4467 excresceret.

448 4507 499 4559 1.
546 4501 770 4572 (Bson)
809 4500 1047 4571 Sergius
1095 4515 1242 4572 papa
1292 4515 1524 4573 capsam
1574 4515 1703 4559 cum
1752 4502 2017 4574 portione
2203 4505 2401 4560 Annus
2431 4502 2658 4559 Domini
2684 4505 2807 4558 717.
2842 4502 2954 4558 Leo
2982 4514 3111 4559 ann.
3143 4501 3193 4555 8.

386 4590 687 4647 dominicae
708 4589 904 4647 crucis
928 4589 1146 4644 invenit
1172 4605 1185 4653 ;
1213 4604 1341 4658 qua:
1365 4589 1635 4646 omnibus
1657 4591 1824 4646 annis
1847 4591 1903 4646 in
1924 4591 2020 4647 ba-
2047 4588 2100 4647 D
2203 4597 2251 4647 1.
2291 4590 2530 4647 Karolus
2557 4590 2859 4646 Saxoniam
2894 4602 3096 4659 magna
3130 4586 3296 4660 plaga
3326 4582 3574 4641 vastavit
3602 4580 3763 4653 (185).

381 4679 545 4737 silica
587 4677 909 4733 Salvatoris
958 4691 1085 4747 qua)
1136 4676 1351 4732 dicitur
1400 4677 1875 4734 Constantiniana
1926 4679 2019 4735 die
2208 4679 2368 4750 .1.(H.
2406 4679 2500 4747 S.)
2544 4677 2846 4735 Sarraceni
2904 4676 3155 4733 triennio
3214 4669 3764 4742 Constantinopolim

376 4766 757 4824 exaltationis
788 4765 916 4834 ejus
947 4766 1019 4820 ab
1040 4764 1191 4851 omni
1242 4764 1456 4835 populo
1496 4766 1799 4823 osculatur
1844 4772 2021 4838 atque
2132 4767 2475 4824 obsidentes
2505 4772 2565 4822 et
2588 4762 3153 4851 multasprovincias
3178 4763 3568 4828 devastantes,
3604 4758 3761 4821 fame,

382 4856 683 4911 adoratur.
729 4853 976 4909 Sanctus
1009 4850 1341 4922 Gudpertus
1388 4852 1556 4921 obiit,
1595 4853 1910 4925 episcopus
1950 4869 2023 4911 ex
2132 4858 2317 4927 peste,
2352 4854 2507 4910 ferro
2534 4850 2951 4924 naufragiOque
2983 4850 3303 4923 pelluntur.

379 4941 737 5000 anachorita.
2203 4946 2254 4998 6.
2302 4942 2501 5013 (Bson)
2542 4940 2949 4998 Luidbrandus
2984 4937 3028 4972 “
3081 4952 3184 4994 rex
3242 4933 3760 5007 Langobardorum,

1734 5090 1970 5147 VARLE
2013 5090 2411 5147 LECTIONES.

452 5213 518 5249 ³⁵·
552 5210 964 5270 constantinus
990 5225 1136 5271 corr.
1174 5215 1446 5269 constans
1473 5226 1519 5270 ο.
1553 5211 1598 5245 ³⁸
1626 5188 1657 5269 ὲ
1684 5227 1834 5271 corr.
1870 5227 1915 5270 e.
1948 5213 1992 5246 ³⁸
2022 5213 2374 5271 constantini
2407 5225 2556 5270 corr.
2592 5212 2921 5269 constantis
2949 5225 2997 5270 ο.
3031 5209 3076 5243 ³⁷
3108 5209 3208 5267 hos
3245 5213 3762 5281 numerosum”:

385 5284 734 5368 correctoris
770 5282 1216 5368 δαρςγεςργὶρςρι.
1258 5282 1544 5368 ’f'an'sgis'
1576 5297 1745 5368 corr.‘
1770 5284 2039 5368 ansgisus
2077 5298 2123 5368 (ξ.
2167 5283 2231 5368 ’,θ’
2271 5284 2660 5368 DCLXXXV".
2716 5297 2868 5368 ρον-Υ.
2925 5276 3759 5368 DCLXXXlYIIl.“chmuaqui-

385 5349 1003 5497 ἒῗῗιῖνῖῗέἶύῗηαῗὲῗὶθ
1020 5349 1362 5497 ἔέέῖίὲἕίίίέθ
1390 5349 1996 5497 ἕίῖἐῗῧέἱυίέἷὲἕῖἔδ
2025 5354 3063 5497 Ξῗιξῑίῖἷὲἷίέητὶθυὲἷιἶῖἲρἑῖεἵὲηὲἓὲἒ
3097 5349 3549 5493 ⁸333331νὲπά
3558 5360 3691 5476 βῗιὲθ
3711 5357 3754 5469 ἓξ

1970 5573 2195 5631 NOTAE.
3869 5606 3888 5635 ς

3883 5264 3890 5293 l

472 5671 621 5744 (185)
660 5670 741 5726 Cf.
776 5674 919 5728 Ann.
956 5671 1231 5729 Laurcsb.
1268 5670 1528 5730 Alaman.
1554 5713 1569 5743 ,
1601 5674 1713 5729 etc.
