3894 6422
35 404 138 465 481

825 396 1264 465 CHRONICA.
1299 438 1373 446 —-
1406 396 1886 464 CHRONICON
1927 397 2644 480 WIRZIBURGENSE.

3313 403 3435 465 482

38 537 372 621 Sarracenis
403 535 755 608 depopulata
789 535 1049 593 Sardinia
1081 537 1254 592 etiam
1288 535 1384 592 illa
1416 535 1539 592 loca
1592 535 1670 591 fe—
1700 535 1752 593 Α
1783 533 1953 590 chum
1983 535 2154 601 fecit;
2186 539 2245 591 et
2274 539 2406 601 post
2443 535 2800 607 aliquantum
2827 535 3107 607 temporis
3141 535 3212 592 ad
3242 551 3436 593 mona-

37 629 332 685 dantibus.
370 629 470 685 ubi
503 643 633 683 ossa
666 627 854 683 sancti
887 627 1192 695 Augustini
1217 626 1477 697 episcopi
1503 639 1673 696 prop-

39 724 124 772 ter
155 717 619 773 devastationcm
671 716 1048 771 barbarorum
1099 714 1233 770 olim
1287 713 1568 770 translata
1617 719 1676 768 et

37 805 265 861 condita
303 805 553 874 fuerant,
615 804 767 858 misit
801 808 854 858 et
909 804 1046 858 dato
1098 803 1294 874 precio
1342 803 1568 873 accepit
1618 806 1673 856 et

43 893 339 950 transtulit
371 907 437 949 ea
471 893 526 948 in
557 892 833 947 Ticinum.

105 985 155 1037 8.
192 983 293 1051 (Η.
327 982 423 1052 S.)
457 982 704 1037 Sanctus
735 979 1044 1036 Pirminius
1095 981 1148 1035 in
1197 980 1476 1051 Auguiam
1525 981 1680 1035 insu-

42 1070 167 1138 lam,
201 1084 448 1140 eamque
481 1070 671 1138 (185‘)
707 1085 735 1123 a
791 1070 1167 1139 serpentibus
1213 1069 1502 1124 liberavit.
1558 1070 1680 1124 Huc

43 1172 219 1228 usque
253 1157 407 1213 Beda
431 1156 784 1213 venerabilis
808 1157 1114 1227 presbyter
1144 1157 1474 1212 ebronicam
1517 1172 1678 1212 suam

45 1247 93 1300 in
128 1245 329 1314 majori
365 1246 436 1301 de
465 1245 831 1316 temporibus
863 1243 1012 1300 libro
1062 1245 1336 1316 perduxit
1383 1245 1682 1300 continen-

43 1339 152 1388 tem
184 1335 255 1388 ab
289 1333 458 1389 initio
491 1333 687 1389 mundi
719 1333 1035 1390 secundum
1082 1333 1422 1389 IIebraicam
1471 1334 1683 1389 verita-

45 1427 152 1478 tem
182 1436 310 1478 ann.
337 1425 498 1478 4680.

109 1532 304 1584 Annus
337 1527 561 1583 Domini
592 1530 714 1583 72:5.
753 1527 1189 1584 Constantinus:

110 1635 227 1689 Huc
259 1647 448 1703 usque
495 1646 732 1700 regnum
785 1633 1192 1689 Romanorum.
1242 1633 1461 1690 Exhinc
1513 1635 1683 1690 Fran-

47 1735 252 1776 eorum.

112 1830 304 1883 Annus
336 1827 563 1882 Domini
593 1824 715 1883 726.
752 1825 1018 1895 Karolus,
1053 1827 1277 1897 Pippini
1323 1827 1499 1896 filius,
1550 1842 1678 1883 eum

43 1916 148 1983 jam
211 1915 605 1985 principatum
674 1914 954 1984 majorum
1015 1914 1221 1970 domus
1269 1930 1398 1970 ann.
1452 1920 1678 1971 teneret

45 2002 101 2070 ιο,
137 2009 264 2073 post
292 2003 418 2059 haec
450 2003 715 2058 eumdem
749 2003 1136 2074 principatum
1184 2007 1345 2059 tenet
1381 2009 1444 2058 15
1493 2005 1676 2073 annis,

50 2092 271 2160 regibus
302 2095 496 2146 tamen
530 2091 585 2146 in
616 2091 874 2161 Francia,
911 2090 1013 2146 sed
1044 2105 1222 2162 parva
1254 2091 1558 2163 dignitate,
1595 2107 1683 2148 re-

48 2181 369 2249 gnantibus.

112 2289 192 2340 15.
227 2285 544 2342 Pirminius
575 2298 646 2340 ex
680 2285 858 2355 Augia
891 2284 1114 2357 pulsus,
1150 2286 1207 2343 in
1259 2285 1537 2344 Alsatiam
1587 2301 1683 2342 ve-

49 2373 142 2428 nit.

115 2465 192 2516 16.
224 2461 381 2517 Beda
414 2460 768 2517 venerabilis
800 2460 1114 2532 Anglorum
1149 2462 1460 2534 presbyter
1510 2463 1675 2532 obiit,

51 2548 234 2604 indict.
271 2551 353 2604 14.

112 2661 190 2711 17.
215 2655 466 2711 Karolus
489 2659 690 2711 contra
715 2657 1066 2710 Sarracenos
1082 2655 1407 2726 pugnatdie
1429 2657 1675 2712 sabbati.

113 2765 191 2816 18.
224 2761 474 2816 Karolus
506 2762 686 2831 major
717 2761 922 2816 domus
953 2759 1207 2815 Fresiam
1239 2764 1452 2816 vastat.

114 2871 190 2920 19.
223 2867 584 2922 Wasconiam
621 2865 854 2922 invasit.

112 2975 192 3026 22.
223 2972 416 3040 (Fred.
446 2973 644 3041 Cant.)
668 2971 979 3040 Gregorius
999 2972 1074 3026 III
1097 2986 1244 3042 papa
1267 2971 1460 3028 claves
1485 2972 1704 3043 sepul--

0 3135 6 3143 _
54 3058 160 3114 chri
193 3061 375 3115 sancti
407 3060 565 3115 Petri
599 3066 657 3115 et
693 3059 923 3116 vincula
976 3060 1234 3128 ejusdem
1283 3075 1412 3115 eum
1455 3060 1677 3129 magnis

55 3149 371 3204 muneribus
403 3148 475 3203 ad
509 3147 778 3203 Karolum
811 3147 985 3216 misit,
1021 3162 1090 3203 eo
1124 3151 1293 3218 pacto
1326 3152 1385 3202 ut
1429 3163 1458 3204 a
1503 3149 1680 3218 parti-

1708 1878 1762 1938 B

1786 623 2028 678 sterium
2060 626 2246 679 sancti
2284 624 2575 680 Benedicti
2609 625 2909 694 profectus
2927 629 3039 680 est.

1858 717 1942 767 10.
1980 712 2228 767 Sanctus
2263 712 2632 768 Burchardus
2656 713 2880 783 accepit
2912 711 3314 783 pontificatum
3339 727 3436 769 an-

1789 814 1862 855 no
1892 800 2112 854 Domini
2141 805 2236 855 751
2271 817 2284 865 ;
2311 799 2461 855 sedit
2491 803 2560 855 40
2590 815 2716 855 ann.
2753 799 2856 870 (Cf.
2895 799 3198 872 0.1mm.)
3221 800 3432 857 Iisdem

1789 888 2155 957 temporibus
2183 887 2470 957 Radgisus
2502 889 3008 958 Langobardorum
3031 901 3133 944 rex
3160 886 3436 946 similiter

1792 975 1923 1031 fecit

1862 1063 2300 1119 11.Translatio
2332 1063 2515 1119 sancti
2557 1063 2797 1134 Kyliani.
2853 1064 3234 1121 Beatissimus
3286 1078 3431 1136 papa

1789 1151 2094 1207 Zacharias
2126 1152 2180 1206 in
2220 1151 2539 1206 venerabili
2586 1152 2946 1222 patriarchio
2998 1151 3149 1209 beati
3202 1153 3433 1222 Georgii

1792 1239 2065 1308 martyris
2097 1243 2271 1309 caput
2305 1239 2358 1294 in
2392 1254 2562 1310 capsa
2594 1238 2956 1296 reconditum
2979 1240 3236 1312 repperit
3261 1239 3318 1296 in
3343 1255 3437 1312 pe-

1792 1326 1985 1382 thaeio
2007 1327 2192 1381 literis
2217 1328 2415 1382 Grecis
2437 1333 2698 1398 exarato,
2723 1332 2778 1383 et
2805 1328 2859 1383 in
2889 1329 3201 1384 Romanam
3234 1329 3436 1385 urbem

1794 1413 2116 1470 transtulit.
2136 1415 2226 1484 (θ.
2231 1416 2451 1485 pontt.)
2467 1415 2568 1470 Hic
2589 1414 2771 1471 libros
2785 1416 3146 1484 dialogorum
3162 1421 3433 1486 quatuor,

1795 1516 1940 1572 quos
1973 1503 2180 1558 beatus
2209 1502 2524 1571 Gregorius
2555 1504 2709 1574 fecit,
2745 1504 2816 1558 de
2849 1505 3048 1559 Latino
3081 1504 3137 1559 in
3191 1505 3435 1560 Grecum

1793 1589 2100 1645 transtulit
2129 1589 2533 1660 eloquium.Ad
2551 1605 2718 1661 quem
2736 1592 3438 1649 BurchardusWircibur—

1793 1677 1991 1746 gensis
2022 1678 2330 1749 episcopus
2359 1682 2416 1733 et
2451 1677 2730 1734 Folradus
2761 1680 2943 1735 abbas
2973 1679 3136 1734 missi
3162 1684 3300 1736 sunt
3330 1681 3438 1736 Ro-

1795 1778 1963 1836 mam,
2001 1769 2064 1821 ut
2093 1765 2469 1821 consulerent
2502 1766 2820 1821 Romanum
2853 1767 3187 1837 pontificem
3219 1767 3436 1824 deeau-

1795 1867 1858 1909 sa
1890 1867 2109 1922 regum,
2144 1853 2240 1923 qui
2272 1853 2372 1909 illo
2400 1858 2661 1924 tempore
2696 1854 2929 1910 fuerunt
2961 1855 3017 1909 in
3049 1855 3308 1925 Francia,
3344 1871 3441 1911 no-

1797 1955 1922 1996 men
1953 1947 2178 1997 tantum
2213 1942 2388 2011 regis,
2424 1942 2522 1998 sed
2557 1941 2770 1998 nullam
2823 1943 3038 2012 regiam
3088 1946 3438 2014 potestatem

1796 2029 2095 2084 habentes.
2125 2027 2309 2098 (EINH.
2337 2030 2513 2099 Ama.)
2536 2031 2644 2085 Per
2665 2043 2809 2099 quos
2832 2029 3148 2100 praedictus
3178 2030 3438 2100 pontifex

1792 2116 2100 2173 Zacharias
2133 2117 2426 2173 mandavit
2452 2117 2656 2173 melius
2677 2131 2813 2173 esse
2836 2117 2996 2173 illum
3019 2119 3217 2175 vocari
3242 2132 3437 2188 regem

1793 2206 1946 2275 apud
1977 2220 2143 2276 quem
2176 2220 2397 2260 summa
2432 2206 2744 2276 potestatis
2762 2207 3114 2262 consisteret
3145 2205 3439 2276 ;dataque

1794 2293 2146 2348 auctoritate
2177 2306 2300 2363 sua,
2336 2293 2641 2363 Pippinum
2671 2308 2863 2363 regem
2906 2293 3184 2350 constitui
3235 2293 3433 2362 jussit.

1865 2380 1964 2448 (H.
1997 2381 2062 2438 δ’.
2100 2382 2398 2436 Emmnm.
2435 2382 2608 2452 Ann.)
2640 2383 2836 2437 Annus
2868 2380 3088 2436 Domini
3134 2384 3257 2437 763.
3311 2382 3439 2453 Pip-

1793 2469 1962 2540 pinus
1992 2484 2095 2539 per
2126 2469 2532 2524 auctoritatem
2564 2470 2838 2540 Stephani
2871 2484 3054 2541 papae,
3087 2469 3182 2540 qui
3229 2469 3440 2526 Zacha~

1792 2557 1893 2612 riae
1923 2557 2231 2626 successit,
2267 2571 2368 2612 rex
2390 2559 2736 2613 Francorum
2758 2563 2850 2613 est
2874 2556 3222 2628 appellatus,
3254 2562 3314 2613 et
3338 2573 3437 2613 un-

1790 2649 1920 2700 ctus
1949 2658 2119 2701 manu
2155 2644 2429 2701 Bonifacii
2464 2645 2890 2716 archiepiscopi
2925 2644 3430 2716 Magontiocensis,

1791 2746 2065 2803 moreque
2098 2734 2445 2789 Francorum
2488 2733 2543 2788 in
2595 2733 2806 2790 solium
2856 2733 3120 2790 elevatus
3166 2733 3329 2804 regni
3376 2734 3436 2789 in

1789 2820 2028 2875 civitate
2059 2820 2366 2890 Suessona,
2403 2822 2664 2890 regnavit
2699 2834 2830 2876 ann.
2867 2825 2933 2875 15
2961 2820 3025 2875 ιτ.

1862 2913 1910 2962 1.
1949 2907 2275 2964 Hildericus
2303 2922 2460 2976 vero,
2497 2908 2592 2977 qui
2626 2907 2772 2964 falso
2803 2909 2956 2977 regis
2984 2909 3214 2964 nomine
3238 2909 3435 2979 funge-

1791 2995 1980 3066 batur,
2015 3000 2186 3052 tonso
2219 2997 2410 3067 capite
2445 2997 2498 3050 in
2533 2996 2950 3052 monasterium
2985 2997 3199 3053 missus
3226 3003 3334 3053 est.

1859 3087 1910 3138 2.
1966 3082 2065 3150 (Η.
2117 3084 2211 3154 S.)
2263 3083 2506 3139 Sanctus
2555 3085 2884 3140 Bonifacius
2943 3085 3435 3157 archyepiscopus

1792 3171 2224 3240 martyrizatur.

57 3235 149 3290 bus
178 3235 558 3331 iPIPQMEOI‘iS‘
583 3235 972 3331 COPStaminiv_
1002 3234 1099 3331 qui
1151 3233 1317 3331 Ῐςοοηί
1363 3236 1674 3331 ευθοθδξίίν
1711 3221 1759 3283 C‘
2275 3260 2729 3328 Langobardiam
2762 3260 3054 3316 hostiliter
3084 3260 3251 3331 petit.

55 3322 352 3378 recederet.
386 3322 637 3378 Karolus
668 3321 893 3390 legatos
921 3328 980 3376 et
1014 3321 1359 3391 legationem
1400 3338 1530 3380 cum
1581 3323 1682 3378 ho-

57 3423 181 3464 nore
229 3411 473 3481 recepit,
527 3425 759 3466 munera
815 3409 1083 3481 contulit,
1138 3415 1313 3479 atque
1361 3426 1491 3467 cum
1555 3411 1678 3467 suis

55 3498 254 3553 nuntiis
283 3499 519 3554 Romam
553 3499 795 3554 remisit.

113 3605 192 3656 23.
227 3603 322 3671 (Η.
353 3603 450 3673 S.)
487 3603 733 3659 Karolus
766 3606 968 3658 contra
1003 3603 1355 3659 Sarracenos
1388 3603 1443 3659 in
1476 3604 1682 3660 Gotliia

58 3695 269 3758 pugnat.
307 3691 556 3748 Karolus
589 3692 890 3747 Saxoniam
926 3691 1125 3746 intrat.

115 3798 192 3852 27.
227 3797 472 3854 Karolus
505 3797 687 3868 major
717 3797 925 3853 domus
945 3796 1211 3867 moritur,
1239 3796 1440 3852 indict.
1467 3802 1518 3853 8.
1545 3798 1681 3853 Gre-

9 3875 18 3898 ³
56 3883 198 3949 gorio
225 3887 407 3942 tercio
442 3885 736 3942 successit
767 3885 1075 3941 Zacharias
1104 3899 1270 3956 papa.

118 3991 296 4060 (Fred.
333 3993 529 4062 Cant.)
564 3996 760 4048 Annus
791 3993 1012 4048 Domini
1052 3996 1148 4048 741
1185 3992 1483 4063 Pippinus,
1525 3992 1679 4049 ﬁlius

0 4135 2 4148 ι
60 4077 250 4150 Karoli,
283 4096 414 4138 eum
449 4082 631 4136 fratre
663 4080 1046 4136 Karlomanno
1076 4080 1256 4149 major
1297 4082 1501 4136 domus
1546 4095 1675 4136 ann.

63 4169 132 4220 11.
197 4170 614 4227 Karlomannus
677 4168 992 4238 Austriam,
1064 4167 1455 4223 Alamanniam
1507 4173 1682 4238 atque

59 4251 395 4326 Thoringiam
431 4257 721 4323 sortitur;
752 4255 1032 4327 Pippinus
1056 4257 1467 4326 Burgundiam,
1502 4258 1684 4313 Neau-

63 4343 238 4398 striam
271 4350 446 4416 atque
478 4344 862 4400 Provinciam.

7 4474 20 4486 -
123 4453 166 4502 1.
201 4451 295 4519 (Η.
323 4452 388 4508 S.
423 4450 846 4506 Karlomannus
893 4448 1255 4506 Wasconiam
1305 4455 1365 4505 et
1413 4449 1680 4507 Alaman-

65 4534 194 4592 niam
235 4540 396 4609 petit.

123 4644 167 4695 3.
197 4643 419 4701 Initium
454 4642 761 4700 Fuldensis
791 4643 1131 4699 monasterii

124 4743 166 4792 5.
199 4740 612 4797 Karlomannus
647 4741 1042 4797 Alamanniam
1085 4747 1296 4797 vastat.
1352 4740 1685 4798 Karloman-

65 4835 157 4879 nus
184 4841 372 4896 pacem
414 4843 546 4886 cum
594 4829 919 4886 Saxonibus
969 4829 1101 4886 facit
1163 4828 1557 4885 Alamanniam
1609 4830 1686 4885 in-

62 4913 319 4979 greditur.

1 5070 24 5091 ,
123 5020 170 5075 9.
200 5020 378 5091 (Euan.
410 5025 590 5096 Ama.)
619 5023 1039 5079 Karlomannus
1072 5023 1267 5079 divino
1316 5038 1510 5079 amore
1558 5039 1685 5081 suc-

66 5119 270 5179 census,
303 5111 537 5168 Romam
572 5127 842 5184 pergens,
881 5127 1013 5168 sese
1044 5111 1334 5169 Zacharias
1382 5127 1542 5184 papa)
1584 5114 1684 5170 ob-

68 5193 202 5267 tulit,
234 5202 288 5254 et
318 5202 388 5257 ab
419 5215 487 5258 eo
518 5200 770 5258 clericus
804 5201 1006 5271 factus,
1045 5201 1458 5257 monasterium
1491 5203 1682 5258 sancti

0 5331 2 5340 ι
71 5278 306 5343 Silvestri
349 5288 403 5345 in
437 5293 630 5347 monte
681 5288 916 5347 Soracte
959 5293 1328 5360 construens,
1383 5305 1444 5347 se
1490 5305 1683 5346 mona-

128 5467 168 5501 “
191 5470 303 5529 Xll°
327 5475 394 5534 in
414 5485 606 5549 marg.
641 5475 780 5536 add.
813 5489 862 5535 ο.
900 5475 946 5510 ⁴⁷
991 5475 1127 5536 XVI.
1183 5489 1328 5536 corr.
1382 5387 1682 5539 η

2151 5490 2199 5537 c.
2255 5475 2304 5511 ‘9
2331 5474 2744 5534 DCCLXXVIII.
2803 5488 2952 5534 corr.
2985 5473 3383 5532 DCCLXVIIII.
3411 5485 3444 5531 ο

0 5663 30 5698 ⁵⁸
132 5663 289 5746 (185')
332 5669 603 5749 Eamque
632 5703 700 5718 -
746 5670 1029 5733 liberavit
1070 5673 1127 5732 in
1157 5671 1504 5734 Herimanno
1553 5571 2128 5748 Sasggffleguntur.

0 5911 8 5950 l

1860 3349 1910 3400 4.
1947 3347 2270 3402 Haistulfus
2298 3363 2399 3401 rex
2433 3348 2940 3416 Langobardorum
2974 3348 3240 3403 moritur.

1859 3438 1910 3488 6.
1945 3435 2239 3505 Pyppinus
2291 3435 2591 3491 Saxoniam
2643 3435 2794 3491 bello
2844 3436 3016 3507 petit,
3068 3436 3432 3493 Wasconiam

1791 3521 2035 3578 invadit.

1863 3614 1933 3665 10
1963 3611 2210 3666 Sanctus
2242 3611 2554 3666 Othmarus
2587 3610 2642 3665 in
2676 3610 2921 3667 insulam
2950 3610 3092 3666 Reni
3143 3612 3300 3667 Stein
3346 3627 3437 3667 re-

1793 3697 2023 3766 legatus
2055 3698 2221 3753 obiit.
2251 3697 2514 3768 Eelypsis
2539 3699 2683 3753 solis
2708 3698 2858 3754 facta
2882 3703 2969 3754 est
2989 3703 3057 3755 18
3076 3697 3314 3756 Kalend.
3343 3699 3438 3755 Se-

1791 3786 2076 3856 ptembris
2108 3786 2248 3841 hora
2281 3786 2444 3855 quasi
2476 3788 2528 3839 6.
2997 3847 3014 3852 ἡ

1861 3879 1947 3929 11.
1983 3873 2240 3930 lnventio
2271 3874 2482 3946 capitis
2508 3875 2785 3931 Johannis
2819 3875 3111 3948 baptistae.
3140 3875 3438 3948 Pyppinus

1789 3960 2015 4032 aliquot
2044 3962 2360 4018 comitatus
2392 3963 2525 4017 filiis
2557 3963 2734 4018 dedit.

1861 4053 1952 4105 12.
1989 4051 2221 4121 Hiemps
2249 4049 2441 4105 valida
2472 4051 2624 4106 facta
2656 4056 2750 4108 est
2781 4051 2888 4107 hoc
2919 4067 3088 4109 anno.

1864 4142 1949 4194 13.
1984 4138 2248 4208 Eelypsis
2279 4138 2420 4193 solis
2451 4143 2484 4192 2
2513 4141 2654 4194 Non.
2687 4141 2814 4195 Jun.
2851 4141 2994 4195 hora
3026 4139 3190 4211 quasi
3222 4144 3273 4194 6.

1866 4231 1948 4282 15.
1986 4228 2209 4296 Corpus
2241 4226 2426 4281 sancti
2455 4226 2680 4281 Nazarii
2715 4227 2784 4282 ad
2820 4227 3146 4284 Laurissam
3194 4227 3436 4284 allatum

1793 4321 1885 4371 est
1909 4313 1973 4368 ⁸⁸.
2005 4314 2300 4385 Pyppinus
2329 4327 2433 4369 rex
2464 4313 2730 4385 moritur,
2766 4315 2966 4370 indiet.
3002 4317 3052 4370 6.

1867 4405 2064 4460 Annus
2097 4402 2319 4458 Domini
2349 4407 2454 4457 769
2480 4401 2542 4456 ‘9.
2587 4402 2834 4459 Karolus
2883 4404 3139 4474 Magnus,
3191 4403 3437 4476 Pyppini

1796 4490 1971 4562 ﬁlius,
2005 4505 2135 4547 cum
2163 4491 2342 4547 fratre
2371 4490 2756 4548 Karlomanno
2786 4506 2917 4547 ann.
2976 4496 3027 4562 3,
3080 4496 3291 4562 postea
3341 4506 3437 4550 so-

1712 4564 1765 4626 D
1797 4580 1890 4637 lus
1919 4582 2002 4635 42.

1866 4671 1916 4724 4.
1951 4668 2051 4738 (Η.
2083 4669 2180 4739 S’.)
2209 4667 2430 4739 Corpus
2455 4667 2642 4724 sancti
2673 4666 2931 4724 Otbmari
2963 4671 3034 4724 10
3070 4680 3198 4722 ann.
3254 4666 3309 4722 in
3353 4667 3432 4738 in,

1797 4757 1942 4827 sula,
1982 4772 2094 4828 quo
2124 4761 2392 4814 mortuus
2423 4761 2535 4827 est,
2571 4756 2969 4828 incorruptum
3030 4756 3326 4828 reperitur
3376 4761 3438 4812 et

1796 4845 1853 4902 in
1888 4845 2126 4902 basilica
2159 4846 2342 4902 sancti
2378 4844 2522 4900 Galli
2554 4845 2854 4916 sepelitur.
2892 4845 3310 4902 Karlomannus
3332 4857 3438 4900 rex

1797 4934 2066 5003 moritur,
2093 4933 2273 4989 frater
2297 4933 2510 4990 Karoli.

1866 5026 1916 5078 5.
1953 5020 2162 5078 Karlus
2194 5021 2497 5078 Saxoniam
2531 5023 2720 5093 petiit.

1866 5115 1916 5167 6.
1952 5110 2195 5166 Italiam.

1865 5205 1916 5256 7.
1952 5200 2209 5273 Corpora
2240 5202 2571 5258 sanctorum
2605 5198 2875 5259 Gordiani
2921 5206 2979 5256 et
3020 5197 3314 5272 Epimachi
3365 5195 3438 5254 de

1795 5289 1974 5348 Roma
2007 5289 2064 5346 in
2096 5287 2490 5348 Alamanniam
2517 5290 2805 5348 translata
2841 5293 2996 5346 sunt.
3030 5285 3276 5345 Karolus
3297 5286 3440 5343 Lon-
