3894 6400
506 394 624 458 483

1663 396 2147 461 EKKEHARDI
2192 396 2749 461 URAUGIENSIS
3808 404 3871 463 sis

502 530 795 601 gobardos
825 544 953 585 cum
988 528 1155 585 Italia
1184 529 1452 601 subjecit,
1475 533 1531 587 et
1556 546 1684 588 cum
1714 532 2012 603 triumpho
2044 534 2151 588 Ro-
2182 536 2233 592 A
2334 533 2666 589 Gotefridus
2712 533 3209 591 Nordmannorum
3260 550 3363 591 rex
3421 536 3683 607 superbe
3750 538 3881 593 Karl.

507 633 652 674 mam
686 618 865 674 venit.

574 712 624 763 8.
660 706 907 763 Karolus
939 705 1237 763 Saxoniam
1273 706 1461 777 petiit.

571 798 626 851 9.
659 796 721 851 In
750 793 913 851 Italia
948 794 1286 865 Reutgisum
1315 794 1549 851 occidit.

573 887 643 939 10
667 883 885 939 Iterum
915 882 962 917 ⁸⁰
992 882 1050 938 in
1082 883 1388 939 Saxoniam
1421 884 1632 955 pergit.

568 976 628 1028 11
668 970 998 1043 Hispaniam
1031 970 1205 1042 cepit.

570 1065 641 1117 12
666 1061 882 1117 Iterum
913 1060 1218 1115 Saxoniam
1248 1059 1448 1131 sepius
1479 1058 1861 1116 rebellantem
1902 1059 2143 1117 invadit.

498 1150 701 1205 Fames
730 1152 789 1205 et
817 1147 1147 1205 mortalitas
1176 1148 1472 1204 Franciam
1504 1152 1715 1205 vastat.

568 1242 656 1295 13.
689 1236 938 1293 Karolus
968 1236 1200 1293 tandem
1225 1236 1569 1292 Saxonieum
1584 1236 1822 1308 bellum,
1840 1240 1901 1294 ut
1925 1236 2148 1310 l“puta-

497 1328 691 1398 batur,
725 1324 1009 1396 subjectis
1041 1324 1387 1395 Saxonibus,
1421 1328 1804 1381 consummat.

568 1419 654 1472 14.
690 1413 949 1485 {Karolus
988 1413 1199 1470 iterum
1239 1414 1476 1469 Romam
1518 1414 1699 1485 venit,
1745 1418 1803 1469 et
1836 1411 1989 1472 filius
2018 1414 2144 1485 ejus

494 1503 795 1577 Pyppinus
827 1502 1163 1573 baptizatur
1194 1502 1267 1557 ab
1299 1500 1553 1557 Adriano
1587 1516 1755 1574 papa.

564 1597 651 1649 15.
687 1592 749 1648 In
782 1590 1029 1648 Saxonia
1060 1594 1409 1647 conventum
1449 1590 1673 1647 habuit.

562 1685 650 1737 17.
686 1678 965 1750 Hiltigart
986 1677 1205 1750 regina,
1232 1692 1381 1734 uxor
1398 1677 1612 1749 Karoli,
1638 1677 1831 1735 obiit2
1849 1677 1971 1734 Kal.
1993 1677 2142 1751 Maii,

490 1774 551 1827 et
581 1767 796 1825 Berhta
827 1766 993 1824 obiit.

2264 620 2535 678 minatur.

2332 712 2399 763 42
2433 709 2638 767 Karlus
2670 712 2950 781 synodum
2986 724 3248 782 magnam
3275 711 3320 745 "
3350 719 3697 785 congregat.

2332 802 2418 854 43.
2470 798 2735 870 Eclypsis
2787 800 2928 855 solis
2978 801 3127 857 facta
3176 806 3268 857 est
3318 807 3351 857 7
3399 802 3537 858 Idus
3580 804 3722 859 Jun.
3783 804 3881 857 hor.

2262 887 2424 956 quasi
2459 889 2734 944 secunda.
2775 888 2922 945 Item
2962 891 3165 945 eodem
3214 903 3361 947 anno
3410 890 3659 962 eclipsis
3708 895 3747 947 2
3796 894 3877 946 Κλ.

2258 974 2392 1032 Dec.
2464 976 2605 1034 hora
2675 978 2838 1048 quasi
2907 982 2957 1033 3.
3012 978 3293 1050 Pippinus
3341 994 3463 1051 rex,
3518 979 3680 1037 illius
3734 981 3877 1035 Karl.

2259 1063 2427 1119 obiit.

2329 1153 2414 1207 44.
2450 1151 2700 1209 Karolus
2730 1153 3041 1211 thesauros
3070 1155 3127 1209 in
3154 1155 3450 1227 episcopia
3490 1161 3549 1212 et
3602 1155 3881 1213 aseclesia;

2257 1239 2485 1296 dividit.
2519 1242 2766 1299 Karolus
2796 1242 2949 1299 illius
2980 1243 3191 1315 Karoli,
3224 1245 3388 1300 obiit.

2322 1328 2394 1385 45
2423 1330 2792 1387 Bernhardus
2822 1345 2925 1387 rex
2947 1346 2978 1388 a
3010 1332 3218 1389 Karolo
3249 1333 3497 1390 eﬂlcitnr
3523 1332 3567 1367 ⁸³
3593 1377 3606 1389 .
3663 1332 3881 1389 Κθτοιιις

2258 1416 2417 1474 febre
2447 1423 2507 1474 et
2531 1418 2781 1489 pleuresi
2808 1419 3073 1491 pulsatus
3094 1421 3260 1493 obiit,
3286 1421 3487 1478 indict.
3514 1428 3548 1479 7
3568 1426 3602 1478 5
3626 1420 3757 1478 Kal.
3778 1423 3873 1476 Feb

2255 1519 2404 1562 anno
2434 1507 2627 1563 :etatis
2654 1511 2743 1564 71.

2329 1657 2526 1711 Annus
2576 1656 2799 1712 Domini
2849 1660 2972 1715 815.
3022 1657 3389 1729 Ludewicus,
3439 1656 3638 1714 Karoli
3716 1673 3873 1728 magn

2257 1742 2433 1804 illius.
2463 1757 2594 1799 ann.
2628 1748 2697 1800 26
2726 1743 2789 1800 “.

566 1863 632 1949 17
660 1855 907 1949 Karolus
939 1855 1196 1949 Saxones
1223 1852 1479 1911 rebelles
1509 1854 1679 1925 plaga
1699 1867 1901 1924 magna
1925 1854 2142 1912 occidit
2174 1885 2226 1944 B
2261 1937 2273 1949 .
2328 1853 2377 1905 3.
2415 1850 2524 1906 Leo
2555 1864 2714 1949 papa
2730 1851 2897 1908 obiit.
2932 1852 3275 1910 Ludewicus
3327 1867 3357 1908 a
3410 1852 3709 1924 Stephano
3761 1869 3881 1925 papa

492 1950 551 2004 et
583 1944 940 2004 christianos
970 1942 1126 1998 fecit.

564 2039 634 2092 19
681 2031 945 2103 Eelypsis
992 2030 1138 2087 solis
1187 2030 1336 2087 facta
1384 2035 1471 2088 est
1523 2034 1591 2086 15
1641 2028 1763 2087 Kal.
1817 2030 1945 2089 Oct.
1999 2030 2143 2087 hora

495 2122 659 2195 quasi
687 2124 739 2178 2.
775 2120 1022 2177 Karolus
1053 2119 1265 2175 iterum
1297 2118 1533 2175 Romam
1566 2119 1780 2191 pergit,
1829 2123 1887 2175 et
1938 2132 2143 2176 cruces

495 2208 552 2265 in
581 2207 849 2265 vestibus
880 2208 1298 2278 apparuerunt.

564 2300 653 2353 20.
688 2294 895 2351 Karlus
923 2309 1029 2366 per
1060 2291 1457 2350 Alamanniam
1486 2292 1556 2349 ad
1592 2292 1733 2350 lines
1756 2292 2035 2362 Bajoarize
2057 2308 2145 2349 rc-

494 2382 770 2442 bellantis
800 2398 930 2440 cum
958 2382 1223 2438 exercitu
1250 2380 1430 2437 venit.

564 2477 625 2529 21
684 2470 906 2529 Tassilo
955 2471 1074 2528 dux
1123 2469 1421 2540 Bajoariae,
1469 2469 1711 2539 jubente
1779 2468 2011 2538 Karolo,
2086 2468 2143 2524 in

494 2561 795 2618 Franciam
823 2559 1003 2630 venit,
1040 2562 1099 2614 et
1134 2557 1397 2627 Bajoaria
1428 2556 1641 2613 Karolo
1675 2556 2003 2627 subjicitur.

558 2654 647 2706 22.
712 2648 959 2706 Karolus
1012 2645 1250 2703 Sclavos
1298 2646 1394 2716 qui
1443 2645 1611 2701 Wilci
1662 2645 1941 2703 dicuntur
1989 2644 2141 2702 bello

490 2737 661 2810 petit.

554 2828 643 2881 23.
676 2827 726 2880 4.
760 2824 903 2880 Non.
938 2818 1108 2878 Febr.
1142 2827 1382 2877 sanctus
1408 2819 1781 2877 Burchardus
1812 2819 1959 2876 obiit
1990 2834 2138 2878 anno

486 2911 731 2969 Domini.
765 2914 891 2969 791.
927 2912 1089 2968 Hune
1121 2923 1332 2966 annum
1363 2908 1490 2965 sine
1523 2908 1676 2965 bello
1702 2908 1951 2966 Karolus
1980 2911 2139 2966 Wor-

487 3000 669 3057 macie
701 2999 873 3056 sedit.

551 3090 640 3144 24.
694 3086 904 3145 Karlus
952 3084 1326 3155 Pannoniam,
1379 3097 1620 3155 regnum
1671 3085 1990 3158 Hunorum,
2043 3100 2140 3143 va-

485 3178 623 3233 stat.

552 3268 639 3321 25.
674 3268 708 3322 6
747 3262 870 3322 Kal.
926 3263 1129 3320 Octob.
1184 3257 1598 3333 Megingaudus
1638 3263 1952 3335 episcopus
1990 3264 2138 3320 obiit
2170 3233 2219 3295 Ο

386 3390 391 3394 α
487 3367 636 3410 anno
667 3351 891 3411 Domini
922 3356 1066 3421 794;
1107 3352 1257 3408 sedit
1302 3365 1431 3408 ann.
1482 3356 1534 3423 2,
1588 3364 1817 3407 menses
1868 3356 1953 3422 10,
2009 3352 2137 3408 dies

481 3445 638 3585 2526.
673 3530 928 3585 Saxones
960 3527 1130 3585 fidem
1180 3526 1395 3585 Christi
1445 3526 1872 3597 relinquentes,
1926 3531 2136 3583 iterum

481 3615 792 3673 rebellant.

554 3707 625 3761 27
657 3704 939 3761 Fastrada
971 3704 1173 3775 regina
1202 3702 1371 3761 obiit.
1410 3701 1658 3759 Karolus
1688 3702 1973 3773 synodum
2023 3717 2140 3759 ma-

486 3806 659 3863 gnam
690 3796 1031 3863 congregat.

553 3882 641 3936 28.
693 3879 940 3937 Karolus
989 3881 1244 3937 Saxones
1288 3879 1457 3960 petit,
1509 3884 1567 3936 et
1619 3880 1859 3937 tereiam
1909 3883 2135 3951 partem

486 3968 746 4027 virorum
777 3968 1014 4025 obsides
1044 3968 1292 4041 accepit.

554 4061 640 4113 30.
676 4056 827 4114 Huni
858 4072 1096 4114 munera
1126 4057 1463 4128 offerentes,
1496 4056 1669 4113 Karlo
1714 4056 2131 4127 subjiciuntur.

552 4148 639 4201 31.
674 4142 979 4217 Geroldus,
1007 4145 1309 4217 piissimus
1334 4145 1576 4216 signifer
1605 4143 1820 4216 Karoli,
1860 4145 1916 4201 in
1940 4159 2132 4218 pugna

482 4231 792 4291 occiditur.

549 4324 638 4377 32.
667 4325 700 4377 6
730 4321 834 4379 Kal
866 4321 993 4380 Oct.
1026 4321 1389 4381 Bernwelfus
1420 4324 1736 4396 episeOpus
1758 4321 1903 4379 obiit
1929 4339 1944 4388 ;
1977 4308 2130 4379 sedit

2258 1940 2576 2010 imperator
2609 1940 2797 1997 factus
2828 1945 2941 1997 est.

2328 2031 2379 2085 4.
2414 2028 2711 2086 Pascualis
2744 2043 2891 2101 papa
2919 2029 3185 2086 efﬁcitur.

2328 2120 2378 2172 3.
2411 2118 2785 2175 Bernhardus
2815 2132 2921 2174 rex
2951 2117 3260 2175 Ludewico
3290 2115 3554 2174 rebellat.

2327 2211 2374 2262 6.
2415 2207 2783 2264 Bernhardus
2823 2222 2928 2263 rex
2975 2207 3218 2263 interiit.
3281 2207 3604 2263 Luitwidus
3627 2205 3878 2262 rebellat.

2325 2301 2377 2350 7.
2411 2296 2722 2352 Exercitus
2756 2300 2959 2352 contra
2990 2295 3339 2352 Luitwidum
3371 2300 3784 2364 congregatur.

2326 2388 2410 2441 10.
2447 2386 2554 2440 Nix
2585 2399 2789 2453 magna
2830 2400 2861 2440 a
2912 2384 3032 2440 Kal.
3089 2384 3215 2455 Oct,
3271 2398 3450 2455 usque
3492 2388 3526 2438 2
3570 2383 3715 2439 Idus
3765 2388 3875 2455 Apr.

2254 2474 2594 2546 permansit.

2324 2566 2409 2618 14.
2446 2562 2663 2617 Wetthi
2693 2560 3003 2631 Augiensis
3040 2560 3357 2617 monachus
3403 2560 3457 2615 in
3504 2559 3726 2631 spiritu
3778 2576 3879 2630 rap

2252 2656 2350 2707 tus
2379 2648 2780 2705 admirabilem
2814 2648 2957 2704 vidit
2987 2648 3290 2705 visionem.

2322 2742 2406 2795 16.
2442 2737 2745 2795 Pascualis
2775 2751 2921 2809 papa
2951 2736 3121 2793 obiit.

2324 2833 2411 2884 17.
2457 2830 2712 2898 Corpora
2757 2832 3093 2883 sanctorum
3138 2824 3397 2882 Valentis
3443 2828 3501 2882 et
3550 2824 3777 2882 Senesii
3834 2829 3877 2881 in

2252 2916 2494 2986 Augiam
2526 2914 2775 2971 insulam
2815 2914 3177 2971 deferuntur.

2324 3009 2406 3060 18.
2443 3010 2479 3061 2
2498 3004 2635 3061 Idus
2662 3005 2801 3060 Nov.
2836 3003 3165 3072 Wolfgerus
3193 3003 3502 3075 episcopus
3531 3003 3680 3059 obiit
3706 3004 3879 3071 ;sedit

2250 3108 2380 3149 ann.
2414 3097 2503 3161 22,
2538 3107 2764 3149 menses
2793 3094 2845 3158 6,
2878 3092 3005 3149 dies
3038 3097 3122 3148 11.

2320 3184 2406 3239 19.
2442 3182 2790 3238 Ludewicus
2819 3195 3087 3253 magnum
3119 3185 3463 3238 conventum
3492 3179 3547 3235 in
3588 3181 3876 3237 Novioma-

2247 3285 2320 3341 go
2342 3270 2386 3303 “
2413 3269 2635 3328 habuit.

2319 3361 2406 3414 24.
2440 3360 2614 3415 Hatto
2645 3356 2987 3414 Basiliensis
3018 3358 3334 3429 episcopus
3367 3356 3527 3412 obiit.

2316 3451 2405 3503 26.
2442 3446 2667 3503 Poutho
2700 3445 2979 3502 diaconus
3008 3444 3209 3517 palatii
3240 3446 3295 3499 in
3316 3443 3663 3515 judaismum
3689 3442 3871 3517 lapsus

2247 3538 2338 3592 est
2368 3534 2434 3590 ⁵⁸.
2475 3533 2740 3607 Eelypsis
2788 3533 2932 3591 solis
2984 3534 3133 3590 facta
3182 3538 3274 3589 est
3313 3538 3345 3589 3
3392 3533 3529 3588 Non.
3582 3532 3690 3588 Mai
3751 3532 3871 3587 hora

2246 3629 2383 3678 ante
2431 3636 2659 3679 nonam.
2714 3623 2785 3678 Et
2843 3620 3190 3678 Ludewicus
3258 3621 3567 3693 imperator
3613 3618 3766 3675 obiit
3823 3623 3873 3675 13

2246 3710 2370 3769 Kal.
2400 3710 2512 3767 Jul.

2319 3866 2519 3919 Annus
2548 3861 2770 3918 Domini
2803 3864 2928 3917 841.
2964 3861 3326 3931 Ludewicus,
3368 3858 3654 3916 Ludewici
3708 3858 3867 3917 ﬁlius.

2247 3967 2379 4010 cum
2411 3951 2693 4008 fratribus
2723 3950 3016 4021 Lothario,
3052 3949 3261 4007 Karolo
3288 3953 3347 4005 et
3364 3948 3605 4021 Pippino
3634 3963 3771 4005 ann.
3798 3954 3869 4004 36.

2317 4065 2368 4115 1.
2402 4064 2435 4115 7
2464 4058 2541 4114 id.
2578 4060 2716 4115 Mar.
2750 4058 3107 4115 Humbertus
3134 4056 3449 4129 episcopus
3495 4054 3679 4121 obiit;
3731 4056 3874 4113 sedit

2244 4164 2337 4206 an.
2371 4152 2459 4203 10.
2491 4162 2723 4205 menses
2754 4151 2807 4217 3,
2842 4147 2969 4203 dies
2995 4151 3048 4203 8.
3084 4144 3305 4203 Bellum
3354 4145 3504 4202 inter
3550 4144 3768 4201 fratres
3815 4145 3870 4199 de

2246 4236 2561 4309 partitione
2592 4236 2755 4307 regni
2785 4234 3120 4292 excanduit.

2312 4328 2364 4381 8.
2400 4325 2750 4381 Ludewicus
2784 4322 3165 4380 Germaniam.
3198 4320 3501 4379 Lotharius
3527 4334 3654 4378 cum
3708 4321 3871 4393 impe-

476 4423 609 4468 ann.
644 4413 693 4467 6.
729 4412 969 4469 Romani
998 4427 1206 4485 papam
1239 4413 1296 4469 in
1324 4411 1540 4470 Ietania
1574 4410 1791 4482 majore
1843 4415 2128 4468 excecant
2242 4413 2457 4471 ratoris
2495 4413 2729 4469 nomine
2778 4412 3023 4482 Italiam,
3078 4410 3324 4467 Karolus
3370 4408 3600 4479 Gallias,
3637 4423 3864 4479 regnum

473 4503 535 4557 et
565 4498 819 4571 linguam
850 4502 977 4573 ejus
1007 4504 1331 4574 amputant.

544 4592 611 4645 33
633 4588 946 4660 Luitgarda
978 4590 1179 4660 regina
1209 4590 1356 4648 obiit
1385 4593 1419 4646 2
1448 4589 1589 4645 Non.
1621 4590 1753 4647 Jun.

541 4681 629 4736 34.
674 4677 923 4737 Karolus
972 4678 1258 4751 imperiali
1312 4677 1721 4736 benedictione
1768 4676 2122 4735 sublimatus

470 4770 761 4839 angustus
787 4771 849 4825 et
879 4781 1064 4827 caesar
1093 4768 1351 4825 Romano
1380 4781 1542 4825 more
1571 4765 1921 4839 appellatur.

540 4860 626 4913 36.
658 4859 691 4912 3
718 4853 841 4913 Kal.
873 4855 1010 4912 Mar.
1045 4855 1366 4913 Ludericus
1394 4853 1709 4928 episcopus
1741 4854 1886 4912 obiit
1921 4874 1937 4925 ;
1967 4853 2117 4913 sedit

471 4957 604 5003 ann.
640 4948 693 5016 3,
728 4958 958 5003 menses
989 4949 1040 5001 δ.
1075 4944 1241 5002 Greei
1273 4958 1473 5018 pacem
1503 4958 1635 5003 cum
1665 4945 1840 5003 Karlo
1864 4945 2117 5003 ﬁrmant.

540 5036 629 5091 36.
655 5034 1032 5090 Terremotus
1059 5037 1149 5091 est
1178 5037 1240 5090 et
1266 5031 1598 5092 mortalitas
1628 5034 1965 5093 subsecuta.

2241 4500 2590 4573 dividentes,
2626 4501 2941 4572 accipiunt.
2972 4499 3175 4557 Iudith
3210 4498 3565 4570 imperatrix,
3598 4512 3750 4553 uxor
3780 4499 3867 4553 Lu-

2154 4591 2209 4654 D
2239 4589 2447 4649 dewici
2481 4589 2713 4662 prioris,
2738 4589 2905 4645 obiit.

2309 4681 2395 4737 14.
2432 4681 2501 4736 12
2530 4677 2653 4735 Kal.
2685 4677 2813 4735 Oct.
2837 4675 3168 4737 Gozbaldus
3187 4676 3495 4750 episcopus
3515 4674 3655 4732 obiit
3682 4692 3700 4743 ;
3727 4675 3863 4733 sedit

2237 4782 2368 4828 ann.
2409 4771 2497 4840 13,
2531 4781 2604 4824 m.
2638 4771 2725 4840 10,
2760 4767 2815 4825 d.
2848 4772 2899 4826 8.

2307 4862 2395 4915 15.
2428 4856 2712 4913 Ecclesia
2744 4855 2930 4914 sancti
2960 4853 3184 4929 Kyliani
3214 4853 3271 4913 in
3322 4853 3646 4924 Wirciburg
3677 4853 3860 4912 fulmi-

2234 4948 2406 5007 nibus
2434 4950 2643 5005 exusta
2693 4950 2822 5015 est;
2855 4951 2916 5004 et
2956 4945 3268 5004 Lotharius
3320 4958 3426 5003 rex
3473 4949 3768 5001 tonsuram
3812 4952 3858 4999 ei

2233 5033 2633 5093 monachicum
2663 5032 2925 5091 habitum
2952 5032 3215 5104 suscepit
3245 5031 3579 5095 moriturus;
3623 5028 3724 5101 (Η.
3778 5030 3857 5097 S.)

542 5125 627 5179 39.
653 5120 903 5179 Karolus
932 5122 1219 5179 Saxonum
1248 5121 1659 5181 rebellantium
1678 5122 2116 5181 multitudinem
2234 5125 2460 5196 Corpus
2490 5122 2679 5180 sancti
2712 5121 2939 5178 Martini
2971 5120 3040 5178 de
3067 5119 3296 5179 tumulo
3324 5119 3568 5178 levatur.

470 5209 527 5269 In
556 5209 857 5269 Franciam
890 5211 1193 5269 transfert.

2303 5216 2371 5270 17
2399 5211 2511 5268 Leo
2544 5224 2712 5285 papa,
2748 5212 2995 5283 Trougo,
3024 5210 3319 5281 Rabanus,
3350 5206 3697 5267 Benedictus
3725 5222 3855 5283 papa

537 5300 627 5358 40.
681 5299 950 5375 Eclypsis
996 5298 1137 5359 solis
1189 5300 1338 5360 facta
1387 5304 1478 5360 est
1512 5304 1545 5359 3
1591 5298 1728 5360 Idus
1776 5300 1910 5357 Feb.
1972 5300 2115 5359 hora
2231 5303 2293 5358 et
2319 5298 2613 5371 Hiltegart
2640 5299 2841 5370 regina
2868 5299 3159 5357 obierunt.

477 5387 641 5460 quasi
672 5392 724 5448 6.

2302 5391 2392 5458 2o.
2429 5388 2738 5448 Lotharius
2767 5389 3088 5465 imperator
3117 5387 3281 5447 obiit.
3314 5388 3427 5446 Pro
3458 5400 3571 5459 quo
3621 5385 3861 5445 Ludewi-

1817 5512 2060 5572 VARIA']
2119 5512 2524 5572 LECTIONES'

541 5623 586 5660 ὀ
616 5626 699 5685 ite
725 5640 774 5688 c.
800 5627 864 5686 et
885 5626 1271 5762 cogentibus
1295 5630 1495 5697 annis.
1553 5627 1715 5700 quod
1756 5628 1907 5688 certe
1948 5641 2007 5688 α.
2056 5633 2126 5687 26

542 5696 758 5762 XXVII.
792 5711 909 5762 oar.
1038 5699 1129 5762 VI.
1162 5713 1212 5762 ο.
1242 5699 1290 5738 ⁸⁸
1318 5698 1492 5762 novlo
1526 5712 1734 5762 magno
1761 5713 1810 5762 ο.
1845 5698 1891 5739 ⁸⁸
1916 5698 2129 5762 XXVII.

2313 5629 2711 5762 metit.
2751 5628 2796 5666 ἰ
2810 5628 2930 5689 inc.
2976 5627 3022 5665 ⁸³
3038 5641 3244 5704 magna
3256 5642 3305 5691 c.
3324 5627 3848 5692 “XLVIm-amc.

474 5689 519 5735 ⁵⁴
542 5696 758 5764 XXVII.
792 5711 909 5762 oar.

1038 5699 1129 5762 VI.
1162 5713 1212 5762 ο.
1242 5699 1290 5738 ⁸⁸
1318 5698 1492 5763 novlo
1526 5698 1734 5775 magno
1761 5713 1810 5765 ο.
1845 5698 1891 5739 ⁸⁸
1916 5698 2131 5766 XXVII.
2164 5698 2404 5766 orm
2431 5714 2481 5764 θ.
