3894 6466
165 458 278 520 485

944 448 1380 512 CHRONICA.
1416 485 1487 493 -
1521 441 1997 508 CHRONICON
2038 439 2788 505 WIRZIBURGENSIS.

3445 441 3563 501 486

165 604 288 661 cus,
340 587 496 644 ﬁlius
546 601 692 659 ejus,
747 585 1051 657 imperavit
1105 597 1236 641 cum
1298 584 1478 639 fratre
1531 578 1804 636 Lothario

2013 601 2040 652 ι,
2079 593 2351 651 Arnolqu
2380 607 2481 649 rex
2513 594 2750 649 Romam
2780 589 3036 661 veniens,
3075 589 3390 662 imperator
3449 593 3563 648 eili-

171 694 323 748 rege.

232 770 316 821 22.
355 764 721 834 Meginradus
774 764 1055 820 heremita
1108 762 1528 819 martirizatur.

238 859 324 911 24.
360 853 506 910 Huni
541 853 993 908 christianitatis
1017 866 1221 908 nomen
1244 851 1464 920 agressi
1499 856 1634 908 sunt

240 947 326 998 27.
360 942 611 1013 Nycolao
642 955 788 1012 pape
821 941 1108 996 Adrianus
1149 941 1490 998 susccessit.

242 1033 328 1086 28.
361 1032 734 1086 Terremotus
763 1030 909 1084 facta
940 1032 1048 1098 est,
1085 1033 1142 1084 et
1175 1033 1398 1084 cometa
1432 1029 1555 1085 visa
1589 1032 1700 1085 est.

241 1123 328 1176 29.
363 1118 673 1174 Lotharius
704 1131 827 1187 rex,
863 1119 1042 1172 frater
1082 1117 1373 1173 Ludewici
1420 1117 1820 1189 imperatoris,

177 1207 339 1265 obiit.
375 1211 432 1260 et
461 1206 708 1263 Karolus
740 1205 1052 1262 Galliarum
1088 1221 1190 1262 rex
1222 1221 1463 1276 regnum
1497 1206 1728 1262 invasit.

245 1299 330 1351 30.
367 1295 709 1352 Ludewicus
736 1295 1056 1367 imperator
1088 1295 1157 1350 de
1195 1295 1408 1351 solario
1438 1295 1672 1352 cecidit.

246 1388 331 1439 31.
367 1383 710 1439 Ludewicus
737 1387 794 1439 et
841 1383 1090 1442 Karolus
1141 1398 1270 1440 cum
1322 1387 1489 1454 patre
1511 1384 1822 1455 paciﬁcan-

177 1477 296 1529 tur.

247 1564 334 1616 32.
395 1559 684 1617 Adrianus
730 1574 874 1632 papa
923 1560 1088 1617 obiit.
1136 1562 1512 1618 Wormatium
1565 1561 1821 1618 fulminis

181 1649 300 1704 ictu
330 1653 640 1704 crematur.

249 1741 335 1791 35.
370 1737 714 1793 Ludewicus
741 1737 1057 1809 imperator
1097 1738 1262 1809 obiit,
1311 1743 1369 1794 et
1422 1737 1667 1796 Karolus
1718 1752 1821 1795 rex

183 1824 497 1882 Galliarum
529 1827 764 1882 Romam
798 1827 1082 1898 pervenit.

1922 683 2093 740 citur.

1995 777 2076 827 11.
2112 773 2307 841 Magna
2343 772 2523 826 fames
2555 769 2817 825 homines
2849 783 2908 824 se
2961 767 3204 824 invicem
3259 768 3566 826 comedere

1927 861 2238 934 persuasit.
2268 910 2277 916 .

2001 955 2082 1005 12.
2118 948 2386 1004 Arnolfus
2418 946 2736 1017 imperator
2771 945 2936 1001 obiit.
2965 945 3177 1001 Gentes
3201 945 3566 1015 Pannonicze,

1931 1052 2075 1109 quas
2106 1037 2389 1106 Ungarios
2421 1035 2688 1104 dicimus,
2725 1034 2948 1089 Italiam
2981 1033 3432 1104 depopulantur.

2003 1129 2202 1181 Annus
2231 1124 2452 1179 Domini
2482 1127 2603 1180 900.
2636 1121 2992 1192 Ludewicus,
3031 1120 3245 1177 Arnolfi
3270 1120 3446 1192 filius,
3477 1122 3576 1177 ad-

1932 1217 2161 1272 modum
2191 1228 2333 1285 puer
2364 1227 2492 1267 ann.
2533 1216 2611 1266 12.

2003 1309 2051 1361 1.
2087 1301 2320 1372 Ungarii
2357 1300 2676 1370 Bajoariam
2709 1297 3137 1369 ingrediuntur,
3171 1301 3228 1354 et
3251 1297 3385 1370 plus
3417 1298 3576 1356 mille

1931 1409 2003 1450 ex
2031 1394 2115 1449 eis
2145 1391 2510 1447 occiduntur.

2002 1487 2053 1538 2.
2086 1479 2321 1550 Ungarii
2355 1476 2797 1534 Carenthaniam
2827 1476 3127 1546 invadunt,
3161 1480 3221 1532 et
3243 1475 3300 1531 in
3332 1475 3578 1532 sabbato

1929 1569 2237 1628 commissa
2270 1580 2480 1638 pugna,
2516 1564 2880 1621 occiduntur.

2005 1662 2056 1713 6.
2096 1655 2330 1725 Ungarii
2373 1653 2624 1731 amarius
2669 1653 3034 1710 occiduntur.
3072 1655 3380 1722 Berenger,
3414 1651 3582 1720 Regi-

1938 1745 2060 1803 nolt
2093 1749 2150 1800 et
2180 1743 2425 1798 Gerhart
2460 1741 2717 1810 germani
2756 1742 2968 1797 fratres
2995 1742 3360 1798 occiduntur.

2007 1841 2058 1891 7.
2104 1835 2301 1902 Pugna
2349 1830 2501 1885 inter
2561 1829 2963 1900 Adalbertum,
3014 1831 3220 1886 fratem
3268 1843 3488 1898 eorum,
3525 1832 3584 1884 et

252 1917 339 1970 36.
376 1913 718 1972 Ludewicus
748 1930 851 1972 rex
881 1916 1198 1974 Germaniae
1230 1918 1399 1990 obiit,
1435 1923 1466 1974 δ
1499 1918 1620 1975 Kal.
1665 1921 1823 1991 Sept.
1857 1921 1911 1981 B
1942 1920 2326 1989 Cuonradum,
2354 1919 2587 1974 fratrem
2612 1917 2902 1974 Ludewici
2927 1916 3586 1990 imperatoris,commit-

186 2003 405 2059 Bellum
439 2003 492 2058 in
521 2003 800 2060 Ribuaria
832 2004 983 2060 inter
1024 2006 1394 2064 Ludewicum
1444 2011 1504 2064 et
1557 2008 1828 2068 Karolum

182 2090 590 2149 committitur.

253 2181 457 2236 Annus
486 2179 704 2236 Domini
735 2184 858 2238 877.
890 2183 1156 2255 Karolus,
1205 2183 1399 2254 junior
1449 2185 1604 2243 illius
1657 2184 1838 2242 Lude-

185 2267 342 2337 wici,
362 2282 494 2323 cum
515 2268 795 2324 fratribus
819 2271 1165 2327 Karlmanno
1187 2277 1245 2328 et
1267 2273 1574 2331 Ludewico
1589 2289 1720 2331 ann.
1744 2277 1835 2330 11-

255 2359 308 2411 2.
342 2354 590 2411 Karolus
619 2370 722 2411 rex
753 2357 1063 2414 Galliarum
1096 2360 1262 2415 obiit.

257 2447 308 2498 3.
347 2443 692 2500 Ludewicus
725 2443 958 2516 Balbus,
997 2446 1150 2503 filius
1185 2448 1398 2520 Karoli,
1435 2448 1603 2506 obiit.

262 2536 312 2588 4.
340 2531 689 2589 Ludewicus
711 2533 942 2590 vivente
965 2535 1144 2592 fratre
1158 2552 1264 2594 suo
1278 2537 1625 2595 Karlmanno
1646 2537 1840 2608 Bajoa-

191 2621 338 2676 riam
368 2620 714 2690 ingreditur.
752 2623 1136 2680 Karlmannus
1169 2625 1336 2680 obiit.

266 2714 316 2764 5.
351 2709 598 2765 Karolus
622 2709 822 2778 junior
847 2727 975 2767 cum
1009 2728 1192 2768 uxore
1223 2728 1326 2771 sua
1356 2714 1708 2786 Ribcgartha
1743 2715 1844 2771 im-

197 2797 405 2868 periali
439 2798 844 2854 benedictione
876 2800 1245 2856 sublimatur.

265 2886 319 2941 6.
346 2885 692 2943 Ludewicus
715 2899 818 2942 rex
847 2889 1218 2959 Francorum,
1249 2890 1429 2946 frater
1451 2890 1645 2947 Karoli
1670 2892 1846 2964 impe-

199 2973 438 3042 ratoris,
474 2973 637 3029 obiit.
1511 3041 1516 3047 _

270 3067 358 3118 11.
393 3061 639 3119 Karolus
671 3062 989 3134 imperator
1016 3064 1185 3122 vivus
1215 3065 1435 3125 dimisit
1464 3081 1724 3138 regnum.

271 3151 476 3206 Annus
505 3151 725 3206 Domini
767 3155 887 3207 888.
943 3153 1234 3226 Arnolfus,
1289 3154 1444 3213 filius
1493 3154 1847 3226 Karlmanni,

199 3241 457 3293 ann.12.

269 3332 318 3380 1.
356 3325 605 3382 Karolus
633 3327 829 3397 junior
859 3329 1175 3401 imperator
1203 3331 1368 3387 obiit.
1403 3331 1709 3404 Luitperto
1762 3348 1850 3389 ar-

198 3415 580 3486 chiepiscopo
611 3415 918 3473 Sunderolt
951 3419 1257 3474 successit.
1295 3424 1324 3474 3
1373 3420 1510 3478 Idus
1546 3421 1657 3477 Jul.
1713 3425 1847 3478 Arn.

201 3502 699 3571 Wircihurgensis
731 3505 1041 3576 episcopus
1083 3506 1137 3560 in
1183 3507 1430 3563 Saxonia
1481 3508 1712 3565 occisus
1763 3514 1856 3566 est

202 3589 359 3646 inter
407 3590 716 3647 missarum
765 3592 1096 3661 sollemnia;
1147 3594 1301 3651 sedit
1353 3609 1482 3652 ann.
1537 3599 1622 3652 36.
1674 3613 1745 3654 m.
1799 3603 1853 3669 7,

203 3676 258 3733 d.
298 3683 384 3733 i2.

277 3772 328 3822 3.
369 3767 648 3824 Arnolfus
678 3782 781 3824 rex
801 3770 1119 3827 exercitum
1157 3771 1656 3831 Nordmannorum
1698 3789 1860 3846 pror-

206 3870 306 3911 sus
337 3855 584 3911 delevit.

278 3946 331 3998 4.
364 3943 689 4015 Ratispona
722 3945 992 4002 incendio
1025 3947 1251 4017 flagrat.

1941 2011 2117 2076 titur;
2154 2010 2207 2063 in
2242 2022 2352 2078 qua
2377 2007 2674 2063 Conradus
2703 2006 3012 2063 occiditur.

2013 2105 2063 2156 8.
2101 2101 2130 2153 3
2163 2099 2302 2152 Non.
2339 2098 2480 2164 Aug.
2533 2094 2858 2151 Ruodolfus
2910 2095 3225 2165 episcopus
3273 2093 3590 2151 Wircibur-

1941 2187 2140 2257 gensis
2171 2185 2347 2250 obiit;
2379 2183 2552 2238 sedit.
2592 2198 2721 2238 ann.
2760 2186 2846 2253 1'7,
2881 2199 2955 2238 m.
2991 2187 3077 2253 12,
3113 2182 3166 2238 d.
3209 2186 3260 2238 2.
3316 2181 3595 2238 Adalber-

1947 2279 2042 2332 tus
2065 2273 2304 2345 perfidia
2331 2271 2596 2328 Hattonis
2614 2270 3038 2342 archiepiscopi
3053 2269 3425 2340 etcujusdam
3441 2269 3598 2325 Luit-

1949 2362 2102 2434 paldi
2138 2361 2438 2432 deceptus,
2471 2359 2785 2415 Ludewico
2812 2358 3077 2428 jubente,
3114 2357 3462 2415 decollatur.
3493 2359 3596 2413 Ba-

1943 2450 2117 2521 joarii
2152 2451 2222 2505 ab
2253 2447 2521 2517 Ungariis
2549 2446 2996 2504 interficiuntur.

2021 2543 2071 2594 9.
2107 2537 2334 2607 Ungarii
2361 2535 2665 2592 Saxoniam
2689 2539 2745 2591 et
2795 2534 3124 2604 Turingiam
3152 2537 3404 2591 vastant.
3440 2533 3597 2590 Luit-

1954 2626 2160 2700 paldus
2189 2624 2495 2682 occiditur.

2025 2720 2112 2771 10.
2145 2713 2380 2785 Ungarii
2415 2711 2810 2769 Alamanniam
2844 2715 3069 2782 petunt.

2029 2809 2113 2859 11.
2148 2801 2368 2858 Bellum
2401 2803 2752 2857 Francorum
2784 2815 2915 2856 cum
2947 2798 3233 2868 Ungariis.

2029 2894 2113 2947 12.
2149 2889 2493 2946 Ludewicus
2524 2903 2626 2944 rex
2655 2887 2920 2945 moritur.
2955 2885 3325 2944 Burchardus
3357 2885 3475 2943 dux
3505 2901 3600 2942 oc-

1958 2979 2196 3036 ciditur.

2021 3070 2220 3123 Annus
2269 3063 2492 3121 Domini
2544 3067 2667 3120 912.
2723 3063 3081 3133 Counradus,
3140 3061 3296 3119 illius
3316 3060 3602 3119 Counradi

1960 3155 2119 3212 illius
2147 3169 2314 3225 quem
2349 3152 2701 3208 Adalbertus
2741 3151 3243 3220 Babenbergensis
3284 3149 3603 3219 interfecit,

1881 3269 1932 3332 ο
1962 3245 2017 3299 in
2048 3256 2286 3312 regnum
2317 3239 2585 3296 elevatus
2617 3239 2881 3308 regnavit
2915 3252 3042 3293 ann.
3075 3243 3127 3294 7.

2035 3337 2084 3386 1.
2119 3328 2352 3399 Ungarii
2383 3329 2453 3383 ab
2505 3326 2837 3382 Alamannis
2892 3331 2950 3381 et
3004 3325 3282 3395 Bajoariis
3305 3324 3474 3395 juxta
3504 3324 3608 3381 ilu-

1961 3420 2117 3476 vium
2147 3420 2244 3473 Ine
2274 3416 2643 3473 occiduntur.

2033 3511 2085 3561 2.
2120 3506 2371 3560 Cometa:
2394 3500 3018 3560 videntur.Roudolfus
3045 3515 3151 3556 rex
3173 3500 3340 3556 obiit.
3370 3497 3607 3569 Ungarii

1967 3594 2357 3652 Alamanniam
2405 3589 2856 3662 depOpulantur.
2911 3591 3082 3645 Hatto
3131 3588 3611 3659 archiepiscopus

1965 3683 2230 3738 moritur.
2269 3681 2369 3737 Cui
2402 3679 2644 3748 Heriger
2677 3677 2986 3734 successit.

2037 3776 2088 3826 5.
2125 3769 2391 3826 Salomon
2420 3767 2732 3839 episcopus
2761 3770 2972 3837 captus
3003 3771 3111 3821 est.
3148 3763 3384 3834 Ungarii
3428 3767 3611 3819 totam

1968 3859 2359 3914 Alamanniam
2390 3856 2520 3926 igne
2551 3859 2608 3912 et
2631 3854 2826 3925 gladio
2861 3859 3116 3911 vastant.

2038 3951 2088 4002 6.
2121 3947 2454 4015 Erchenger
2483 3945 2601 4000 dux
2631 3948 2689 3999 et
2724 3943 3064 4000 Berhtolfus
3095 3941 3356 4012 germani
3400 3941 3614 3997 fratres

276 4033 330 4087 6.
369 4032 696 4089 Sunderolf
720 4047 750 4088 a
783 4034 1170 4092 Nordmannis
1221 4037 1532 4094 occiditur.
1584 4040 1699 4094 Pro
1748 4053 1861 4109 quo
1970 4036 2340 4093 decollantur
2370 4037 2437 4090 12
2465 4031 2585 4088 Kal.
2623 4033 2788 4088 Febr.
2824 4031 3050 4089 Basilea
3083 4033 3155 4088 ab
3210 4029 3479 4101 Ungariis
3522 4027 3622 4083 de-

209 4139 413 4197 Hatto.

280 4234 336 4285 8.
387 4227 667 4285 Arnolfus
715 4227 937 4285 Italiam
989 4231 1496 4304 Burgundiamque
1536 4248 1642 4290 suo
1684 4248 1863 4303 regno

210 4316 497 4387 subjecit.

864 4478 1153 4536 Liutolfus
1183 4479 1302 4537 dux
1332 4480 1614 4538 Saxoniae.

214 4567 373 4624 Brun
409 4565 533 4623 dux
559 4581 589 4622 a
622 4566 795 4622 Danis
827 4567 1080 4624 occisus.
1304 4567 1482 4625 Ottho
1514 4569 1651 4627 dux.

941 4655 1245 4713 Heinricus
1273 4670 1395 4714 rex.

213 4743 488 4801 einricus
519 4742 637 4799 dux
669 4743 966 4814 Bajoarize.
1185 4744 1363 4800 Ottho
1397 4745 1737 4816 imperator.

214 4832 538 4888 Heinricus
569 4830 688 4887 dux
720 4832 1017 4902 Bajoariae.
1196 4833 1374 4888 Ottho
1407 4834 1745 4904 imperator.

215 4919 538 4977 Heinricus
568 4919 1066 4988 Babenbergensis

215 5008 338 5064 dux
391 5006 677 5077 Bajoariae
727 5011 935 5078 postea
978 5007 1079 5064 im-

215 5100 491 5168 perator.
548 5095 723 5164 Cujus
774 5110 920 5152 uxor
976 5097 1083 5154 Cu-

215 5183 433 5253 nigunt
465 5181 689 5255 absque
721 5182 857 5240 filiis
886 5184 1053 5240 obiit.

221 5396 228 5402 ·
287 5383 504 5438 Annus
539 5378 762 5435 Domini
793 5384 915 5435 919.
953 5379 1054 5450 (H.
1084 5380 1181 5453 ις’.)
1207 5379 1515 5440 Heinricus
1544 5395 1742 5441 comes
1776 5395 1880 5440 rex

215 5468 476 5529 effectus
509 5467 781 5538 regnavit
811 5482 949 5524 ann.
986 5471 1081 5526 17.

290 5584 344 5637 1.
382 5573 666 5632 Salomon
691 5574 1007 5647 episcopus
1036 5575 1204 5632 obiit.

290 5673 347 5727 4.
383 5659 646 5723 Karolus
677 5675 781 5720 rex
812 5660 1008 5720 Galliae
1033 5662 1086 5720 in
1119 5663 1417 5722 Franciam
1447 5666 1630 5725 venit.

2005 4123 2240 4179 truitur.

1971 4139 2240 4180 struitur.

2041 4217 2092 4266 7.
2126 4207 2361 4278 Ungarii
2393 4221 2494 4278 per
2547 4206 2964 4276 Alamanniam,
3021 4205 3322 4276 Alsatiam,
3380 4217 3620 4274 regnum

1974 4298 2224 4356 Lotharii
2275 4295 2572 4352 invadunt.
2627 4295 2998 4352 Burchardus
3052 4295 3169 4351 dux
3226 4293 3617 4352 constituitur

1977 4385 2315 4444 Counradus
2346 4399 2449 4440 rex
2472 4383 2638 4440 obiit.

2581 4621 2754 4678 Baba.

2054 4722 2404 4781 Adalbertus
2429 4733 2598 4792 quem
2628 4716 2971 4776 Ludewicus
3003 4713 3333 4772 decollavit.

1193 4921 1371 4976 Ottho
1420 4921 1739 4993 imperator
1771 4923 1993 4994 absque
2026 4918 2180 4975 filiis.

1908 5011 1962 5070 D

2054 5401 2108 5452 7.
2141 5391 2658 5467 (H.S.)Sanguis
2702 5391 2923 5449 Domini
2971 5391 3027 5448 in
3083 5391 3324 5462 Augiam
3381 5388 3632 5450 insulam

1985 5489 2400 5643 vegjthngarii
2447 5573 2631 5627 totam
2684 5567 3002 5640 Franciam,
3054 5567 3294 5626 Galliam
3350 5568 3631 5628 Alsatiam

1985 5669 2164 5736 atque
2191 5659 2586 5723 Alamanniam
2614 5657 2812 5734 gladio
2839 5662 2898 5718 et
2948 5659 3079 5732 igne
3128 5659 3455 5722 devastant.
3492 5661 3636 5726 Bur-
