3894 6400
320 383 435 446 487

1481 374 1965 438 EKKEHARDI
2010 374 2565 438 URAUGIENSIS

3604 378 3729 439 488

319 515 572 574 chardus
639 517 755 572 dux
820 514 1128 570 occiditur.
1210 515 1555 569 llerimanno
1627 511 1963 566 Alamannis
1997 514 2048 572 Α
2151 511 2449 568 26011113
2480 525 2580 566 rex
2614 512 2850 566 Romam
2883 509 3140 579 veniens,
3196 509 3512 581 imperator
3553 511 3729 567 elfici-

319 605 722 662 committitur.

393 698 475 748 11.
509 694 750 761 Ileriger
777 691 1256 762 archiepiscopus
1285 689 1451 745 obiit.
1491 692 1602 745 Pro
1646 703 1759 760 quo
1803 687 1969 744 Hilti-

324 783 545 838 bertus.

395 875 477 926 12.
515 868 820 924 Heinricus
854 882 955 923 rex
987 868 1271 923 Boemiam
1300 867 1468 938 petit.

391 961 476 1013 13.
513 961 581 1012 17
612 955 733 1011 Kal.
769 957 900 1011 Dcc.
931 956 1131 1011 Thieto
1151 954 1969 1026 Wirciburgensisepiscopus

325 1045 512 1110 obiit;
544 1043 700 1100 sedit
731 1057 860 1098 ann.
892 1047 980 1113 24,
1017 1059 1088 1099 m.
1125 1049 1177 1114 2,
1211 1044 1264 1099 d.
1301 1047 1382 1098 14.
1422 1043 1726 1098 Ileinricus
1775 1056 1967 1111 regem

321 1132 737 1188 Abodritarum
768 1137 826 1187 et
855 1132 1354 1187 Nordmannorum
1387 1131 1766 1186 christianum
1809 1129 1965 1185 fecit.

393 1224 479 1277 15.
516 1221 824 1276 Heinricus
842 1220 1127 1290 Ungarios
1161 1221 1217 1274 in
1249 1219 1476 1274 Suirbia
1508 1218 1821 1274 interfecit.

390 1313 476 1364 16.
513 1308 798 1378 Notingus
831 1307 1294 1364 Constantiensis
1321 1307 1632 1378 cpiscopus
1665 1306 1829 1362 obiit.
1857 1303 1968 1362 Pro

321 1412 436 1468 quo
467 1397 829 1453 Counradus.

390 1490 476 1542 17.
508 1484 551 1518 ⁸⁷
583 1485 889 1541 Heinricus
921 1498 1022 1540 rex
1054 1483 1218 1540 obiit.

391 1576 589 1629 Annus
620 1573 846 1629 Domini
882 1577 1002 1629 937.
1039 1571 1178 1629 Otto
1211 1573 1466 1644 Magnus,
1498 1570 1747 1627 Heinrici
1789 1569 1964 1642 filius,

319 1675 451 1718 ann.
486 1661 571 1718 38.
1355 1695 1364 1708 .

392 1754 442 1804 1.
494 1749 732 1818 Ungarii
782 1749 1103 1818 Franciam,
1156 1748 1571 1819 Alamanniam,
1599 1747 1837 1804 Galliam
1879 1763 1969 1805 us-

2082 603 2194 655 tur.
2230 599 2462 668 Signum
2496 599 2551 654 in
2585 599 2727 656 sole.
3409 659 3425 676 I

2149 691 2236 743 27.
2282 688 2461 744 Ottho
2512 688 2829 760 imperator
2873 686 3068 742 natale
3109 687 3332 743 Domini
3382 687 3572 759 Papiae
3615 701 3734 742 mo-

2081 782 2262 832 ratur.

2147 868 2233 920 28.
2268 867 2408 919 Item
2443 863 2620 920 Ottho
2650 864 2842 919 natale
2875 863 3099 920 Domini
3131 865 3322 920 Romae
3374 868 3655 920 moratur.

2151 956 2235 1008 31.
2273 953 2450 1007 011113
2485 953 2801 1024 imperator
2833 952 2904 1007 de
2935 952 3098 1007 Italia
3134 951 3303 1008 redit.

2151 1044 2235 1096 32.
2273 1043 2342 1095 Et
2372 1039 2741 1097 Burchardus
2771 1040 2889 1095 dux
2919 1041 2977 1094 in
3013 1039 3178 1096 Italia
3217 1039 3469 1096 rebelles
3521 1041 3728 1098 Caesari

2080 1127 2237 1183 vicit.
2275 1128 2536 1200 Eclypsis
2569 1127 2711 1184 solis
2745 1128 2892 1183 facta
2925 1133 3033 1183 est.
3069 1131 3126 1184 11
3163 1128 3285 1184 Kal.
3313 1129 3446 1184 Dec.

2151 1221 2236 1272 35.
2271 1217 2504 1286 Signum
2539 1215 2826 1287 quoddam
2861 1215 3011 1286 ignei
3048 1216 3265 1273 coloris
3295 1217 3349 1272 in
3382 1215 3530 1273 coelo
3553 1231 3732 1289 appa-

2082 1305 2217 1361 ruit.

2153 1396 2236 1448 38.
2275 1393 2452 1449 Ottho
2484 1393 2803 1464 imperator
2834 1394 2976 1449 Non.
3013 1395 3117 1450 Mai
3150 1394 3298 1450 obiit
3320 1394 3560 1451 Sanctus
3614 1393 3728 1450 Ou-

2081 1481 2340 1537 dalricus
2373 1481 2514 1536 obiit
2550 1495 2699 1537 anno
2729 1481 3106 1552 episcopatus
3136 1483 3224 1539 sui
3254 1486 3339 1538 50.

2153 1573 2349 1625 Annus
2389 1570 2612 1626 Domini
2664 1575 2785 1626 975.
2840 1569 3018 1626 011113
3067 1569 3379 1641 secundus,
3449 1569 3725 1626 Otthonis

2080 1657 2264 1728 Magni
2300 1656 2475 1728 ﬁlius,
2510 1673 2641 1714 ann.
2677 1663 2729 1714 9.

2151 1749 2201 1800 8.
2235 1745 2412 1802 Ottho
2459 1745 2799 1817 imperator,
2853 1745 3005 1818 apud
3062 1746 3388 1802 Calabriam
3447 1747 3643 1802 occiso
3693 1761 3726 1802 a

321 1851 433 1908 que
467 1837 761 1893 Oceanum
787 1843 847 1892 et
877 1836 1264 1906 Burgundiam
1294 1837 1688 1906 devastantes,
1724 1851 1825 1908 per
1856 1837 1966 1891 Ita-
1998 1841 2048 1899 Β
2080 1835 2280 1890 Grecis
2311 1835 2596 1906 exercitu,
2650 1836 2720 1892 de
2771 1837 2900 1892 navi
2948 1835 3216 1903 exiliens,
3269 1835 3512 1904 aufugit.
3549 1834 3728 1890 Ottbo

321 1925 455 1981 liam
492 1925 814 1981 redierunt.
849 1925 1194 1982 Monasteria
1248 1925 1433 1981 sancti
1480 1924 1624 1981 Galli
1673 1929 1732 1980 et
1778 1925 1964 1981 sancti

321 2011 601 2070 Bonifacii
631 2018 984 2070 cremantur.
1028 2012 1302 2069 Arnolfus
1349 2013 1693 2070 Noricorum
1743 2013 1862 2069 dux
1907 2017 1964 2068 et

317 2099 644 2157 Roudolfus
678 2115 781 2156 rex
813 2101 1105 2157 obierunt.

387 2192 439 2243 2.
467 2187 772 2245 Heinricus
805 2190 986 2245 frater
1019 2190 1269 2259 Ottonis,
1307 2189 1378 2245 ab
1430 2189 1764 2247 Eberhardo
1812 2204 1967 2245 com-

318 2276 646 2347 prehensus
678 2282 786 2333 est.

390 2368 440 2420 3.
477 2364 829 2422 Gisilbertus
859 2369 917 2421 et
952 2365 1302 2422 Adalbertus
1333 2366 1514 2422 occisi
1547 2370 1706 2434 sunt,
1733 2370 1792 2420 et
1815 2366 1968 2436 cpis-

317 2453 449 2523 copi
483 2453 538 2508 in
570 2453 760 2522 fugam
792 2459 924 2510 sunt
957 2453 1123 2524 lapsi.

390 2543 440 2597 4.
475 2545 507 2596 8
541 2541 661 2596 Kal.
697 2544 832 2614 Apr.
863 2542 1058 2611 junior
1108 2542 1483 2598 Burchardus
1533 2542 1969 2611 Wirciburgen-

319 2628 401 2684 sis
441 2629 755 2700 episcopus
805 2631 991 2698 obiit;
1048 2630 1199 2686 sedit
1249 2646 1380 2686 ann.
1432 2635 1483 2699 9,
1538 2645 1612 2684 111.
1667 2635 1718 2700 3,
1769 2629 1822 2684 d.
1877 2633 1964 2684 23.

317 2717 551 2788 Hiemps
582 2717 772 2772 valida
804 2723 861 2774 et
893 2717 1220 2774 mortalitas
1253 2718 1583 2774 animalium
1619 2719 1787 2774 facta.

386 2809 436 2859 5.
473 2805 651 2861 011113
682 2805 895 2862 Gallias
926 2807 1094 2876 petit.

384 2894 436 2946 6.
474 2891 653 2948 Ottho
685 2907 789 2948 rex
823 2898 882 2948 et
914 2894 1258 2950 Ludewicus
1287 2893 1688 2964 paciﬁcautnr.

385 2983 436 3034 8.
471 2980 706 3048 Ungarii
731 2995 861 3037 cum
888 2981 1170 3050 Bajoariis
1193 2987 1453 3052 pugnant
1477 2987 1533 3036 et
1558 2982 1871 3037 vincuntur
1901 2979 1964 3037 ⁸⁸.

394 3071 479 3123 10.
518 3067 697 3124 011113
727 3083 829 3124 rex
861 3069 1104 3125 Galliam
1135 3070 1482 3138 ingreditur.

389 3156 860 3250 11.-Bcrhtolfus
905 3158 1301 3250 Bajoariorum
1359 3157 1473 3213 dux
1533 3157 1798 3213 moritur.
1865 3156 1965 3213 Cui
1998 3187 2046 3250 Ο

318 3244 644 3314 Heinricus,
679 3245 863 3301 frater
896 3246 1169 3302 Otthonis
1202 3247 1508 3303 successit.

386 3335 472 3387 13.
525 3333 913 3390 Herimannus
957 3334 1076 3392 dux
1125 3335 1573 3390 Alamannorum
1624 3333 1791 3390 obiit.
1853 3335 1965 3389 Pro

313 3434 425 3491 quo
454 3420 774 3492 Luidoll‘us,
811 3422 966 3479 ﬁlius
1000 3423 1272 3479 Otthonis
1304 3424 1482 3492 regis.

385 3511 470 3564 14.
499 3508 680 3565 Ottho
713 3524 816 3566 rex
848 3511 1069 3566 Italiam
1104 3512 1251 3582 petit
1277 3525 1520 3582 eamque
1541 3509 1654 3566 sibi
1681 3510 1963 3580 subjecit;

314 3595 705 3666 Berengerum
739 3611 931 3667 regem
964 3599 1212 3670 expulit.

384 3689 468 3740 15.
505 3685 785 3755 Beringer
813 3686 964 3758 apud
987 3689 1305 3757 Augustam
1323 3685 1377 3740 in
1399 3689 1690 3742 conventu
1711 3685 1952 3741 Otthoni

312 3771 383 3829 ad
417 3771 773 3830 deditionem
797 3773 842 3807 ⁵⁸
869 3775 1047 3831 venit.
1099 3774 1238 3829 Inde
1285 3790 1415 3831 cum
1469 3774 1666 3844 regina
1715 3775 1963 3844 conjuge

313 3859 436 3929 ejus
465 3860 636 3917 Willa
669 3863 900 3919 nomine
928 3864 999 3920 ad
1025 3863 1332 3921 castellum
1358 3863 1964 3920 Babenberchdeduc-

309 3951 424 4019 tus,
459 3955 807 4020 praesentem
840 3951 1016 4007 vitam
1047 3952 1282 4009 clausit.
1311 3952 1410 4022 (Η.
1444 3954 1539 4023 λς’.)
1566 3953 1788 4022 lgnitus
1810 3951 1962 4022 lapis

309 4037 474 4107 quasi
504 4053 690 4096 massa
719 4040 1025 4098 candentis
1059 4041 1194 4097 ferri
1234 4042 1303 4097 ab
1352 4041 1658 4098 occidente
1712 4040 1962 4098 volitans

307 4126 467 4181 venit
496 4144 510 4193 ;
541 4132 602 4182 et
630 4128 807 4185 draco
839 4130 998 4186 visus
1029 4135 1140 4186 est.

380 4219 466 4270 16.
500 4215 680 4273 Ottho
713 4231 816 4273 rex
847 4233 957 4275 una
999 4234 1129 4275 cum
1186 4217 1304 4274 filio
1352 4218 1576 4275 Italiam
1627 4218 1829 4288 intrat,
1897 4230 1961 4272 ac

309 4303 526 4374 nuptiae
558 4305 784 4375 regales
815 4307 1008 4379 Papiae
1045 4309 1211 4364 factae
1243 4313 1400 4363 sunt.

378 4394 463 4448 17.
500 4393 784 4451 Luitolfus
816 4396 934 4453 dux
965 4397 1206 4453 Otthoni
1234 4395 1355 4465 regi
1382 4395 1533 4467 patri
1560 4409 1664 4452 suo
1690 4392 1958 4449 rebellat.

309 4477 668 4539 Adalbertus
695 4497 889 4542 comes
916 4485 1228 4542 occiditur.

382 4572 469 4624 18.
506 4571 741 4641 Ungarii
783 4573 1072 4645 Noricam,
1133 4571 1432 4628 Franciam
1473 4569 1817 4641 Italiamque
1868 4581 1966 4641 pe-
1993 4542 2047 4602 D

310 4659 466 4713 tunt.

379 4750 466 4802 19.
504 4747 743 4818 Ungarii
772 4754 957 4808 totam
980 4748 1310 4821 Bajoariam
1335 4744 1782 4822 depopulantes,
1798 4745 1968 4817 juxta

309 4834 630 4905 Augustam
666 4837 1021 4896 Alamanniw
1055 4840 1257 4897 urbem
1290 4839 1362 4895 ab
1395 4837 1648 4894 Otthone
1683 4849 1818 4909 rege
1870 4850 1969 4907 pu-

310 4934 422 4991 gna
453 4924 616 4997 victi,
653 4926 913 4986 inmensa
946 4926 1106 4985 caede
1135 4930 1440 4984 necantur.

387 5015 477 5072 20.
515 5015 806 5073 Luitolfus
841 5015 963 5072 dux
992 5014 1290 5072 hostiliter
1322 5014 1546 5070 Italiam
1579 5014 1810 5071 invasit.

383 5111 472 5165 21.
506 5105 794 5162 Luitolfus
828 5104 1208 5161 Adalbertum
1242 5104 1396 5160 bello
1428 5104 1590 5175 vicit,
1625 5107 1682 5160 et
1718 5104 1845 5176 ipso
1878 5117 1974 5159 eo-

312 5193 439 5252 dem
483 5209 632 5252 anno
664 5193 931 5250 moritur.

389 5287 476 5338 23.
517 5283 737 5338 Cruces
771 5281 826 5338 in
858 5281 1126 5338 vestibus
1158 5283 1580 5352 apparuerunt.

391 5369 481 5426 24.
522 5374 587 5426 15
615 5370 739 5426 Kal.
773 5371 908 5425 Mar.
956 5369 1156 5425 Pobbo
1206 5367 1695 5437 Wirciburgensis
1743 5366 1976 5438 episco-

329 5472 442 5528 pus
469 5457 656 5526 obiit;
685 5457 840 5515 sedit
871 5471 1005 5515 ann.
1035 5461 1123 5528 20,
1157 5471 1230 5514 111.
1266 5461 1350 5528 10,
1385 5456 1440 5512 (1.
1472 5459 1556 5511 14.

2079 1923 2197 1979 dux
2228 1923 2394 1979 obiit.

2149 2016 2199 2067 9.
2250 2015 2310 2068 11
2365 2010 2486 2067 Kal.
2541 2014 2683 2081 Aug.
2737 2012 2933 2083 junior
2977 2012 3178 2069 Pobbo
3228 2012 3721 2082 Wirciburgensis

2077 2099 2389 2171 episcopus
2421 2099 2601 2165 obiit;
2637 2100 2794 2156 sedit
2827 2115 2957 2157 ann.
2989 2105 3078 2171 22,
3114 2117 3185 2156 m.
3240 2103 3290 2171 4,
3343 2101 3399 2158 d.
3449 2105 3535 2156 21.
3585 2101 3722 2156 Otto

2079 2192 2401 2263 imperator
2430 2193 2625 2248 Romae
2669 2196 2702 2247 6
2753 2192 2889 2248 Idus
2933 2194 3065 2248 Dec.
3120 2192 3366 2249 moritur
3411 2198 3471 2247 et
3518 2191 3723 2263 sepeli-

2079 2284 2194 2337 tur.

2152 2371 2351 2425 Annus
2377 2371 2599 2425 Domini
2630 2373 2752 2426 984.
2782 2371 2919 2425 Otto
2944 2368 3719 2440 tcrcius,0tthonissccundi

2080 2456 2251 2523 filius,
2286 2457 2593 2513 admodum
2627 2472 2792 2528 puer,
2825 2473 2954 2514 ann.
2997 2461 3075 2513 18.

2153 2549 2201 2597 5.
2242 2546 2441 2601 Fames
2472 2560 2694 2614 magna.

2150 2633 2200 2685 6.
2237 2632 2269 2684 4
2305 2632 2426 2686 Kal.
2482 2634 2638 2702 Sept.
2701 2635 2822 2689 11113
2872 2633 3370 2702 Wirciburgensis
3412 2633 3723 2704 episcopus

2079 2717 2248 2783 obiit;
2281 2720 2431 2774 sedit
2466 2735 2635 2775 annn.
2663 2724 2715 2789 6,
2753 2735 2824 2776 m.
2855 2726 2908 2791 7,
2943 2720 2998 2775 (1.
3033 2725 3119 2776 28.

2153 2811 2238 2862 11.
2277 2807 2526 2864 Sanctus
2557 2808 2929 2878 Adalbertus,
2965 2809 3278 2879 episcopus
3301 2807 3370 2864 de
3392 2808 3723 2878 Pragacivi-

2080 2900 2224 2964 tate,
2260 2911 2286 2950 3
2322 2897 2530 2951 Prucis
2563 2897 2840 2966 martyrio
2869 2903 3205 2953 coronatur.
3234 2901 3301 2953 12
3322 2895 3442 2952 Kal.
3469 2897 3593 2952 Oct.
3624 2897 3726 2951 Be-

2079 2983 2428 3039 renwardus
2460 2984 2956 3054 Wirciburgensis
2982 2985 3298 3056 episcopus
3345 2985 3522 3050 obiit;
3571 2984 3721 3040 sedit

2077 3085 2207 3127 ann.
2247 3077 2297 3136 5,
2331 3087 2401 3127 111.
2438 3077 2490 3142 8,
2527 3072 2703 3128 (1.19.

2152 3162 2236 3215 14.
2274 3161 2374 3229 (H.
2409 3162 2503 3232 ις’.)
2537 3162 2877 3218 Counradus
2909 3160 3023 3218 dux
3053 3162 3216 3217 obiit.

2151 3251 2232 3303 18.
2270 3247 2449 3304 Ottho
2480 3248 2801 3318 imperator
2828 3249 2882 3304 in
2915 3248 3079 3304 Italia
3111 3249 3276 3305 obiit.
3312 3253 3342 3303 5
3375 3247 3493 3304 Kal.
3531 3249 3718 3314 Febr.,

2075 3332 2242 3402 cujus
2276 3333 2553 3390 intestina
2587 3337 2885 3406 Augustae,
2920 3334 3207 3405 reliquum
3256 3349 3471 3406 corpus
3519 3335 3724 3404 Aquis-

2073 3422 2239 3492 grani
2273 3422 2584 3493 sepelitur.

2146 3511 2454 3567 Heinricus
2485 3511 2601 3568 dux
2636 3511 2920 3582 Bajoarize
2957 3527 3062 3568 rex
3091 3511 3334 3570 eﬂ‘ectus
3367 3525 3494 3568 ann.
3528 3514 3616 3580 23,
3652 3524 3726 3566 m.

2072 3603 2106 3655 2
2133 3597 2195 3652 σο.

2141 3692 2190 3743 2.
2229 3689 2539 3746 Heinricus
2577 3704 2679 3745 rex
2718 3691 3052 3748 Heinricum
3079 3690 3465 3748 marcbionem
3488 3694 3545 3746 et
3584 3688 3732 3746 alios

2071 3776 2182 3832 sibi
2215 3777 2559 3834 resistentes
2585 3793 2715 3834 cum
2747 3779 3016 3834 exercitu
3053 3779 3220 3850 petit.

2144 3867 2194 3918 3.
2241 3863 2546 3922 Heinricus
2577 3880 2681 3920 rex
2705 3865 2951 3936 Italiam,
2988 3867 3277 3922 Boemiam
3329 3869 3384 3922 et
3438 3863 3730 3920 Bolizaum

2073 3951 2284 4009 ducem
2319 3968 2449 4009 cum
2484 3954 2636 4008 omni
2668 3959 2842 4022 gente
2874 3953 3212 4011 Sclavorum
3247 3953 3598 4024 subjugavit.

2149 4045 2198 4097 4.
2235 4043 2433 4112 Magna
2465 4043 2645 4097 fames
2681 4043 2831 4098 facta
2866 4047 2980 4098 est.

2147 4135 2196 4185 6.
2236 4130 2609 4201 Episcopium
2645 4131 2986 4200 Babenberg
3006 4145 3035 4187 a
3062 4143 3199 4200 rege
3217 4129 3489 4186 Heinrico
3520 4133 3732 4184 constt-

2074 4219 2281 4288 tuitur,
2318 4223 2375 4273 et
2408 4217 2785 4274 Eberhardus
2818 4219 2894 4274 ibi
2926 4220 3239 4290 episcopus
3269 4217 3593 4274 ordinatur.

2146 4311 2197 4362 8.
2234 4308 2386 4362 Brun
2416 4306 2731 4377 episcopus
2761 4311 2820 4361 et
2855 4307 3171 4364 monachus
3204 4321 3234 4362 a
3275 4306 3478 4363 Prucis
3527 4305 3728 4362 multis

2076 4395 2383 4468 suppliciis
2417 4395 2684 4462 amictus,
2713 4400 2771 4451 et
2797 4397 3063 4452 manibus
3082 4395 3444 4467 pedibusque
3459 4395 3727 4465 abscisis,

2078 4488 2377 4556 postremo
2404 4484 2597 4556 capite
2630 4483 2863 4556 pluxus,
2897 4484 3073 4540 caelos
3110 4484 3301 4555 petiit.

2152 4576 2233 4626 13.
2271 4572 2379 4643 (Η.
2416 4573 2509 4643 S.)
2541 4573 2844 4628 Heinricus
2885 4573 3078 4628 Romae
3134 4569 3417 4644 imperiali
3464 4568 3732 4626 benedic-

2077 4660 2234 4717 tione
2265 4664 2583 4716 coronatur
2611 4676 2639 4716 a
2675 4661 2992 4717 Benedicto
3027 4675 3196 4732 papa.

2149 4750 2234 4804 14.
2272 4745 2485 4803 Ernest
2514 4746 2633 4803 dux
2664 4747 2722 4802 in
2757 4749 2971 4803 venatu
3006 4746 3317 4804 occiditur.

2155 4837 2239 4892 16.
2277 4837 2343 4890 18
2375 4834 2496 4891 Kal.
2538 4835 2672 4892 Dec.
2726 4835 3034 4892 Heinricus
3078 4833 3568 4906 Wirciburgensis
3613 4832 3734 4905 epi-

2081 4937 2302 4997 scopus
2331 4923 2472 4982 obiit
2503 4943 2517 4994 ;
2551 4923 2704 4983 sedit
2734 4940 2864 4982 ann.
2900 4929 2989 4997 23,
3031 4941 3104 4981 m.
3137 4929 3186 4996 5,
3224 4924 3278 4981 (1.
3314 4927 3400 4981 22.

2151 5013 2571 5085 Megingaudus
2615 5016 2994 5071 Treverorum
3044 5015 3361 5086 episcopus
3407 5011 3570 5070 obiit.
3620 5012 3733 5068 Pro

2082 5117 2196 5174 quo
2227 5103 2448 5174 Poppo.

2155 5195 2221 5246 17
2255 5191 2604 5261 Lantpertus
2634 5191 2950 5264 episcopus
2979 5190 3149 5247 obiit-

2120 5278 2566 5336 19.Benedictus
2590 5280 3104 5352 papa,Babenberg
3125 5275 3733 5348 veniens,aecclesiam

2085 5367 2271 5421 sancti
2289 5365 2563 5438 Stephani
2587 5367 2898 5424 dedicavit.
2922 5367 3131 5423 Eodem
3147 5381 3297 5422 anno
3322 5365 3735 5422 Werenbarius

2085 5454 2871 5528 Argentineepiscopuscum
2887 5455 3443 5514 Alamanniscontra
3479 5453 3735 5523 Burgun-

1673 5566 1910 5625 VARUE
1967 5567 2262 5627 LECTION
2266 5569 2375 5628 ES.

420 5670 464 5707 "’
496 5669 687 5732 XVIII.
711 5679 950 5730 emam
974 5682 1024 5730 ο.
1070 5667 1117 5706 ⁸⁸
1160 5669 1435 5729 vicuntur
1488 5678 1538 5724 ο.
1585 5663 1630 5702 ⁸⁸
1677 5665 1900 5726 deditio
1939 5680 1986 5727 ο.

2063 5667 2112 5705 ⁸ο
2137 5669 2204 5728 m
2232 5669 2356 5730 loco
2374 5679 2515 5729 raso
2535 5680 2583 5727 ο.
