3894 6438
133 416 251 478 489

930 413 1367 479 CHRONICA.
1405 454 1483 465 —
1514 416 1990 481 CHRONICON
2033 417 2753 483 W'IRZIBUBGENSE.

3435 422 3555 480 490

205 555 296 606 20.
333 550 436 622 (Η.
472 551 542 608 ις’.
576 551 970 607 Terra-“emotus
1000 566 1244 624 magnus
1270 553 1461 609 factus
1482 557 1571 609 est
1595 552 1784 609 “dus
1813 555 1871 615 A
1974 554 2055 606 14.
2081 550 2372 621 Cunigunt
2403 551 2599 620 regina
2631 548 2797 605 obiit.
2835 548 3217 606 llcrimannus
3240 551 3359 606 dux
3379 552 3549 607 obiit.

142 640 267 695 Maii
298 637 443 695 feria
475 643 527 694 6.
553 639 898 695 Heribertus
922 640 1281 697 Coloniensis
1306 642 1785 713 archiepiscopus

139 727 302 784 obiit.
336 726 453 783 Pro
484 741 598 798 quo
631 726 966 797 Piligrinus.

208 819 296 871 21.
332 816 643 873 Heinricus
663 815 982 887 imperator
1003 818 1220 874 Novam
1241 818 1467 889 Trojam
1491 817 1787 875 deditione

141 904 317 976 cepit,
351 906 410 959 et
444 903 775 959 mortalitas
804 903 851 937 ⁸³
878 918 1080 975 magna
1114 906 1170 961 in
1202 906 1473 963 exercitu
1497 906 1648 962 facta
1672 911 1784 962 est.

204 995 292 1048 22.
329 991 709 1049 Gebehardus
755 991 1214 1064 Radisponensis
1263 995 1573 1067 episcopus
1619 995 1785 1052 obiit.

141 1082 253 1138 Pro
284 1094 402 1153 quo
433 1081 645 1137 iterum
673 1079 718 1114 ⁶²
750 1080 1144 1139 Gebehardus.

207 1172 294 1225 23.
332 1169 642 1225 Heinricus
674 1170 993 1241 imperator
1023 1170 1219 1227 aldus
1263 1170 1374 1227 Jul.
1430 1171 1576 1226 obiit
1623 1176 1683 1226 et
1734 1172 1790 1227 in

140 1256 485 1327 Babenberg
498 1257 801 1329 episcopio
824 1271 855 1314 a
877 1272 938 1313 se
961 1257 1117 1314 facto
1139 1258 1191 1312 in
1220 1259 1581 1315 monasterio
1606 1260 1790 1316 sancti

143 1345 301 1402 Petri
335 1345 595 1417 apostoli
630 1346 935 1417 sepelitur.

214 1434 562 1491 Counradus
593 1448 723 1490 ann.
761 1435 882 1490 fere
915 1439 980 1491 13
1012 1436 1294 1506 regnavit.

213 1528 263 1578 1.
300 1523 505 1593 Magna
535 1522 822 1580 dissensio
855 1522 911 1578 in
946 1538 1124 1593 regno
1172 1529 1375 1581 contra
1426 1525 1793 1582 Counradum

145 1625 341 1683 regem
373 1610 649 1668 efﬁcitur.

211 1705 265 1757 2.
301 1700 650 1757 Counradus
682 1716 782 1757 rex
814 1700 994 1758 ﬁlium
1035 1716 1201 1758 suum
1234 1702 1568 1758 Heinricum
1599 1715 1793 1772 regem

147 1789 305 1861 fecit,
339 1794 406 1846 et
435 1789 559 1861 ipse
590 1789 825 1846 Romam
855 1804 1107 1861 pergens
1157 1791 1475 1861 imperator
1523 1789 1791 1846 eﬂicitur.

1902 639 2225 711 Stephanus
2255 640 2612 696 christianus
2663 640 3046 709 Ungariorum
3100 655 3203 695 rex
3250 641 3417 712 obiit,
3455 643 3551 712 qui

1899 742 2030 784 cum
2062 728 2215 783 omni
2256 732 2431 796 gente
2462 743 2565 783 sua
2595 727 2667 783 ad
2699 727 2865 782 ﬁdem
2908 728 3127 782 Christi
3156 730 3549 786 convertitur.

1973 819 2057 871 15.
2101 816 2441 872 Counradus
2492 817 2811 886 imperator
2859 821 2891 872 2
2942 817 3082 871 Non.
3128 818 3259 871 Jun.
3314 817 3462 873 obiit
3493 824 3549 874 et

1901 904 2065 975 Spire
2098 903 2401 975 sepelitur.
2437 903 2698 974 Eclypsis
2719 902 2863 957 solis
2898 907 2956 956 11
2991 904 3113 958 Kal.
3150 904 3306 974 Sept.
3344 904 3552 973 Regin-

1903 990 2110 1047 baldus
2141 991 2430 1062 Spirensis
2462 991 2776 1061 episcopus
2810 991 2953 1044 obiit
2986 995 3016 1044 3
3065 990 3199 1045 ldus
3234 992 3438 1045 Octob.

1974 1080 2282 1137 Heinricus
2330 1095 2433 1135 rex
2474 1080 2625 1150 pius,
2661 1078 2817 1134 ﬁlius
2869 1078 3177 1149 Counradi,
3216 1079 3417 1149 incipit
3464 1094 3551 1135 re-

1901 1184 2102 1239 gnare.

1974 1261 2025 1311 2.
2054 1257 2357 1313 Heinricus
2388 1271 2489 1312 rex
2523 1258 2727 1313 ducem
2754 1256 3001 1312 Boemize
3025 1256 3367 1313 Fratislaum
3396 1258 3550 1314 bello

1905 1346 2054 1417 petit
2072 1363 2086 1412 ;
2103 1345 2201 1402 sed
2217 1345 2417 1401 multis
2438 1346 2783 1417 proceribus
2804 1348 2861 1399 et
2886 1345 3172 1401 militibus
3199 1346 3252 1399 in
3278 1351 3553 1417 praestru-

1907 1434 2101 1489 ctione
2136 1433 2300 1492 silvae
2331 1434 2477 1490 citra
2506 1440 2563 1489 et
2601 1433 2752 1489 ultra
2781 1433 2994 1489 occisis
3015 1433 3106 1489 vel
3131 1436 3343 1506 captis,
3366 1435 3447 1489 nil
3470 1435 3554 1489 di-

1906 1537 2081 1593 gnum
2122 1521 2349 1578 efﬁcere
2382 1523 2595 1594 potuit.
2630 1524 2844 1577 Petrus
2891 1536 3120 1592 quoque
3170 1523 3551 1593 Ungariorum

1907 1625 2012 1668 rex
2042 1611 2229 1667 eidem
2263 1610 2395 1667 duci
2435 1609 2479 1643 ⁸⁷
2511 1616 2717 1667 contra
2746 1611 3077 1667 Heinricum
3109 1625 3305 1681 regem
3337 1612 3551 1670 auxilia

1908 1699 2082 1756 misit.

1981 1791 2031 1842 3.
2050 1787 2286 1856 Ungarii
2314 1787 2596 1857 quendam
2613 1787 2868 1842 Ovonem
2893 1801 3086 1856 regem
3110 1787 3222 1843 sibi
3245 1788 3549 1861 eligentes,

217 1882 267 1932 3.
303 1879 464 1934 Brun
512 1878 899 1948 Augustensis
945 1879 1256 1949 episcopus
1302 1883 1359 1934 et
1411 1878 1562 1933 Welf
1601 1893 1796 1935 comes
1825 1902 1882 1963 Β
1914 1875 2149 1931 Petrum
2186 1888 2381 1944 regem
2414 1891 2582 1931 suum
2625 1874 3006 1946 expellentes.
3040 1875 3146 1942 Qui
3181 1878 3463 1947 profugus
3495 1884 3552 1934 et

148 1965 376 2038 praadas
404 1969 468 2021 et
498 1965 763 2021 incendia
796 1966 950 2021 inter
982 1980 1041 2022 se
1076 1966 1313 2023 faciunt.

219 2074 270 2126 4.
300 2071 515 2127 Ernost
543 2070 661 2128 dux
687 2074 748 2126 et
777 2070 1152 2127 Welfcomes
1196 2072 1502 2129 Counrado
1554 2072 1801 2144 impera-

150 2159 262 2215 tori
297 2160 370 2215 ad
403 2159 760 2216 deditionem
792 2160 1049 2216 veniunt.

221 2271 270 2322 δ.
307 2268 505 2323 Bruno
551 2266 944 2336 Augustensis
989 2267 1303 2339 episc0pus
1343 2268 1510 2326 obiit.
1545 2268 1658 2324 Pro
1686 2282 1801 2339 quo

152 2354 591 2411 Heberbardus.

227 2464 278 2518 6.
305 2460 651 2520 Counradus
675 2460 994 2533 imperator
1009 2461 1362 2535 Stephanum
1385 2464 1696 2521 Pannoniae
1716 2478 1801 2520 re-

153 2568 280 2624 gem
310 2564 448 2609 cum
478 2550 747 2607 exercitu
782 2549 949 2622 petit.
982 2551 1212 2608 Interea
1245 2551 1300 2608 in
1337 2551 1671 2608 Alamannia
1703 2553 1802 2608 Er-

157 2644 285 2698 nost
314 2639 438 2697 dux
466 2642 523 2695 et
561 2637 957 2696 Werinharius
1004 2654 1197 2696 comes
1240 2653 1371 2696 cum
1419 2637 1552 2695 aliis
1600 2638 1801 2696 multis

158 2727 510 2786 occiduntur
528 2724 573 2759 "
604 2729 671 2783 16
700 2725 821 2783 Kal.
858 2727 1018 2798 Sept.

221 2841 274 2892 7.
308 2833 643 2906 Stephanus
674 2848 775 2890 rex
807 2832 1001 2890 missis
1031 2832 1243 2904 legatis
1282 2849 1414 2891 cum
1447 2833 1801 2906 imperatore

158 2922 464 2981 Counrado
514 2922 875 2995 paciﬁcatur.

222 3035 273 3088 8.
305 3028 634 3088 Roudoll‘us
685 3045 788 3086 rex
836 3031 1185 3101 Burgundiae
1234 3030 1490 3087 moriens
1537 3030 1800 3087 diadema

155 3134 318 3177 suum
351 3119 663 3177 Counrado
691 3119 1031 3191 imperatori
1064 3119 1238 3177 misit.

1912 1963 2049 2019 exul
2082 1963 2340 2019 Heinrici
2375 1964 2551 2032 regis,
2584 1964 2677 2018 cui
2712 1964 2893 2035 priori
2944 1979 3091 2019 anno
3141 1965 3551 2038 rebellaverat,

1910 2052 2159 2123 gratiam
2193 2052 2386 2122 querit
2417 2057 2474 2106 et
2519 2051 2757 2108 invenit.
2793 2052 3101 2109 Heinricus
3132 2068 3234 2109 rex
3264 2054 3552 2111 Boemiam

1913 2140 2236 2210 ingressus,
2264 2140 2393 2209 igne
2419 2139 2731 2211 praedaque
2749 2145 2959 2196 cuncta
2982 2141 3270 2214 devastat,
3286 2148 3343 2197 et
3369 2143 3556 2199 rebel-

1912 2229 2023 2285 lem
2056 2230 2261 2285 ducem
2292 2230 2527 2286 obsides
2555 2230 2694 2285 dare
2725 2234 2782 2285 et
2813 2229 2998 2300 ipsum
3032 2235 3162 2301 post
3195 2246 3256 2287 se
3278 2231 3558 2303 Radispo-

1911 2331 2040 2374 nam
2074 2317 2144 2373 ad
2173 2315 2528 2373 deditionem
2552 2317 2848 2375 humiliter
2871 2319 3067 2374 venire
3093 2319 3558 2392 sibiquejureju-

1913 2406 2095 2462 rando
2129 2405 2469 2462 ﬁdelitatem
2494 2407 2915 2477 servitiumque
2936 2408 3281 2464 conﬁrmare
3304 2415 3550 2467 coartat.

1914 2496 2034 2551 Ovo
2053 2509 2156 2550 rex
2172 2494 2577 2564 Ungariorum,
2601 2496 2675 2550 ob
2698 2501 3035 2566 susceptum
3065 2511 3095 2551 a
3124 2497 3394 2555 Heinrieo
3420 2514 3555 2569 rege

1912 2584 2147 2640 Petrum
2178 2598 2208 2639 a
2241 2598 2304 2640 se
2335 2583 2661 2655 expulsum,
2689 2584 2831 2640 ﬁnes
2864 2585 3142 2654 Bajoariae
3167 2586 3556 2656 prmdisctin-

1913 2670 2138 2727 cendiis
2162 2671 2701 2744 depopulatur;sed
2725 2687 2927 2741 magna
2952 2687 3088 2744 pars
3107 2675 3406 2732 exercitus
3427 2677 3555 2747 ejus

1914 2758 1988 2815 ab
2018 2758 2383 2814 Adelberone
2426 2760 2758 2816 marchione
2790 2759 2980 2816 deleta
3013 2767 3123 2817 est.

1985 2849 2043 2902 4.
2080 2847 2383 2903 Heinricus
2417 2863 2518 2903 rex
2549 2849 2900 2905 Pannoniam
2949 2851 3248 2920 ingressus
3279 2851 3425 2909 duas
3456 2868 3541 2924 po-

1913 2935 2316 3009 pulosissimas
2334 2937 2608 2993 civitates
2631 2938 2864 3008 evertit,
2886 2938 3082 3010 plures
3105 2940 3400 2997 deditione
3420 2942 3555 2999 sub-

1908 3025 2070 3096 iecit.
2089 3026 2197 3082 Sed
2216 3041 2347 3083 cum
2367 3027 2604 3081 Petrum
2624 3041 2840 3096 regem,
2859 3041 3027 3098 quem
3043 3043 3260 3098 secum,
3274 3028 3550 3102 ducebat,

1912 3115 2304 3185 provinciales
2345 3114 2610 3186 recipere
2650 3114 2892 3182 nollent,
2927 3115 3103 3173 alium
3134 3131 3244 3187 que
3278 3119 3556 3188 petebant

220 3231 272 3283 9.
308 3231 369 3283 11
406 3225 534 3283 Kal.
560 3228 697 3298 Apr.
723 3224 1134 3296 Meginhardus
1163 3226 1656 3297 Wirciburgensis
1683 3225 1795 3297 epi-

1969 3218 2118 3260 lcem
2141 3204 2227 3259 eis
2248 3204 2588 3270 constituit;
2607 3219 2775 3274 quem
2791 3204 2913 3260 Obo
2928 3211 3062 3276 post
3083 3206 3407 3263 discessum
3431 3208 3557 3278 ejus

2004 3293 2290 3318 Dan-Min.“
2328 3292 2538 3318 ..τηις-ΛΗ
2592 3293 2779 3318 Πζηλιη
2808 3292 3149 3318 :.~....\..nl..:-.
3193 3300 3376 3318 ηραν..-
3399 3296 3535 3318 11ης..

155 3330 363 3387 scapus
392 3315 539 3372 obiit
567 3333 581 3381 ;
611 3292 764 3371 sedit
796 3292 926 3371 ann.
964 3320 1048 3386 15,
1081 3330 1154 3371 m.
1187 3318 1241 3387 2,
1268 3314 1323 3370 d.
1348 3319 1434 3371 21.
1460 3292 1801 3371 ﬁounrad-us
1833 3292 1882 3318 υ
1914 3292 1971 3387 i‘}
2002 3292 2563 3387 βοθηῖίδίηίνΕΡΡῙί-ίς
2592 3292 3539 3387 Gise_1‘_‘_impera”_ix3mata""ei"

152 3403 335 3460 hieme
365 3402 760 3474 Burgundiam
795 3403 961 3475 petit.
1002 3402 1262 3474 Eclypsis
1294 3402 1436 3460 solis
1467 3405 1616 3460 facta
1646 3408 1739 3459 est
1769 3407 1800 3457 3

152 3491 267 3551 Kal.
301 3492 415 3550 Jul.
450 3492 593 3550 hora
621 3494 672 3548 6.

219 3604 303 3656 10.
337 3598 687 3657 Counradus
717 3598 1064 3656 orientalem
1115 3598 1414 3657 Franciam
1455 3604 1657 3656 contra
1690 3599 1801 3658 Ou-

151 3687 384 3746 thonem
432 3687 604 3760 petit.
660 3687 1005 3746 Counradus
1054 3688 1267 3746 iterum
1313 3686 1357 3721 “
1407 3687 1797 3759 Burgundiam

151 3780 359 3835 vastat.

217 3887 301 3940 11.
335 3881 660 3940 Wirbinam
689 3882 998 3941 castellum
1029 3882 1086 3939 in
1130 3882 1378 3941 conﬁnio
1407 3884 1669 3942 Saxoniae
1703 3899 1798 3956 pa'

152 3972 279 4041 gani
300 3972 400 4043 qui
424 3971 664 4029 Luittiei
687 3972 982 4044 dicuntur,
1001 3971 1202 4029 multis
1224 3973 1561 4030 christianis
1584 3974 1798 4031 occisis

151 4063 207 4114 et
235 4059 443 4133 captis,
477 4058 786 4129 obtinent;
816 4075 965 4132 quos
997 4060 1338 4118 Counradus
1368 4076 1499 4118 cum
1528 4062 1795 4120 exercitu

152 4148 311 4220 petit.

216 4258 298 4313 12.
328 4256 495 4313 Italia
516 4254 673 4314 civili
698 4255 989 4313 discordia
1019 4256 1265 4314 laborat.
1287 4257 1665 4315 Gebehardus
1689 4260 1797 4316 Ra-

148 4343 386 4417 dispona
417 4346 731 4418 episcopus
777 4346 945 4402 obiit.
979 4347 1091 4402 Pro
1135 4360 1249 4416 quo
1299 4347 1513 4403 iterum
1541 4347 1588 4379 “
1615 4349 1796 4406 Gebe-

148 4429 376 4491 hardus.
410 4435 639 4506 Nuptiae
682 4435 937 4491 Heinrici
990 4435 1162 4505 regis.
1199 4436 1412 4505 Pagani
1464 4436 1793 4508 supradicti

150 4520 448 4580 Counrado
479 4523 820 4595 imperatori
842 4523 1143 4580 tributarii
1163 4522 1208 4557 ⁰⁸
1233 4524 1367 4581 facti
1389 4528 1545 4595 sunt,
1564 4524 1793 4595 Piligri-

1912 3381 2019 3437 rici
2048 3382 2222 3452 regis,
2258 3386 2323 3438 16
2350 3382 2473 3438 Kal.
2510 3384 2644 3438 Mar.
2681 3382 2828 3438 obiit
2865 3386 2923 3437 et
2957 3383 3110 3454 apud
3142 3383 3363 3456 Spiram
3394 3399 3555 3456 sepe-

1912 3469 2072 3528 litur.

1982 3564 2035 3616 δ.
2070 3560 2375 3618 Heinrieus
2407 3576 2511 3617 rex
2540 3561 2752 3617 iterum
2784 3560 3107 3617 Pannonias
3141 3561 3440 3629 invadens,
3466 3575 3556 3619 sa—

1909 3647 2329 3721 tisfactionem,
2365 3650 2621 3721 obsides,
2657 3664 2915 3721 munera,
2944 3649 3103 3721 pacis
3134 3665 3239 3721 per
3263 3650 3557 3722 jusjuran-

1912 3737 2050 3795 dum
2078 3739 2580 3796 conﬁrmationcm
2627 3739 2939 3811 accipiens,
2972 3739 3264 3796 discessit.
3300 3740 3437 3795 Inde
3471 3755 3558 3796 re-

1913 3841 2144 3898 versus,
2166 3828 2599 3884 Constantiensi
2627 3828 2848 3898 synodo
2869 3827 3031 3883 aﬁ‘uit
3057 3845 3071 3895 ;
3096 3828 3195 3884 ubi
3219 3829 3447 3884 cunctis
3468 3829 3559 3885 dc-

1912 3915 2031 3972 bita
2052 3914 2305 3983 dimisit;
2336 3916 2776 3988 destructisque
2799 3917 3066 3973 omnibus
3091 3916 3436 3988 inimieiciis,
3465 3933 3558 3989 pa-

1908 4018 2033 4061 cem
2065 4004 2350 4061 hactenus
2383 4005 2702 4061 inauditam
2727 4011 2841 4061 tam
2863 4004 2908 4038 ⁸⁸
2930 4006 2985 4060 in
3013 4010 3132 4062 tota
3160 4007 3364 4063 Suevia
3384 4021 3555 4077 quam

1910 4093 1968 4149 in
1997 4093 2126 4149 aliis
2158 4092 2246 4149 sui
2282 4094 2443 4163 regni
2473 4094 2792 4165 provinciis
2832 4095 2991 4164 regia
3024 4109 3271 4152 censura
3307 4110 3409 4167 per
3437 4095 3558 4151 edi-

1909 4187 2067 4238 ctum
2099 4182 2482 4248 conﬁrmavit.
2528 4182 2667 4237 Dein
2702 4185 2964 4252 Agneten
2994 4181 3059 4254 ‘9,
3092 4184 3439 4241 Willehalmi
3468 4185 3556 4239 Pi-

1909 4271 2229 4327 ctaviensis
2253 4270 2533 4342 principis
2551 4270 2750 4341 ﬁliam,
2768 4271 3024 4340 reginam
3040 4272 3192 4343 apud
3208 4275 3554 4342 Magontiam

1911 4361 2087 4429 ungui
2121 4359 2357 4429 faciens,
2394 4359 2690 4429 regalibus
2738 4361 2849 4417 sibi
2898 4363 3120 4431 nuptiis
3164 4364 3554 4433 Ingelenheim

1908 4448 2239 4520 copulavit;
2269 4447 2419 4503 unde
2470 4448 2753 4503 inﬁnitam
2800 4449 3148 4505 histrionum
3182 4456 3238 4506 et
3266 4451 3557 4521 joculato-

1910 4552 2036 4593 rum
2068 4536 2498 4594 multitudinem
2531 4536 2655 4592 sine
2689 4538 2820 4593 cibo
2854 4545 2911 4592 et
2945 4539 3285 4594 muneribus
3313 4554 3555 4595 vacuam

147 4619 252 4665 nus
280 4609 645 4668 Coloniensis
674 4612 987 4684 episcopus
1018 4611 1189 4669 obiit.
1213 4613 1326 4668 Pro
1351 4628 1467 4683 quo
1495 4614 1794 4669 Heriman-
1824 4613 1878 4673 D
1910 4631 1971 4682 et
2001 4633 2319 4682 merentem
2348 4627 2511 4682 abire
2562 4628 2844 4698 permisit.
2880 4627 3223 4698 Luitpaldus
3274 4628 3551 4697 marchio,

150 4707 272 4755 nus.

217 4810 301 4879 15,
321 4805 668 4865 Counradus
684 4810 1007 4882 imperator
1022 4807 1245 4867 Italiam
1261 4824 1391 4868 cum
1409 4810 1674 4867 exercitu
1699 4824 1794 4882 pe-

150 4892 240 4966 tit,
263 4899 321 4952 et
344 4895 832 4954 Mediolanensem
863 4899 1206 4972 episcopum
1236 4899 1292 4955 in
1315 4899 1642 4956 custodiam
1666 4898 1796 4953 mit-

150 4981 255 5052 tit;
278 4986 376 5056 qui
398 4985 529 5056 fuga
555 4985 755 5060 lapsus
777 4989 1117 5061 imperatori
1140 4987 1407 5045 rebellat.
1426 4988 1618 5045 Outho
1642 4987 1799 5060 prin-

150 5081 284 5143 ceps
304 5071 711 5146 Karlingorum
727 5075 821 5134 “a
848 5077 1173 5136 Gozzelone
1202 5078 1351 5138 duce
1382 5093 1575 5153 pugna
1604 5078 1797 5135 victus

150 5156 497 5236 fugiensque
531 5179 563 5223 a
595 5164 845 5238 quodam
877 5167 1062 5225 milite
1099 5169 1407 5228 occiditur.

1909 4713 2211 4771 Adelberti
2260 4714 2435 4786 ﬁlius,
2470 4715 2717 4771 maxima
2764 4715 3149 4784 Ungariorum
3196 4715 3416 4786 clades,
3455 4717 3556 4771 im-

1907 4808 2134 4861 mature
2188 4804 2355 4860 obiit.
2410 4805 2601 4862 Pestis
2661 4806 2943 4877 pecudum
3004 4805 3269 4860 maxima.
3322 4805 3555 4876 Hiemps

1909 4893 2051 4950 dura
2098 4897 2155 4948 et
2192 4894 2412 4950 nivosa.

1980 4985 2031 5040 6.
2065 4987 2098 5038 6
2128 4983 2248 5038 Kal.
2279 4984 2408 5039 Jun.
2444 4985 2617 5041 Brun.
2670 4985 3015 5042 Wirciburc.
3048 4984 3358 5055 episc0pus
3408 4984 3553 5041 obiit

1911 5090 2062 5134 anno
2097 5073 2316 5130 Domini
2350 5075 2522 5141 10115;
2559 5075 2712 5130 sedit
2744 5090 2872 5131 ann.
2910 5080 2994 5145 11,
3029 5090 3100 5130 m.
3142 5079 3191 5141 1,
3227 5075 3283 5131 d.
3316 5076 3401 5130 14.
3443 5074 3552 5146 (Cf.

1916 5166 2102 5222 Hann.
2160 5178 2210 5220 a.
2265 5165 2613 5235 1041—1045.)
2660 5165 2966 5223 Heinricus
3027 5164 3174 5238 (180)
3218 5180 3325 5222 rex
3371 5165 3556 5222 tercio

1524 5292 1761 5351 VARJIE
1803 5288 2203 5353 LECTIONES.

214 5398 258 5483 ξι
291 5405 618 5483 .mortalita
670 5420 720 5465 ο.
777 5407 824 5483 ξ’
863 5410 960 5483 _i_te_
1016 5424 1063 5466 ο.
1122 5409 1292 5483 quod
1328 5410 1430 5483 Ζιὶο
1475 5412 1657 5483 etiam
1705 5412 1846 5468 item
1896 5411 2015 5483 legi
2045 5410 2264 5483 potest.
2318 5405 2365 5441 ⁸³
2418 5406 2697 5468 occidunt
2728 5424 2775 5467 ο.
2809 5406 2853 5446 ⁸⁸
2884 5410 2963 5469 ite
2994 5426 3039 5470 ο.
3075 5406 3119 5445 ⁸³
3146 5406 3445 5470 trubutari
3502 5426 3551 5471 σε

145 5470 188 5507 ⁸⁸
217 5473 565 5535 kalinlorum
597 5491 747 5536 corr.
787 5470 1149 5537 kalinlorum‘
1165 5496 1212 5540 ο.
1247 5480 1293 5514 ⁸⁷
1324 5481 1475 5540 duce
1508 5496 1555 5540 ο.
1589 5481 1636 5515 ⁸⁸
1663 5483 1827 5542 deest
1847 5493 1894 5540 c.
1927 5470 1975 5516 σῖ
2003 5470 2266 5552 agnetaan
2297 5494 2344 5539 c.

1621 5598 1625 5603 ’
1723 5605 1953 5666 NOTAE.

224 5694 375 5771 (186)
408 5698 471 5754 In
504 5700 893 5770 sequentibus
921 5714 1057 5758 raro
1090 5701 1272 5759 verba
1303 5702 1636 5761 Herimanni
1665 5704 1928 5780 retinuit,
1959 5720 2054 5771 res
2074 5720 2214 5764 vero
2246 5709 2470 5765 tantum
2504 5720 2611 5763 non
2641 5719 2843 5764 omnes
2877 5705 2949 5764 ab
2980 5706 3110 5780 ipso
3143 5674 3446 5769 mutuatus"
3467 5710 3561 5772 est
3604 5770 3613 5779 _

424 5796 521 5863 PA
529 5814 700 5861 non.
745 5796 953 5863 CLIV.

3246 5810 3322 5871 16
