3894 6424
393 365 509 433 491

1558 367 2041 431 EKKEHARDI
2084 367 2646 434 URAUGIENSIS

3693 371 3802 433 492

397 506 730 566 Pannonias
759 506 944 564 iratus
976 503 1334 577 ingrediens,
1362 505 1458 562 Dei
1487 503 1716 563 favente
1747 502 2054 562 clementia
2087 502 2144 565 A
2173 502 2311 561 inibi
2352 504 2580 577 occisis,
2614 503 2872 578 paciﬁce,
2909 503 3173 577 quamvis
3223 504 3436 576 inacte,
3472 503 3544 562 ad
3579 506 3801 579 propria

396 604 457 656 et
481 600 654 655 beato
677 595 992 653 Oudalrico
1015 595 1293 667 episcopo
1318 596 1645 668 imperante
1663 593 1731 667 ⁷ο,
1766 595 1954 651 victor
1980 595 2062 649 fa-

398 693 550 758 ctus,
570 687 828 743 Obonem
847 700 978 742 cum
994 699 1176 758 uxore
1195 689 1250 741 et
1272 685 1406 741 (illis
1420 685 1827 756 cognatisque,
1845 684 2059 755 quibus

397 777 564 834 locus
590 775 874 832 evadendi
908 778 1056 844 erat,
1093 774 1405 843 eil‘ugabat.
1441 776 1679 830 Petrum
1712 773 1766 829 in
1817 787 2056 843 regnum

399 864 666 922 restituit
693 880 708 930 ;
740 861 1101 934 subditoque
1133 862 1243 920 sibi
1279 863 1660 933 Ungariorum
1683 876 1881 933 regno,
1905 876 2059 917 sum-

399 968 492 1009 mo
523 966 652 1009 cum
688 951 910 1007 honore
964 952 1302 1007 revertitur.
1337 950 1713 1008 Gothefridus
1746 951 1863 1007 dux
1895 954 2058 1006 Lota-

398 1041 619 1110 rjorum
669 1039 942 1097 Heinrico
992 1040 1116 1109 regi
1149 1038 1192 1073 τί
1224 1038 1540 1110 rebellans,
1575 1039 1647 1095 ad
1695 1039 2050 1095 deditionem

394 1099 658 1199 cbaetus,
694 1129 749 1185 in
783 1127 1030 1185 castello
1061 1099 1505 1185 Eibichenstein
1528 1099 1706 1200 ’(187)
1749 1143 1934 1198 usque
1979 1126 2048 1184 ad

394 1220 625 1289 dignam
657 1217 1122 1275 satisfactionem
1185 1217 1295 1274 sub
1341 1218 1611 1273 custodia
1659 1217 2043 1288 mancipatur.

462 1313 514 1364 7.
551 1307 656 1377 (Cf.
690 1308 872 1363 Hann.
909 1319 959 1361 a.
998 1306 1180 1378 1046.)
1214 1306 1522 1363 Heinricus
1572 1319 1677 1361 rex
1705 1304 1931 1360 Italiam
1964 1304 2046 1359 in-

390 1410 653 1467 gressus,
690 1395 931 1468 pacifice
962 1408 994 1449 a
1019 1394 1291 1451 Romanis
1317 1394 1661 1465 suscipitur,
1698 1407 1881 1465 papas
1923 1398 2044 1448 tres

391 1501 504 1543 non
530 1485 703 1557 digne
733 1484 1087 1541 constitutos
1120 1482 1481 1555 synodaliter
1513 1482 1805 1554 deposuit,
1840 1486 1897 1537 et
1922 1481 2044 1537 Sui-

393 1573 668 1645 degerum
686 1572 1227 1642 Babenbergensem
1239 1571 1579 1643 episcopum
1594 1584 1803 1643 papam
1826 1568 2042 1626 consti-

390 1662 506 1718 tuit
532 1680 548 1729 ;
581 1662 822 1734 ipseque
852 1665 911 1717 et
938 1659 1193 1729 conjunx
1222 1661 1350 1730 ejus
1385 1661 1574 1739 Agnes
1609 1658 1807 1728 regina
1838 1657 2039 1715 eadem

393 1750 489 1806 die
521 1748 809 1822 imperiali
831 1747 1236 1805 benedictione
1260 1746 1671 1804 sublimantur.
1698 1746 2041 1818 lmperatrix

2171 608 2301 651 cum
2334 595 2687 667 imperatore
2720 596 3041 653 redierunt.

2248 687 2326 738 13.
2361 682 2472 751 (Ib.
2507 700 2555 740 a.
2596 686 2944 756 1052-1053.)
2994 684 3296 741 Heinricus
3343 686 3664 756 imperator
3712 689 3807 744 ite-

2169 785 2296 827 rum
2320 773 2670 829 Pannoniam
2697 773 2943 844 petit,et
2965 773 3155 829 inacte
3177 772 3349 845 redit,
3374 774 3593 833 habens
3617 791 3803 834 secum

2168 859 2224 914 in
2256 861 2536 918 comitatu
2572 864 2897 919 Brunonem
2932 861 3270 934 apostolicae
3300 864 3455 920 sedis
3503 865 3802 936 praesulem

2166 952 2222 1003 et
2258 951 2585 1021 proximum
2616 951 2810 1008 natale
2840 953 3060 1008 Domini
3089 952 3313 1023 pariter
3351 952 3633 1011 ducentes
3653 955 3803 1011 Wor-

2165 1039 2376 1107 matiae,
2403 1040 2763 1110 apostolicus
2796 1042 3031 1097 Romam
3064 1039 3215 1096 redit
3248 1045 3383 1097 1053
3410 1056 3576 1113 anno,
3604 1042 3798 1099 multis

2161 1140 2289 1183 eum
2323 1127 2683 1185 diversarum
2718 1129 3149 1200 provinciarum
3182 1129 3466 1187 militibus
3513 1131 3795 1202 imperiali

2160 1216 2553 1285 praeceptione
2587 1223 2646 1272 et
2684 1218 3003 1273 amicorum
3041 1218 3430 1274 subventione
3470 1219 3796 1275 comitanti-

2159 1302 2369 1370 bus;et
2404 1309 2534 1373 post
2570 1304 2777 1375 pascha
2801 1305 3123 1361 exercitum
3149 1306 3368 1363 ducens
3396 1320 3497 1378 per
3530 1307 3792 1378 Apuliam

2154 1395 2357 1447 contra
2383 1391 2805 1463 Nordmannos,
2839 1393 2994 1450 illius
3023 1398 3200 1451 terra;
3233 1393 3517 1465 quondam
3541 1395 3794 1451 advenas

2155 1479 2254 1533 sed
2286 1482 2424 1536 tunc
2449 1482 2685 1536 Romani
2710 1481 2935 1554 imperii
2960 1482 3247 1554 inimicos,
3274 1482 3614 1554 inﬁnitaque
3637 1489 3795 1541 utro-

2154 1566 2327 1637 bique
2352 1567 2493 1623 cede
2514 1574 2771 1639 peracta,
2796 1584 2940 1641 papa
2964 1585 3094 1626 cum
3120 1570 3316 1642 paucis
3336 1571 3558 1641 fugiens
3574 1572 3794 1643 absque

2153 1654 2402 1711 victoria
2436 1657 2793 1729 regreditur,
2825 1658 3048 1715 relictis
3093 1657 3215 1715 illic
3248 1659 3562 1716 Suevorum
3596 1673 3660 1717 ac
3690 1662 3797 1717 No-

2152 1743 2409 1800 ricorum
2443 1744 2729 1803 militibus
2753 1746 3019 1816 obtimis;
3042 1751 3101 1805 et
3132 1747 3188 1803 in
3219 1748 3362 1804 urbe
3394 1748 3792 1807 Beneventana

391 1852 533 1894 vero
562 1841 754 1907 Agnes
782 1835 958 1893 filiam
988 1836 1142 1907 apud
1165 1837 1503 1929 Pavennam
1530 1835 1752 1905 genuit.
1787 1836 1917 1929 Ipse
1949 1849 2041 1929 au-
2068 1868 2125 1929 B
2153 1832 2444 1929 consedi—1...

391 1930 509 1982 tem
547 1925 863 1998 imperator
897 1939 1000 1996 per
1034 1923 1298 1995 Apuliam
1345 1923 1677 1994 multasque
1708 1923 2041 1995 provincias

394 2013 548 2071 felici
582 2013 832 2071 victoria
861 2014 1187 2070 exercitum
1218 2012 1456 2083 ducens,
1482 2012 1704 2069 honore
1726 2026 1933 2082 magno
1952 2027 2039 2069 re-

392 2102 665 2159 vertitur.

459 2210 509 2264 8.
544 2207 650 2279 (Cf.
687 2209 870 2265 Hann.
892 2222 942 2265 a.
972 2209 1323 2280 1046-1047.)
1353 2209 1583 2263 Interea
1613 2208 1823 2263 Petrus
1854 2208 2039 2277 Unga-

390 2297 606 2355 riorum
632 2311 735 2353 rex
756 2313 787 2353 a
812 2297 1059 2369 quodam
1095 2302 1341 2369 tyranno
1369 2295 1704 2352 Pannonico
1737 2299 1945 2368 captus
1977 2301 2036 2351 et

387 2391 646 2458 cecatus,
673 2386 770 2442 ille
793 2386 890 2458 qui
921 2401 1053 2442 eum
1084 2385 1392 2457 expulerat
1411 2400 1655 2456 regnare
1677 2385 1874 2457 C(Bpit.
1903 2386 2037 2441 Cor-

388 2491 495 2549 pus
526 2476 713 2533 sancti
747 2474 1008 2531 Widonis
1039 2475 1110 2530 de
1143 2473 1307 2530 Italia
1339 2473 1578 2530 allatum
1601 2479 1692 2530 est
1715 2474 1939 2546 Spiram
1962 2474 2034 2531 ab

387 2565 741 2637 imperatore
764 2564 1033 2620 Heinrico
1059 2567 1092 2619 8
1126 2577 1273 2619 anno
1306 2563 1467 2634 regni
1486 2564 1633 2633 ejus,
1657 2562 1884 2634 imperii
1904 2563 2031 2634 ejus

386 2668 536 2711 anno
570 2658 620 2725 1,
654 2654 726 2710 ab
777 2653 1179 2709 incarnatione
1229 2652 1452 2707 Domini
1501 2665 1649 2708 anno
1695 2654 1853 2722 1047,
1888 2652 2032 2708 indi-

387 2741 545 2799 tione
578 2745 662 2796 15.
691 2739 1044 2810 Suidegerus
1080 2753 1223 2811 papa
1257 2739 1400 2794 obiit
1434 2738 1638 2794 eodem
1672 2753 1786 2809 quo
1816 2743 2031 2797 consti-

385 2831 578 2888 tuitur
605 2844 755 2886 anno
784 2827 847 2883 ⁷³.
881 2830 997 2884 Pro
1036 2842 1151 2898 quo
1186 2829 1380 2899 Boppo
1412 2826 1741 2882 ordinatur.

455 2940 509 2994 9.
560 2935 766 3006 (Hann.
830 2947 878 2989 a.
943 2934 1285 3003 1047-1048.)
1340 2932 1480 2989 Otto
1535 2930 1653 2987 dux
1711 2933 2028 2990 Suevorum

385 3023 551 3081 obiit.
586 3024 700 3079 Pro
730 3036 845 3094 quo
877 3021 1017 3077 Otto
1063 3020 1135 3076 de
1180 3019 1479 3076 Suinvurti
1525 3020 1798 3077 surrexit.
1835 3022 2030 3095 Boppo

383 3127 533 3186 papa
557 3111 704 3169 obiit
727 3125 876 3167 anno
901 3124 1014 3180 quo
1034 3108 1439 3165 constituitur.
1457 3108 1671 3180 Bruno,
1699 3109 1794 3181 qui
1815 3115 1873 3166 et
1892 3111 2026 3182 Leo,

380 3200 785 3259 Tolanensium
818 3198 1087 3263 antistes,
1122 3210 1270 3270 papa
1309 3196 1635 3254 ordinatur.

455 3313 537 3366 10.
575 3309 682 3380 (Cf.
715 3306 796 3366 ib.
838 3320 888 3364 a.
925 3306 1107 3377 1040.)
1151 3305 1462 3361 Heinricus
1509 3305 1829 3376 imperator
1876 3320 2027 3362 anno

379 3397 609 3470 imperii
642 3396 732 3454 sui
779 3395 957 3452 tertio
1002 3393 1282 3465 quasdam
1319 3400 1515 3464 partes
1562 3392 2024 3465 Galliarinvasit

378 3489 584 3542 contra
618 3481 979 3539 Gotel‘ridum
1004 3486 1063 3536 et
1086 3479 1483 3536 Baldewinum
1502 3497 1516 3547 ;
1537 3479 1751 3549 quibus
1775 3478 1846 3534 ad
1869 3478 2028 3534 dedi-

375 3574 595 3630 tionem
623 3570 869 3640 coactis,
902 3574 960 3624 et
1012 3583 1191 3638 regno
1241 3567 1331 3623 his
1382 3568 1651 3638 partibus
1692 3566 2021 3639 paciﬁcato,

375 3662 567 3718 victor
607 3672 738 3717 cum
788 3656 1006 3713 honore
1050 3655 1390 3712 revertitur.
1424 3654 1686 3726 Synodus
1716 3654 2022 3724 Magontize

375 3750 647 3806 habetur.
679 3745 781 3804 Cui
811 3744 979 3803 affuit
1010 3746 1203 3801 Bruno
1230 3742 1597 3814 apostolicus
1628 3746 1684 3800 et
1715 3743 2023 3802 Heinricus

373 3837 713 3910 imperator.

447 3949 531 4000 11.
566 3941 678 4012 (Ib.
741 3954 792 3996 a.
856 3936 1039 4009 1050.)
1097 3938 1333 4008 Ungarii
1391 3939 1603 3996 iterum
1630 3938 1675 3973 ⁷³
1704 3940 2013 3998 rebellant.

373 4032 530 4100 Quos
570 4029 949 4087 Gebehardus
1001 4029 1316 4101 episcopus
1373 4028 1853 4100 Radisponensis,
1892 4030 2018 4087 vice

370 4120 471 4177 Hei
481 4118 627 4176 nrici
641 4118 1014 4190 imperatoris
1029 4118 1257 4175 obviam
1274 4117 1482 4188 factus,
1500 4116 1556 4172 in
1572 4117 1762 4186 fugam
1778 4131 2018 4174 conver-

370 4223 470 4266 sos
483 4222 595 4264 non
610 4206 839 4263 minima
856 4207 997 4264 cede
1013 4206 1247 4275 afﬂixit;
1272 4206 1512 4277 insuper
1526 4204 1727 4262 urbem
1742 4205 2014 4264 marchiaa

366 4294 429 4351 ⁷⁸.
456 4295 842 4352 Heimenbnrc
863 4293 1130 4350 aedificiis
1162 4298 1554 4350 restauratam
1588 4293 1826 4350 militari
1859 4294 2015 4350 obsi-

368 4384 538 4441 dione
554 4382 761 4439 muniri
779 4383 944 4450 fecit;
966 4384 1092 4454 ipse
1116 4397 1337 4439 summa
1353 4397 1481 4440 cum
1498 4396 1638 4453 pace
1651 4383 2009 4452 regreditur.

438 4495 523 4547 12.
559 4487 670 4561 (Ib.
716 4503 763 4545 a.
819 4491 1002 4562 1051.)
1049 4489 1263 4545 Bartbo
1312 4488 1795 4560 archiepiscopus
1843 4489 2008 4545 obiit.

2226 1924 2310 1976 14.
2346 1920 2457 1989 (Ῑό.
2496 1937 2546 1977 a.
2604 1923 2787 1993 1054.)
2835 1923 2975 1980 Dein
3026 1923 3338 1993 religiosus
3380 1938 3526 1996 papa
3573 1925 3783 1996 Bruno,

2154 2007 2249 2078 qui
2281 2013 2339 2064 et
2373 2010 2503 2081 Leo,
2540 2026 2688 2066 anno
2720 2011 3141 2069 incarnationis
3172 2010 3393 2068 Domini
3436 2015 3590 2084 1054,
3624 2016 3784 2083 regni

2149 2110 2290 2152 vero
2321 2098 2573 2154 Heinrici
2604 2099 2973 2171 imperatoris
2998 2105 3080 2170 15,
3105 2099 3363 2171 gloriose
3380 2100 3557 2157 vitam
3579 2099 3781 2170 finivit,

2150 2185 2421 2255 sepultus
2449 2188 2643 2244 Romae
2676 2186 2729 2243 in
2761 2188 3024 2245 aecclesia
3054 2188 3210 2245 beati
3243 2188 3420 2244 Petri.
3448 2188 3783 2246 Counradus

2148 2272 2267 2329 dux
2289 2274 2651 2345 Noricorum,
2677 2275 2956 2331 federatis
2984 2275 3093 2332 sibi
3118 2276 3404 2346 Ungariis,
3423 2276 3677 2345 graviter
3699 2292 3785 2334 re-

2147 2360 2346 2416 bellat.
2383 2364 2525 2418 Item
2559 2362 2896 2419 Baldwinus
2926 2368 2986 2419 et
3017 2363 3368 2420 Gotefridus.

2218 2455 2304 2506 15.
2337 2451 2511 2507 Leoni
2558 2467 2721 2523 papae
2753 2452 3149 2522 Gebehardus,
3185 2452 3282 2523 qui
3323 2456 3381 2509 et
3411 2452 3626 2523 Victor,
3658 2468 3783 2511 suc-

2147 2540 2329 2594 cessit
2346 2540 3785 2612 (an.1055).Adalbertusmarcbioobiit.Famesma.

2150 2642 2263 2698 gna
2298 2628 2426 2684 fuit.
2455 2628 2763 2685 Heinricus
2798 2630 3115 2700 imperator
3136 2629 3358 2685 Italiam
3381 2644 3509 2686 cum
3531 2632 3783 2687 exercitu

2148 2721 2380 2789 petens,
2398 2718 2590 2773 omnia
2607 2733 2736 2773 cum
2753 2732 2893 2789 pace
2908 2717 3219 2789 disposuit;
3238 2722 3649 2789 revertensque
3660 2734 3787 2791 uep-

2150 2813 2266 2861 tam
2291 2821 2453 2862 suam
2481 2807 2799 2863 Beatrieem
2824 2820 3019 2863 secum
3044 2806 3231 2875 duxit,
3248 2806 3476 2878 indigne
3495 2821 3619 2863 eam
3640 2812 3790 2865 trac-

2151 2900 2282 2952 tans
2316 2900 2560 2968 propter
2592 2896 2878 2966 quandam
2897 2896 3022 2967 ejus
3046 2895 3433 2968 insolentiam,
3458 2910 3569 2967 qua
3590 2897 3784 2954 vivere

2143 2990 2533 3041 consueverat
2566 2990 2799 3041 mortuo
2830 2984 2957 3041 viro
2990 2983 3117 3054 ejus
3137 2984 3430 3041 Bonifacio
3449 2984 3612 3042 duce.
3634 2985 3787 3042 Welf

2144 3072 2258 3128 dux
2286 3073 2717 3130 Carinthiorum
2742 3073 2907 3129 obiit.
2927 3073 3268 3129 Counradus
3290 3072 3408 3129 dux
3434 3079 3601 3129 antea
3623 3073 3781 3129 Nori-

2142 3176 2246 3217 cus
2269 3162 2340 3216 ab
2368 3161 2723 3232 imperatore
2754 3163 3056 3233 expulsus,
3082 3161 3136 3216 in
3169 3160 3458 3216 Pannonia
3481 3160 3613 3218 exul
3636 3160 3779 3217 male

2061 3223 2109 3286 Ο
2140 3248 2410 3305 moritur.
2433 3223 2672 3305 Arnolfo
2698 3223 2953 3321 Spirensi
2976 3223 3251 3321 episcopo
3282 3248 3622 3306 Counradus
3655 3264 3781 3307 suc-

2138 3338 2336 3395 cessit.

2210 3430 2295 3482 16.
2332 3426 2718 3483 Herimannus
2767 3440 2962 3482 comes
3011 3424 3379 3483 orientalium
3425 3426 3769 3483 Francorum

2136 3515 2281 3571 obiit
2312 3519 2344 3571 6
2376 3515 2497 3571 Kal.
2525 3516 2658 3571 Feb.
2687 3514 2893 3587 (1056.)
2919 3515 3293 3572 Gebehardus
3322 3514 3768 3586 Radisponensis

2134 3604 2471 3675 episcopus,
2490 3604 2679 3673 magni
2698 3604 3072 3676 imperatoris
3091 3603 3340 3660 Heinrici
3366 3608 3631 3675 patruus,
3647 3604 3769 3661 hos-

2135 3693 2213 3748 tis
2239 3691 2469 3749 occulte
2490 3693 2781 3764 pessimus
2805 3692 3222 3763 deprehensus,
3241 3692 3432 3748 vietus
3448 3694 3623 3763 atque
3643 3707 3769 3749 cus-

2133 3781 2310 3839 todiae
2336 3781 2723 3853 mancipatus,
2741 3781 2843 3838 sed
2860 3780 3642 3851 misericorditertractatus,
3658 3779 3771 3836 exi-

2132 3870 2210 3927 lio
2242 3869 2568 3926 remittitur
2600 3874 2660 3925 et
2693 3870 2816 3926 sedi
2849 3870 3113 3941 pristinae
3143 3869 3495 3927 restituitur.
3529 3868 3770 3925 Gotefri-

2130 3958 2240 4016 dus
2273 3958 2391 4015 dux
2422 3958 2493 4014 ad
2536 3957 2893 4015 deditionem
2936 3957 3114 4015 venit.
3169 3956 3274 4027 (Cf.
3308 3956 3542 4029 BERTH.)
3576 3957 3767 4026 Magna

2127 4046 2304 4104 cedes
2333 4062 2364 4103 a
2396 4047 2664 4103 barbaris
2714 4047 2809 4118 qui
2859 4046 3067 4104 Luitici
3115 4046 3389 4102 dicuntur
3419 4045 3475 4101 in
3506 4043 3770 4101 christia-

2127 4150 2236 4193 nos
2267 4136 2420 4192 faeta
2451 4142 2579 4203 est;
2613 4150 2859 4206 quorum
2908 4134 3140 4207 quidam
3180 4133 3394 4205 gladio,
3429 4133 3658 4205 quidam
3688 4132 3768 4189 fu-

2124 4225 2354 4295 gientes
2403 4223 2449 4257 7‘
2490 4224 2547 4279 in
2597 4239 2744 4296 aqua
2793 4224 3138 4295 perierunt;
3186 4223 3338 4279 inter
3384 4237 3531 4294 quos
3579 4220 3770 4277 Wille-

2126 4313 2280 4369 halm
2315 4313 2573 4370 marchio
2605 4313 2917 4370 occiditur.
2947 4312 3180 4369 Hisdem
3205 4310 3569 4383 temporibus
3601 4308 3764 4367 multi

2125 4402 2487 4459 diversarum
2520 4402 2950 4473 provinciarum
2987 4400 3276 4473 principes
3310 4400 3628 4471 perierunt.
3673 4398 3769 4453 Fa-

2124 4505 2247 4547 mes
2278 4489 2497 4548 multas
2527 4490 2863 4561 provincias
2910 4488 3127 4545 aﬂlixit.
3164 4490 3409 4558 Egestas
3437 4492 3494 4543 et
3527 4487 3764 4559 penuria

362 4580 477 4636 Pro
493 4593 605 4651 quo
619 4576 2012 4650 Luitpoldus.lleinricusimperatoriterumPan-
2042 4579 2093 4638 D
2126 4579 2382 4651 undique
2417 4579 2748 4651 praevaluit.
2775 4578 2953 4635 Multa
2982 4577 3129 4634 mala
3156 4583 3291 4633 tunc
3321 4576 3596 4648 temporis
3621 4576 3766 4630 facta

362 4668 593 4726 neniam
617 4668 939 4738 ingressus,
958 4665 1141 4723 divisa
1164 4666 1221 4721 in
1245 4664 1392 4722 duas
1414 4670 1614 4736 partes
1632 4664 2007 4723 multitudine
2123 4671 2278 4725 sunt.
2306 4667 2615 4724 Heinricus
2646 4668 2966 4739 imperator
2987 4666 3077 4723 his
3100 4664 3403 4721 doloribus
3418 4662 3769 4720 cordetenus

360 4757 631 4827 militum,
649 4755 944 4826 utrimque
968 4755 1261 4824 regionem
1279 4753 1465 4824 ipsam
1490 4752 1654 4810 silvis
1677 4758 1736 4810 et
1759 4754 2007 4811 maxime
2122 4762 2515 4829 conpunctus,
2540 4756 2822 4812 infirmari
2846 4756 3044 4828 coepit,
3071 4761 3130 4810 et
3153 4752 3472 4825 perductus
3497 4765 3676 4822 usque
3699 4750 3766 4807 ad

360 4860 640 4918 aquarum
668 4835 1130 4901 collectionibus
1178 4842 1636 4914 eireumseptam
1683 4856 2003 4914 occupans,
2122 4849 2372 4902 mortem
2405 4845 2700 4916 ;sapienti
2735 4847 2928 4900 tamen
2964 4858 3103 4902 usus
3124 4841 3389 4913 consilio,
3412 4841 3482 4897 ab
3505 4839 3766 4897 omnibus

359 4934 598 4991 intravit
627 4949 643 4999 ;
676 4932 774 4990 sed
810 4931 906 4989 illa
938 4946 1082 5001 gens
1111 4930 1315 4987 durior
1340 4931 1557 4987 ceteris
1589 4946 1719 4988 cum
1741 4946 1876 5002 rege
1899 4946 2005 4989 suo
2122 4933 2337 5005 quibus
2369 4933 2562 5004 potuit
2597 4933 2821 4989 veniam
2870 4939 3100 5004 petens,
3156 4929 3501 5002 quibusdam
3551 4926 3763 5000 pradia

358 5023 562 5081 dolose
591 5024 649 5079 et
682 5021 972 5092 ignaviter
1005 5033 1205 5089 agens,
1232 5033 1335 5075 sua
1372 5020 1590 5091 pariter
1612 5035 1740 5077 cum
1764 5020 1896 5078 aliis
1920 5020 2005 5077 di-
2122 5037 2252 5093 quae
2288 5021 2535 5078 abstulit
2579 5022 2923 5092 restituens,
2958 5020 3190 5077 cunctis
3237 5019 3333 5091 qui
3386 5020 3589 5075 contra
3640 5030 3763 5073 eum

357 5111 578 5184 ripiens
609 5112 759 5167 fame
790 5112 848 5166 et
889 5108 984 5165 siti
1035 5106 1349 5179 multisque
1395 5107 1664 5165 cladibus
1715 5107 2001 5166 lassatum
2121 5111 2326 5182 culpas
2359 5110 2721 5167 damnabiles
2756 5111 3017 5168 fecerunt
3058 5108 3350 5179 relaxans,
3384 5106 3563 5163 filium
3596 5117 3760 5163 suum

354 5206 618 5259 nostrum
652 5200 881 5269 fugiens
909 5196 957 5231 ⁷⁵
984 5197 1191 5254 evasit.
1216 5196 1427 5254 Milites
1460 5202 1653 5255 autem
1691 5198 2004 5269 imperato—
2123 5199 2453 5257 Heinricum
2485 5199 2723 5256 Romani
2758 5199 3057 5270 pontificis
3100 5201 3544 5266 ceterorumque
3576 5191 3767 5265 ponti-

355 5288 457 5361 ris,
479 5292 709 5347 vastata
742 5300 945 5360 magna
979 5288 1147 5359 parte
1178 5286 1495 5358 provinciae
1526 5285 1725 5344 multis
1755 5285 1994 5359 insuper
2106 5287 2276 5345 ficum
2303 5292 2363 5342 et
2395 5287 2722 5359 principum
2753 5286 3044 5345 electione
3076 5299 3271 5357 regem
3302 5281 3629 5342 constituit.
3656 5279 3752 5338 His

1708 5438 1946 5495 VARIIE
1985 5437 2389 5495 LECTIONES.

418 5554 613 5630 “lege
666 5554 1035 5629 impetrante.
1100 5553 1146 5590 τι
1182 5570 1325 5629 rege
1380 5568 1432 5615 ο.
1512 5552 1677 5614 deest
1752 5568 1799 5612 c.
1883 5552 1929 5588 ⁷³
1988 5555 2071 5611 ite
2153 5569 2200 5614 ο.
2283 5553 2749 5615 “"marchionem
2827 5570 2876 5616 ο.
2963 5553 3009 5591 ⁷⁸
3041 5554 3269 5627 fugiens
3314 5566 3371 5612 το.
3446 5550 3492 5585 ’⁷⁸
3555 5548 3764 5623 ﬁgien-

347 5630 442 5690 ῐθε
467 5637 519 5691 ο.

1933 5697 2140 5757 NOTAE
2153 5742 2167 5759 .

418 5771 569 5846 (187)
603 5771 687 5830 Ita
716 5768 847 5830 cod.
878 5770 1165 5829 Murensis
1212 5767 1574 5831 Herimanni.

3864 6166 3865 6233 l

3863 6274 3866 6324 Α
