3932 6426
188 485 310 549 497

1070 488 1509 553 CHRONICA.
1547 526 1610 537 —-
1653 489 2130 555 CHRONICON
2173 489 2721 555 UNIVERSALE.

3487 488 3607 551 498

449 770 1326 883 EKKEHARDI
1422 773 2280 885 CHRONICON
2390 774 3357 886 UNIVERSALE.

808 939 865 997 id
889 945 981 997 est
1013 941 1398 1001 abbreviatio.

656 1042 1265 1133 EPYTHOME
1361 1046 1808 1136 EUSEBlI
1893 1049 2037 1135 DE
2121 1047 2667 1151 SEQUENTl
2748 1047 3154 1135 OPERE.

268 1353 489 1426 (Ηιειι.)
519 1354 774 1428 Moysen,
803 1358 1043 1431 188-89),
1065 1358 1257 1429 gentis
1302 1358 1599 1417 Hebraicae
1640 1358 1844 1416 ducto-
1872 1360 1927 1429 ᾼ
1957 1364 2303 1432 computans
2336 1373 2614 1418 annorum
2638 1374 2961 1428 numerum,
2987 1358 3236 1418 alterum
3275 1357 3605 1429 Dariiregis

198 1455 342 1514 rem,
379 1444 480 1515 qui
500 1445 726 1517 primus
750 1448 1005 1504 omnium
1022 1449 1436 1521 prophetarum
1461 1453 1595 1506 ante
1635 1448 1846 1506 adven-

200 1536 320 1587 tum
347 1533 572 1589 Domini
593 1533 916 1592 Salvatoris
958 1536 1185 1594 divinas
1216 1538 1376 1608 leges
1417 1538 1602 1595 sacris
1632 1536 1850 1593 litteris

199 1619 541 1692 explicavit,
587 1622 781 1681 Inachi
816 1625 996 1682 fuisse
1036 1627 1418 1698 temporibus,
1461 1625 1846 1683 eruditissimi

200 1707 309 1763 viri
323 1708 803 1781 tradiderunt,ex
819 1714 1040 1769 nostris
1058 1715 1321 1771 Clemens
1341 1719 1399 1771 et
1420 1716 1747 1786 Africanus,
1779 1728 1851 1771 ex

199 1796 403 1854 Judeis
430 1800 723 1871 Iosephus
747 1805 803 1857 et
835 1802 1059 1872 Justus,
1094 1804 1312 1859 veteris
1334 1804 1611 1876 hystoriaa
1654 1818 1851 1859 monu-

203 1887 400 1941 menta
416 1886 797 1958 replicantes.
822 1891 1005 1946 Porro
1026 1892 1273 1948 Inachus
1298 1893 1631 1964 quingentis
1686 1891 1850 1948 annis

202 1972 515 2044 Trojanum
534 1975 749 2033 bellum
773 1977 1084 2035 antecedit.
1105 1981 1184 2035 Ex
1208 1981 1457 2037 ethnicis
1471 1996 1609 2036 vero
1642 1981 1853 2051 impius

205 2059 302 2116 ille
324 2062 673 2133 Porphirius
706 2065 759 2120 in
786 2072 993 2137 quarto
1017 2068 1105 2123 sui
1140 2070 1334 2139 operis
1366 2069 1537 2137 libro,
1571 2069 1723 2141 quod
1757 2070 1852 2124 ad-

203 2161 436 2205 versum
471 2165 579 2207 nos
601 2166 773 2210 casso
796 2154 998 2212 labore
1052 2158 1374 2227 contexuit,
1436 2162 1563 2230 post
1620 2160 1849 2228 Moysen

204 2235 643 2295 Semiramidem
661 2240 839 2298 fuisse
856 2245 1120 2316 amrmat,
1146 2246 1437 2318 quzeapud
1456 2246 1724 2317 Assyrios
1758 2262 1855 2303 an-

202 2326 549 2383 teInachum
577 2332 841 2398 regnavit
866 2347 1045 2390 annos
1066 2339 1183 2390 150.
1202 2337 1404 2406 Itaque
1423 2336 1585 2406 juxta
1603 2349 1729 2392 eum
1750 2338 1854 2390 800

204 2425 349 2482 pene
373 2420 432 2470 et
458 2419 530 2470 50
554 2417 720 2473 annis
740 2419 982 2489 Trojano
1006 2422 1159 2478 bello
1190 2424 1413 2494 Moyses
1455 2423 1648 2479 senior
1698 2424 1855 2480 inve-

206 2500 382 2557 nitur.
412 2504 554 2559 Cum
578 2504 702 2562 haec
738 2507 816 2563 ita
851 2522 911 2565 se
957 2510 1227 2581 habeant,
1279 2512 1672 2567 necessarium
1714 2511 1850 2567 duxi

202 2588 514 2646 veritatem
530 2592 871 2663 diligentius
892 2599 1248 2670 persequi,ct
1266 2603 1525 2672 tempora
1543 2614 1849 2669 regnorum

1958 1451 2263 1506 Persarum
2287 1454 2493 1520 querat
2517 1463 2749 1521 annum,
2766 1450 2874 1507 sub
2905 1464 3021 1521 quo
3044 1447 3322 1521 templum
3337 1447 3607 1505 Hieroso-

1958 1535 2247 1609 limorum,
2307 1538 2460 1610 quod
2500 1552 2530 1593 a
2578 1537 2910 1609 Babyloniis
2957 1537 3324 1595 destructum
3391 1537 3602 1607 fuerat,

1960 1625 2349 1683 instauratum
2368 1630 2477 1697 est,
2537 1626 2846 1698 reperieta
2896 1626 3123 1698 Tyberii
3172 1631 3238 1682 15
3289 1639 3473 1696 usque
3535 1623 3605 1680 ad

1961 1716 2192 1772 Darium
2223 1730 2405 1772 annos
2454 1718 2575 1771 540.
2620 1716 2769 1788 (190)
2817 1714 2972 1771 Darii
3035 1715 3251 1788 quippe
3296 1710 3605 1771 ’secundus

1963 1817 2147 1861 annus
2181 1805 2561 1875 sexagesima:
2593 1804 2811 1874 quintae
2834 1803 3168 1876 olimpiadis
3220 1818 3369 1860 anno
3419 1803 3607 1877 primo

1964 1893 2090 1963 fuit,
2144 1894 2451 1963 etTyberii
2512 1897 2683 1950 15mmi
2740 1893 2795 1947 in
2861 1897 2957 1948 201
3012 1891 3341 1964 olimpiadis
3395 1905 3605 1948 annum

1963 1988 2235 2051 quartum
2297 1982 2563 2038 incurrit.
2623 1982 2788 2037 Fiunt
2842 1996 2981 2052 ergo
3055 1981 3207 2038 inter
3269 1980 3500 2037 Darium
3547 1984 3605 2037 et

1963 2072 2189 2142 'I‘yberii
2218 2075 2281 2126 15
2326 2080 2451 2109 mum
2481 2086 2690 2127 annum
2737 2069 3084 2141 olimpiades
3131 2073 3250 2138 136,
3303 2070 3433 2125 anni
3481 2072 3603 2140 546,

1964 2159 2347 2229 quadriennio
2389 2159 2445 2213 in
2475 2172 2586 2214 una
2632 2156 2943 2229 olimpiade
2992 2158 3332 2228 subputato.
3390 2156 3607 2213 Deinde

1963 2248 2220 2303 secundo
2271 2247 2421 2302 Darii
2472 2261 2618 2301 anno
2670 2246 3141 2317 scptuagesimus
3227 2243 3609 2302 desolationis

1963 2336 2162 2408 templi
2193 2349 2377 2391 annus
2406 2333 2694 2406 expletur,
2729 2349 2756 2389 a
2818 2348 2932 2404 quo
2988 2348 3175 2404 usque
3218 2332 3290 2389 ad
3338 2333 3604 2406 primam,

1962 2424 2328 2497 olimpiadem
2361 2428 2679 2480 retrorsum
2705 2427 3085 2481 numerantur
3124 2422 3470 2495 olimpiades
3516 2426 3606 2489 64,

1964 2513 2097 2568 anui
2120 2516 2243 2583 256,
2279 2513 2378 2584 qui
2411 2512 2682 2568 similiter
2715 2512 3113 2581 subputantur
3144 2525 3174 2566 a
3222 2525 3401 2582 supra
3450 2510 3609 2569 dicto

1965 2600 2346 2656 desolationis
2368 2600 2565 2671 templi
2599 2614 2748 2655 anno
2784 2614 2967 2669 usque
3018 2599 3088 2655 ad
3122 2603 3190 2655 49
3220 2614 3430 2655 annum
3455 2601 3611 2657 Ozias

203 2681 405 2734 contra
430 2693 496 2772 se
528 2679 773 2739 invicem
798 2699 1031 2755 ponere,
1085 2701 1150 2742 ac
1189 2687 1545 2757 singularum
1587 2688 1847 2758 gentium
1882 2713 1934 2772 B
1966 2689 2121 2759 regis
2142 2689 2494 2757 Judzeorum,
2532 2690 2638 2744 sub
2674 2702 2789 2757 quo
2812 2688 3009 2743 Ysaias
3032 2691 3089 2742 et
3147 2687 3294 2744 Osee
3353 2686 3610 2744 fuerunt.

204 2777 385 2822 annos
417 2767 883 2841 dinumerare,ut
906 2774 1039 2844 quid
1058 2775 1268 2846 cuique
1291 2782 1648 2832 comtaneum
1676 2776 1850 2832 fuerit

207 2854 438 2912 curioso
477 2858 770 2929 possimus
799 2862 999 2917 ordine
1031 2868 1253 2920 notare.
1273 2866 1468 2935 Neque
1494 2879 1580 2919 me
1606 2865 1773 2935 fugit,
1797 2863 1851 2919 in

209 2941 449 3001 Hebreis
482 2945 785 3005 codicibus
814 2949 1086 3007 dissonos
1108 2957 1344 3008 aetatum
1369 2967 1549 3009 annos
1582 2951 1851 3022 inveniri,

210 3029 461 3104 plusque
484 3033 574 3090 vel
607 3036 813 3108 minus,
847 3043 1018 3109 prout
1055 3040 1479 3111 interpretibus
1527 3042 1712 3098 visum
1739 3045 1853 3111 est,

207 3117 465 3177 lectitari
488 3125 965 3199 sequendumque
991 3128 1134 3185 illud
1161 3129 1357 3200 potius
1373 3129 1527 3201 quod
1562 3131 1855 3203 exempla-

208 3207 422 3265 riorum
459 3210 771 3270 multitudo
803 3214 857 3270 in
890 3216 1055 3272 fidem
1089 3218 1289 3275 traxit.

273 3386 489 3446 Verum
522 3394 836 3463 utcumque
861 3393 992 3464 quis
1014 3395 1171 3451 volet
1193 3392 1513 3469 computet,
1576 3398 1853 3470 reperiet,

205 3477 395 3534 Inachi
429 3480 816 3553 temporibus,
863 3498 1031 3553 quem
1063 3484 1307 3555 primum
1350 3487 1518 3556 Argis
1581 3501 1856 3557 regnasse

205 3565 385 3638 aiunt,
410 3568 803 3639 patriarcham
861 3572 1218 3629 Hebreorum
1258 3574 1437 3629 fuisse
1482 3576 1793 3631 Isralielem
1826 3592 1855 3632 a

207 3668 320 3725 quo
351 3659 420 3711 12
464 3656 658 3714 tribus
690 3658 965 3715 Israhelis
1010 3661 1358 3717 vocabulum
1435 3664 1660 3719 sortitae
1697 3670 1852 3720 sunt.

211 3742 647 3801 Semiramidcm
688 3752 880 3804 autem
939 3753 996 3803 et
1051 3749 1337 3805 Abraham
1391 3753 1860 3823 contemporales

212 3830 387 3889 fuisse
421 3834 792 3892 manifestum
836 3840 943 3894 est.
993 3838 1131 3893 Nam
1185 3840 1428 3911 Moyses,
1482 3839 1620 3896 licet
1660 3840 1859 3910 junior

211 3921 687 3993 supradictissit,
728 3925 1203 3982 omnibustamen
1219 3941 1366 3998 quos
1381 3928 1545 3984 Greei
1585 3929 1861 4000 antiquis-

212 4006 389 4064 simos
414 4012 628 4082 putant
642 4012 840 4069 senior
853 4013 1332 4086 deprehenditur,
1360 4017 1607 4072 Homero
1630 4016 1854 4073 scilicet

211 4099 268 4150 et
324 4096 580 4155 Hesiodo
626 4100 986 4174 Trojanoque
1029 4102 1201 4174 bello,
1256 4118 1319 4160 ac
1350 4108 1528 4159 multo
1587 4105 1857 4176 superius
1890 4096 1936 4123 υ

212 4182 477 4256 Hercule,
504 4187 718 4259 Museo,
750 4189 908 4260 Lino,
945 4191 1214 4261 Chirone,
1240 4191 1490 4263 Orpheo,
1520 4193 1759 4248 Castore
1791 4207 1855 4249 ac

211 4270 466 4343 Polluce,
504 4276 830 4347 Appolline,
858 4277 1187 4351 Esculapio,
1214 4281 1439 4350 Libero,
1485 4280 1767 4337 Mercurio
1796 4286 1854 4336 et

211 4362 424 4418 ceteris
459 4361 573 4419 diis
603 4366 862 4434 gentium
912 4368 1215 4440 sacrisque
1246 4368 1338 4425 vel
1361 4368 1616 4438 vatibus,
1666 4368 1854 4441 ipsius

211 4459 439 4519 quoque
460 4451 624 4506 Jovis
638 4453 842 4525 gestis,
872 4456 1257 4526 quemGrccia
1281 4457 1333 4512 in
1361 4471 1493 4513 arce
1527 4456 1852 4513 divinitatis

211 4535 540 4594 collocavit.
566 4541 696 4611 llos,
724 4543 976 4613 inquam,
999 4559 1199 4602 omnes
1230 4546 1854 4617 quosenumeravimus

210 4623 379 4680 etiam
403 4631 539 4697 post
554 4628 866 4702 Cecropem
890 4632 1068 4688 Dilien
1081 4631 1147 4703 '1,
1173 4649 1416 4706 primum
1436 4634 1641 4689 Atticae
1656 4648 1850 4703 regem

212 4711 389 4770 fuisse
417 4716 838 4789 convincimus,
875 4721 1184 4794 CecrOpem
1212 4727 1400 4779 autem
1430 4723 1604 4794 Moysi
1644 4727 1854 4777 coaeta-

217 4814 383 4859 neum
416 4803 695 4874 hystoriae
718 4808 1033 4864 ostendunt
1067 4814 1275 4866 etante
1296 4810 1602 4880 Trojanum
1638 4811 1850 4867 bellum

217 4888 396 4946 fuisse
429 4893 596 4948 annis
626 4898 748 4951 350.
780 4894 940 4962 Quod
967 4913 1035 4953 ne
1067 4899 1158 4955 cui
1185 4899 1422 4955 dubium
1454 4900 1742 4970 videatur,
1770 4916 1857 4956 se-

217 4990 393 5046 quens
423 4981 575 5037 ratio
621 4981 703 5038 sic
742 4987 1034 5054 probabit.
1094 4987 1546 5058 Quadragesimo
1602 4988 1856 5045 secundo

220 5077 363 5123 anno
387 5067 615 5141 imperii
646 5072 891 5142 Augusti
917 5074 1186 5132 Christus
1203 5080 1493 5148 natusest,
1548 5082 1612 5132 15
1629 5077 1854 5148 Tyberii

223 5166 368 5211 anno
403 5158 711 5243 predicare
743 5174 914 5218 orsus
937 5168 1045 5218 est.
1075 5165 1127 5219 Si
1153 5164 1283 5235 quis
1333 5165 1509 5235 igitur
1542 5171 1857 5222 retrorsum

1967 2778 2162 2848 Itaque
2186 2777 2370 2847 prima
2401 2775 2671 2847 olimpias
2715 2775 2770 2829 in
2804 2775 2988 2832 Ysaiaa
3012 2781 3072 2830 et
3114 2774 3471 2846 reliquorum
3509 2774 3609 2845 qui

1966 2882 2094 2923 cum
2120 2880 2189 2920 eo
2213 2864 2711 2936 prOphetaverunt
2748 2862 2995 2918 incurrit
3018 2867 3271 2918 aetatem.
3296 2864 3542 2919 Rursum
3562 2862 3609 2919 si

1969 2970 1997 3010 a
2029 2954 2215 3027 prima
2243 2953 2556 3024 olimpiade
2581 2951 2647 3008 ad
2673 2952 2977 3023 superiora
3005 2956 3268 3022 tempora
3325 2955 3386 3008 et
3432 2966 3613 3023 usque

1967 3043 2035 3098 ad
2071 3041 2472 3112 captivitatem
2504 3040 2686 3109 Troiae
2717 3038 3076 3110 proveharis,
3120 3037 3381 3094 invenies
3431 3053 3615 3095 annos

1954 3118 2066 3184 ’406
2094 3127 2139 3161 ⁸²
2163 3143 2310 3199 quos
2341 3127 2736 3184 curiosissima
2799 3128 3112 3184 Grecorum
3168 3125 3425 3197 hysteria
3480 3141 3613 3182 cou-

1965 3217 2194 3274 scribit.
2222 3218 2362 3272 Item
2394 3216 2546 3288 apud
2562 3216 2820 3271 Hebreos
2846 3230 2876 3271 a
2901 3229 3080 3286 supra
3104 3214 3261 3271 dicto
3275 3214 3431 3271 Ozias
3461 3228 3612 3270 anno

1967 3311 2026 3359 et
2054 3305 2416 3375 temporibus
2445 3304 2627 3360 Ysaize
2649 3304 2952 3375 prophetae
3013 3317 3198 3374 usque
3250 3303 3322 3359 ad
3372 3302 3612 3359 Samson

1967 3396 2024 3448 et
2059 3393 2305 3449 tercium
2339 3408 2549 3449 annum
2576 3392 2807 3463 Lapdon
2835 3390 3053 3462 judicis
3083 3390 3614 3463 subputatisannos

1968 3486 2069 3538 405
2095 3482 2157 3536 θ’.
2188 3484 2425 3537 Samson
2459 3486 2651 3537 autem
2695 3484 2783 3536 est
2809 3494 2975 3551 quem
3010 3479 3064 3534 in
3094 3479 3361 3549 corporis
3401 3480 3614 3536 robore

1969 3571 2196 3628 Ilerculi
2228 3570 2475 3626 similem
2510 3570 2702 3626 ferunt
2724 3567 2945 3640 posteri
2977 3568 3328 3624 Judworum.
3355 3567 3611 3625 Etmichi

1966 3659 2241 3715 videntur
2286 3672 2398 3713 non
2430 3657 2671 3713 multum
2729 3657 2948 3713 distare
3011 3660 3275 3728 tempore
3324 3656 3612 3728 siquidem

1967 3748 2136 3805 ambo
2168 3747 2323 3803 circa
2352 3745 2535 3816 Trojae
2576 3745 2978 3816 captivitatem
3022 3744 3276 3801 fuerunt.
3311 3745 3454 3801 Post
3491 3744 3615 3802 haec

1969 3836 2179 3892 iterum
2212 3836 2280 3892 ad
2308 3835 2502 3907 priora
2521 3838 2886 3902 convertere,
2907 3836 3119 3889 etcum
3142 3836 3244 3889 329
3292 3847 3473 3890 annos
3513 3848 3615 3890 nu-

1968 3939 2163 3981 merus
2239 3928 2399 3980 retro
2486 3926 2655 3979 actus
2704 3920 2812 3977 tibi
2899 3920 3242 3993 expleverit,
3299 3921 3613 3993 Cecropem

1966 4013 2159 4069 Delien
2189 4011 2233 4045 ⁸³
2263 4012 2576 4068 Grecorum
2609 4014 2664 4066 et
2690 4011 2923 4083 Moysen
2966 4008 3226 4066 invenies
3256 4009 3614 4067 Hebreorum

1966 4102 2106 4156 Nam
2156 4116 2185 4155 a
2220 4103 2285 4156 45
2338 4097 2614 4169 Cecropis
2665 4112 2813 4154 anno
2864 4111 3049 4168 usque
3097 4096 3166 4152 ad
3211 4097 3615 4169 captivitatem

1965 4188 2149 4257 Trojae
2188 4193 2247 4242 et
2270 4188 2343 4242 ab
2370 4188 2439 4241 80
2460 4194 2531 4222 ωο
2551 4185 2748 4241 atatis
2809 4184 3008 4256 Moysi,
3063 4184 3118 4239 in
3172 4199 3288 4255 quo
3339 4184 3615 4257 populum

1969 4275 2389 4335 Israheliticum
2414 4274 2483 4329 de
2508 4276 2752 4343 .Egypto
2773 4271 2996 4341 eduxit,
3033 4286 3219 4341 usque
3264 4272 3333 4327 ad
3364 4273 3614 4329 tercium

1965 4378 2175 4421 annum
2208 4360 2676 4434 Lapdonjudicis
2717 4363 3132 4430 computantur
3161 4360 3291 4416 anni
3325 4365 3448 4417 329.
3506 4363 3619 4417 Ita-

1965 4466 2077 4525 que
2100 4452 2225 4508 sine
2250 4449 2364 4506 ulla
2406 4447 2790 4519 ambiguitate
2822 4447 3044 4519 Moyses
3076 4453 3136 4503 et
3186 4450 3458 4520 Cecrops,
3516 4450 3613 4519 qui

1965 4540 2189 4613 primus
2220 4536 2655 4595 Atheniensium
2682 4549 2784 4591 rex
2805 4534 2932 4604 fuit,
2957 4535 3182 4592 hisdem
3204 4536 3364 4591 fuere
3394 4540 3617 4608 tempo-

1965 4630 2148 4685 ribus.
2177 4631 2354 4683 Porro
2387 4626 2497 4682 iste
2528 4629 2614 4681 est
2650 4624 2903 4697 Cecrops
2927 4622 3101 4679 Diiies
3119 4621 3163 4656 ⁸⁸
3188 4621 3478 4695 indigena,
3503 4626 3614 4680 sub

1965 4734 2078 4790 quo
2110 4717 2355 4789 primum
2386 4715 2442 4769 in
2467 4728 2600 4770 arce
2620 4712 2771 4769 oliva
2802 4716 2932 4767 orta
2965 4716 3076 4783 est,
3135 4715 3195 4768 et
3251 4712 3392 4768 urbs
3445 4712 3618 4769 Athe-

1966 4806 2250 4863 niensium
2284 4818 2353 4860 ex
2386 4803 2654 4859 Minervae
2709 4797 3103 4872 appellatione
3132 4813 3337 4855 nomen
3399 4800 3613 4857 sortita

1966 4901 2073 4952 est.
2104 4895 2204 4951 Hic
2236 4893 2458 4965 primus
2487 4890 2740 4947 omnium
2763 4891 2958 4945 Jovem
2997 4887 3336 4960 appellavit,
3371 4902 3530 4944 aram
3560 4890 3610 4945 ei

1967 4983 2173 5042 statuit
2211 4982 2530 5050 bovemque
2580 4978 2920 5048 immolavit,
2976 4976 3323 5035 simulachra
3369 4976 3607 5048 reperit,
3682 5010 3693 5013 -

1968 5079 2024 5129 et
2057 5072 2326 5130 victimas
2353 5067 2590 5139 obtulit,
2617 5081 2979 5138 nequaquam
3027 5065 3200 5122 istius
3258 5064 3412 5121 modi
3439 5066 3615 5122 rebus

1973 5164 2027 5219 in
2054 5160 2254 5217 Grecia
2275 5170 2525 5228 unquam
2557 5155 2699 5211 visis
2729 5172 2743 5219 ;
2775 5159 2971 5212 cetera
3023 5169 3253 5225 quoque
3275 5169 3406 5223 quae
3460 5154 3612 5224 apud

1570 5289 1805 5345 VARIA’.
1845 5284 2244 5343 LECTIONES.

291 5372 335 5406 ⁸¹
366 5375 434 5433 in
468 5376 589 5436 loco
614 5392 752 5437 raso
784 5385 832 5436 1.
865 5379 909 5414 ⁸²
939 5381 983 5437 V
1012 5398 1042 5441 e
1065 5397 1216 5442 corr.
1253 5389 1300 5439 1.
1339 5385 1404 5440 VI
1426 5386 1595 5442 Hier.
1631 5386 1651 5418 ³
1676 5386 1769 5443 ita
1797 5399 1826 5441 θ
1852 5399 2002 5443 corr.
2044 5390 2089 5439 1.
2121 5382 2165 5416 ⁸⁸
2196 5394 2377 5439 ecorr
2407 5383 2455 5432 1.

1800 5508 2021 5565 NOTAE.

209 5595 537 5678 ’,ΑΨ-89)
561 5609 697 5663 Tota
725 5606 988 5672 praefatio
1012 5606 1213 5678 paucis
1237 5608 1478 5678 mutatis
1508 5623 1578 5664 ex
1610 5608 1860 5664 Eusebio

223 5662 703 5749 ab,_§§¢ronymo
725 5662 1027 5735 translato
1075 5662 1391 5749 descripta
1412 5662 1539 5734 Vest.

298 5733 444 5809 (190)
476 5733 775 5807 Numeros,
791 5733 857 5806 et
875 5733 1054 5807 totam
1089 5733 1368 5805 annorum
1390 5747 1861 5822 supputationem

1974 5607 2349 5665 Ekkehardus
2382 5606 2438 5662 id
2470 5604 2851 5677 sequentibus
2892 5602 3063 5677 paulo
3104 5601 3370 5675 mutavit,
3423 5601 3616 5659 verbis

1969 5684 2163 5734 tamen
2195 5677 2522 5748 Hieronymi
2549 5675 2801 5732 servatis
