3932 6412
289 441 409 509 499

1437 442 1919 508 EKKEHABDI
1961 444 2518 514 URAUGIENSIS

3581 442 3717 511 500

295 575 512 636 Grecos
540 572 685 633 mira
712 572 1015 648 iactantur
1072 575 1400 651 posteriora
1451 577 1728 651 Cecropis
1777 577 2029 641 annisA
2059 584 2664 657 mordioincipientes,
2688 580 3098 654 generationes
3119 580 3348 652 patrum
3402 576 3473 637 ab
3524 576 3714 636 Adam

296 664 835 738 deprehenduntur.
870 667 954 723 Sit
982 681 1122 737 ergo
1146 668 1423 738 Cecropis
1455 668 1872 739 consequentia
1886 672 1943 724 et

296 753 491 825 Moysi.
513 755 649 810 Post
673 754 826 811 hunc
858 754 1216 811 describitur
1255 755 1537 813 diluvium
1574 758 1682 813 sub
1730 758 1947 813 Deuca.

296 841 470 911 lione,
486 841 812 898 incendium
828 842 938 898 sub
960 842 1264 914 Phetonte,
1283 844 1673 913 Ericthonius,
1705 843 1944 900 Vulcani

296 932 353 985 et
382 929 574 984 Terra
602 927 778 985 filius.
810 928 1231 999 Dardanusque
1262 931 1720 1001 quiDardaniam
1750 929 1947 986 condi-

297 1015 405 1087 dit,
440 1015 617 1072 Libia
649 1030 881 1087 quoque
910 1021 1116 1088 raptus
1146 1023 1203 1074 et
1228 1020 1495 1090 Europa,
1513 1019 1700 1075 sacris
1715 1018 1944 1075 Cereris

297 1108 474 1174 atque
504 1103 813 1162 delubrum
835 1105 1049 1177 Ysidis,
1086 1106 1142 1162 in
1156 1106 1427 1164 Eleusina
1447 1108 1753 1178 frumenta,
1787 1106 1945 1178 Trip-

294 1191 522 1264 tolemi,
545 1207 787 1263 regnum
803 1194 983 1265 Trois,

371 1281 562 1355 Cujus
583 1284 676 1341 alii
694 1284 905 1341 natum
922 1282 1308 1342 Ganimedem
1328 1285 1411 1342 ad
1444 1285 1651 1343 sidera
1702 1285 1946 1357 raptum

379 1371 534 1430 Vina
560 1371 700 1429 Jori
726 1373 968 1445 magnis
990 1374 1584 1446 coluerunt/undere
1610 1375 1852 1432 mensis.

300 1468 422 1534 Quo
446 1471 708 1540 tempore
738 1468 1013 1527 Tantalus
1039 1474 1096 1526 et
1126 1471 1331 1541 Tycius
1363 1472 1597 1529 fuerunt
1629 1474 1687 1527 et
1738 1469 1944 1542 Apollo

300 1561 473 1613 natus
492 1560 582 1613 est
616 1571 784 1623 ;nam
818 1558 1055 1629 Latona,
1087 1560 1251 1617 Jovis
1291 1561 1563 1631 conjunx,
1627 1574 1729 1632 per
1777 1559 1946 1631 Tycia

302 1642 446 1713 fugit
479 1658 697 1714 regna;
732 1645 964 1702 Latona
987 1652 1177 1703 autem
1201 1651 1257 1703 et
1298 1648 1457 1704 Iovis
1502 1648 1659 1704 filius
1717 1647 1943 1719 Apollo.

301 1731 439 1787 Post
471 1746 617 1802 quos
649 1733 927 1790 Cathmus
947 1735 1168 1791 Thebas
1199 1736 1378 1791 venit.

377 1818 493 1885 Qui
520 1820 794 1877 Semelen
808 1823 1035 1893 genuit,
1070 1823 1141 1879 de
1160 1837 1285 1895 qua
1301 1823 1719 1895 pulcherrima
1751 1823 1953 1895 proles

373 1905 548 1965 Liber
566 1909 1127 1982 eomligmzmpartu
1147 1912 1298 1969 tulit
1320 1912 1763 1985 edilafrugem.

305 1995 493 2051 Porro
526 1993 676 2051 liber
704 2000 764 2053 et
795 2012 940 2067 quos
956 2012 1087 2054 mox
1108 1999 1410 2057 inferimus
1460 2006 1592 2072 post
1626 1998 1959 2057 ducentesi-

305 2097 459 2139 mum
508 2097 719 2141 annum
750 2085 1026 2157 CecrOpis
1061 2087 1313 2159 fuerunt,
1376 2091 1551 2146 Linus
1626 2090 1855 2146 scilicet
1903 2093 1964 2144 et

306 2170 489 2228 Zetus
506 2172 902 2244 etAmphyon,
921 2175 1168 2245 Museus,
1189 2176 1472 2248 Orpheus,
1497 2178 1698 2248 Minos,
1716 2179 1967 2233 Perseus

306 2258 675 2331 Esculapius,
702 2262 910 2318 Castor
932 2267 988 2318 et
1015 2263 1472 2336 Polluxgemini,
1507 2266 1809 2336 Hercules,
1837 2279 1967 2323 cum

307 2361 420 2417 quo
454 2347 661 2421 Apollo
717 2349 958 2405 servivit
993 2351 1257 2409 Admeto.
1309 2355 1452 2411 Post
1485 2370 1631 2425 quos
1687 2357 1841 2411 facta
1873 2359 1968 2411 est

313 2434 497 2506 Troja
530 2437 860 2505 subversio,
906 2455 1074 2510 quam
1136 2443 1421 2499 Homerus
1485 2444 1657 2513 longo
1706 2444 1974 2514 sequitur

314 2523 628 2581 intervallo
654 2542 668 2589 ;
703 2527 985 2584 Homerus
1016 2534 1209 2586 autem
1233 2530 1442 2587 Solone
1466 2532 1733 2589 etTalete
1752 2532 1974 2588 Milesio

312 2612 657 2684 ceterisque
693 2615 789 2685 qui
821 2631 948 2673 cum
975 2617 1065 2673 his
1111 2623 1335 2690 septem
1368 2620 1667 2690 sapientes
1699 2618 1977 2691 appellati

302 2704 455 2758 'sunt
505 2702 692 2759 multo
759 2704 920 2775 prior
969 2708 1313 2778 reperitur;
1365 2708 1575 2765 deinde
1618 2704 1977 2782 Pythagoras

317 2786 549 2859 extitit,
578 2790 673 2860 qui
701 2805 765 2846 se
798 2806 910 2847 non
944 2794 1266 2865 sapientem
1292 2799 1358 2851 ut
1406 2795 1658 2868 priores,
1688 2796 1787 2852 sed
1848 2797 1984 2868 phy-

324 2874 660 2947 losophum,
691 2878 747 2933 id
770 2884 863 2935 est
885 2888 1202 2937 amatorem
1234 2884 1556 2954 sapientia,
1591 2884 1705 2941 dici
1745 2885 1931 2940 voluit
1966 2898 1979 2947 ;

242 3044 245 3049 ⁴
317 2977 488 3033 quem
512 2969 756 3023 secutus
793 2967 1089 3041 Socrates,
1109 2970 1853 3043 quiPlatonemerudivit,a
1871 2988 1982 3043 quo

321 3052 574 3109 famosas
610 3053 667 3109 in
693 3060 891 3126 partes
922 3058 1304 3131 phylosophia
1347 3060 1534 3117 divisa
1590 3068 1702 3117 est.
1766 3064 1979 3117 Horum

320 3139 782 3215 singulosjuxta
815 3146 1079 3203 ordinem
1122 3148 1382 3207 historia
1427 3151 1551 3208 suis
1581 3150 1726 3207 locis
1767 3150 1983 3207 insere~

327 3243 473 3285 mus.
502 3230 688 3300 Igitur
702 3233 936 3338 Moyses
961 3243 1205 3295 cunctos
1239 3254 1387 3309 quos
1416 3253 1594 3311 supra
1643 3237 1982 3295 memoravi-
2013 3276 2061 3338 Ο

334 3332 461 3374 mus
478 3321 794 3394 antecedit,
818 3325 951 3394 quia
965 3329 1142 3383 atate
1157 3328 1437 3399 CecrOpis
1486 3328 1667 3385 fuisse
1697 3332 1982 3384 monstra'

322 3410 421 3462 tus
449 3412 560 3464 est.
599 3411 685 3467 Ab
700 3415 1066 3482 octogesimo
1090 3420 1283 3472 autem
1310 3432 1458 3473 anno
1488 3418 1663 3488 Moysi
1697 3422 1756 3472 ct
1783 3417 1982 3485 egres‘

324 3494 488 3552 sione
519 3497 707 3555 Israel
725 3516 796 3555 ex
821 3504 1044 3574 Egypto
1073 3519 1305 3561 rursum
1323 3506 1395 3561 ad
1415 3505 1721 3576 superiora
1741 3508 1982 3561 conver'

321 3597 423 3640 sus
446 3598 631 3655 usque
650 3586 720 3643 ad
738 3590 990 3659 primum
1007 3606 1219 3649 annum
1236 3594 1485 3649 Abraha
1527 3593 1789 3664 reperies
1802 3607 1984 3649 annos

321 3675 424 3727 505
484 3670 550 3743 ⁸⁸,
612 3689 726 3745 quo
781 3676 1055 3735 similiter
1103 3684 1227 3736 ait}
1279 3695 1426 3737 anno
1486 3681 1761 3749 Cecropis
1800 3695 1985 3751 usque

325 3759 394 3814 ad
426 3760 634 3816 Nidum
659 3768 719 3818 et
769 3766 1208 3823 Semiramidem
1265 3768 1641 3839 Assyriorum
1692 3767 1988 3840 principes

324 3850 427 3904 505
494 3847 539 3881 ⁸ο
587 3850 944 3921 subputatis.
1020 3852 1269 3912 Primus
1327 3857 1544 3927 quippe
1592 3856 1747 3912 omni
1807 3857 1983 3926 Asia,

326 3935 594 4007 exceptis
615 3938 789 4011 Indis,
816 3941 1019 4013 Ninus,
1048 3943 1168 3999 Beli
1204 3944 1358 4001 [ilius
1396 3946 1724 4016 imperavit.
1774 3947 1981 4015 Itaque

328 4022 699 4081 manifestum
731 4032 826 4083 est
858 4031 1149 4087 Abraham
1200 4032 1326 4088 Nini
1385 4036 1560 4089 atate
1616 4038 1988 4103 generatum,

321 4109 488 4178 juxta
537 4128 670 4170 eum
727 4123 919 4173 tamen
975 4135 1282 4177 numerum
1319 4138 1486 4194 quem
1527 4123 1985 4179 contractiorem

327 4198 587 4258 editione
610 4203 843 4275 vulgata
868 4222 1061 4265 Sul‘mO
1090 4212 1299 4280 prebet
1339 4212 1615 4267 liebreus.
1684 4212 1895 4266 Verum
1931 4211 1985 4265 in

329 4287 676 4349 curiositate
702 4310 771 4349 ne
800 4310 1022 4366 cesses,
1050 4302 1110 4353 ct
1171 4316 1301 4355 cum
1336 4301 1587 4355 divinam
1623 4300 1984 4371 Scripturam

332 4375 646 4447 diligenter
681 4382 990 4455 evolveris,
1021 4401 1051 4442 a
1075 4387 1385 4445 netivitate
1447 4388 1737 4444 Abraham
1802 4402 1986 4458 usque

334 4464 404 4521 ad
433 4467 615 4524 totius
647 4471 810 4528 orbis
840 4473 1121 4531 diluvium
1156 4476 1416 4532 invenies
1447 4483 1772 4532 retrorsum
1805 4491 1986 4531 annos

333 4558 439 4610 292
471 4553 640 4628 (191),
677 4559 813 4616 item
854 4578 884 4619 a
918 4563 1139 4621 diluvio
1172 4564 1241 4619 ad
1290 4566 1469 4620 Adam
1525 4579 1708 4620 annos
1752 4568 1906 4633 1050,
1931 4564 1986 4618 in

2059 690 2244 746 usque
2276 676 2343 731 ad
2376 677 2515 745 Noe,
2566 680 2674 730 eta
2717 675 2833 729 Noe
2875 675 3006 743 post
3067 670 3355 728 diluvium
3408 682 3593 740 usque
3636 668 3712 724 ad

2059 764 2341 821 Abraham
2372 765 2798 833 describamus,
2825 760 3035 818 deinde
3058 775 3187 817 cum
3211 759 3428 816 ceteris
3456 758 3717 829 scripto-

2058 852 2223 907 ribus
2246 854 2317 907 ah
2349 851 2635 908 Abraham
2654 856 2712 907 et
2743 865 2773 906 a
2797 849 2939 905 Nino
2965 863 3148 919 usque
3179 848 3250 902 ad
3282 852 3540 902 nostram
3570 850 3718 902 ata-

2058 945 2173 995 tem
2205 941 2479 996 inl‘eriora
2510 945 2774 1011 tempora
2818 951 3261 1009 prosequamur,
3296 939 3353 991 et
3413 933 3615 991 statim
3653 933 3713 988 in

2058 1027 2347 1099 principio
2368 1028 2957 1097 sui,commemorato
3000 1024 3156 1089 Belo,
3213 1023 3341 1078 Nini
3395 1026 3582 1093 patre,
3652 1023 3715 1077 et

2057 1116 2652 1184 EgialoSicioniorum
2674 1130 2830 1184 rege,
2891 1115 3245 1169 IIebreorum
3300 1111 3586 1167 Abraham
3648 1112 3709 1165 et

2058 1205 2428 1273 Assyriorum
2452 1204 2655 1260 Ninum
2685 1210 2744 1260 et
2789 1201 3230 1258 Semiramidem
3290 1212 3708 1272 preponamus,

2059 1294 2193 1363 quia
2210 1308 2397 1364 neque
2420 1294 2774 1349 Athenarum
2790 1292 2977 1347 adhuc
2992 1291 3134 1346 urbs
3149 1304 3338 1360 neque
3358 1288 3713 1358 Argivorum

2060 1397 2300 1450 regnum
2324 1397 2529 1439 nomen
2554 1386 2881 1453 acceperat,
2908 1380 3051 1436 solis
3094 1378 3365 1435 Sicioniis
3411 1377 3468 1433 in
3501 1374 3713 1432 Grecia

2062 1470 2423 1539 ﬂorentibus,
2459 1470 2612 1543 apud
2636 1485 2785 1541 quos
2815 1469 3181 1539 temporibus
3215 1466 3462 1523 Abraha
3495 1468 3552 1521 et
3584 1463 3720 1520 Nini

2061 1561 2349 1632 Europem
2400 1559 2716 1616 secundum
2777 1572 3051 1627 regnasse
3104 1557 3315 1612 ferunt.
3393 1554 3555 1621 Quod
3609 1567 3723 1609 cur

2064 1650 2238 1705 etiam
2262 1654 2439 1705 etnos
2461 1652 2755 1720 putemus,
2792 1644 3294 1703 demonstrabitur
3320 1643 3377 1699 in
3427 1641 3725 1714 sequenti-

2071 1739 2177 1794 bus
2200 1736 2262 1792 ⁸⁷.

2140 1826 2193 1879 Si
2219 1825 2367 1881 enim
2394 1825 2705 1896 diligenter
2735 1837 3041 1880 enumeres
3071 1836 3101 1879 a
3136 1818 3578 1892 quadragesimo
3603 1822 3725 1873 ter-

1987 1930 2040 1987 Β
2071 1915 2162 1970 cio
2186 1929 2334 1970 anno
2360 1914 2485 1970 Nini
2518 1928 2700 1985 usque
2720 1912 2791 1968 ad
2811 1912 2857 1946 ⁸⁸
2885 1911 3069 1982 Troja
3097 1909 3521 1982 captivitatem,
3563 1906 3726 1961 inve-

2074 2004 2198 2058 nies
2221 2017 2402 2060 annos
2423 2005 2544 2074 834,
2578 2002 2714 2057 item
2739 2002 2794 2056 in
2829 2001 3053 2057 Sicione
3084 2013 3114 2055 a
3144 2003 3214 2055 22
3245 2012 3392 2054 anno
3428 1995 3583 2066 regis
3613 1995 3727 2050 Eu-

2078 2092 2236 2163 ropis
2267 2106 2454 2163 usque
2482 2092 2551 2148 ad
2586 2091 2988 2162 supradictum
3022 2094 3253 2161 tempus
3274 2084 3507 2143 eosdem
3539 2097 3726 2141 annos

2081 2181 2342 2237 invenies
2398 2183 2522 2250 834,
2582 2181 2733 2251 apud
2789 2180 3049 2235 Hebreos
3124 2175 3357 2249 quoque
3414 2172 3725 2229 nativitate

2086 2268 2369 2323 Abraham
2401 2281 2585 2336 usque
2610 2267 2678 2321 ad
2716 2267 2959 2322 tercium
3001 2278 3209 2320 annum
3264 2261 3495 2332 Lapdon
3551 2258 3596 2293 ⁸⁸
3632 2259 3725 2329 ju-

2085 2356 2234 2412 dicis
2288 2357 2666 2423 Hebreorum,
2695 2356 2789 2426 qui
2832 2353 3092 2423 Trojanis
3120 2350 3481 2423 temporibus
3510 2346 3728 2420 populo

2084 2444 2323 2516 prefuit,
2347 2458 2511 2514 aque
2534 2442 2579 2477 ⁰⁰
2601 2443 2950 2514 supputabis
2982 2455 3164 2497 annos
3214 2443 3336 2510 834,
3386 2439 3523 2494 item
3572 2434 3730 2508 apud

2087 2532 2380 2604 {Egyptios
2394 2534 2466 2588 ab
2482 2537 2654 2588 atate
2677 2531 2806 2587 Nini
2821 2538 2877 2587 et
2895 2532 2962 2586 Se
2974 2528 3318 2599 miramidis,
3332 2542 3445 2599 quo
3465 2530 3732 2597 tempore

2090 2625 2155 2677 16
2172 2622 2286 2692 jam
2310 2620 2561 2677 dinastia
2580 2620 2791 2676 Thebei
2820 2618 3104 2690 [Egyptiis
3125 2617 3508 2688 imperabant,
3544 2627 3732 2684 usque

2090 2710 2157 2766 ad
2173 2709 2505 2766 vicesimam
2521 2708 2853 2778 dinastiam,
2875 2708 2930 2763 id
2949 2712 3041 2763 est
3056 2709 3437 2778 potestatem,
3453 2707 3511 2759 et
3533 2715 3731 2771 regem

2088 2797 2316 2869 :Egypti
2338 2797 2616 2867 Theoren,
2650 2797 2747 2867 qui
2780 2796 2850 2851 ab
2895 2798 3141 2851 Homero
3176 2792 3413 2864 Polipus
3460 2793 3728 2856 vocatur,

2090 2887 2198 2942 sub
2231 2900 2345 2957 quo
2375 2886 2551 2941 etiam
2572 2885 2738 2957 Troja
2767 2888 2941 2956 capta
2987 2888 3096 2954 est,
3150 2881 3508 2952 colliguntur
3555 2890 3732 2950 supra

2091 2973 2230 3030 dicti
2263 2974 2533 3030 anni834.

2161 3060 2345 3130 Igitur
2366 3063 2798 3130 consequenter
2846 3073 2961 3114 uno
3015 3056 3333 3127 eodemque
3377 3059 3637 3124 tempore
3677 3051 3730 3106 in

2090 3149 2295 3205 ordine
2325 3147 2740 3220 descriptionis
2775 3159 3055 3218 ponemus
3070 3144 3377 3211 Abraham,
3403 3143 3608 3199 Ninum
3642 3139 3733 3196 vel

2093 3237 2551 3306 Semiramidem,
2628 3237 2934 3307 Europam,
3017 3233 3412 3306 Egyptiorum
3454 3230 3729 3286 Thebeos.

2093 3328 2254 3383 Nunc
2281 3326 2455 3381 etiam
2485 3323 2627 3381 illud
2653 3325 2707 3380 in
2741 3339 2879 3381 cura
2895 3327 3003 3393 est,
3039 3327 3104 3379 ut
3131 3322 3487 3379 Hebreorum
3510 3330 3738 3390 quoque

2096 3429 2277 3470 annos
2297 3413 2351 3469 in
2386 3416 2636 3484 quatuor
2666 3417 2926 3483 tempora
2963 3411 3311 3480 dividamus,
3357 3409 3428 3465 ab
3450 3404 3734 3463 Abraham

2095 3516 2279 3574 usque
2304 3502 2374 3558 ad
2394 3503 2642 3573 Moysen,
2670 3517 2698 3556 a
2733 3502 2923 3571 Moyse
2956 3514 3138 3570 usque
3170 3499 3263 3561 ad,
3293 3497 3530 3569 primam
3563 3493 3740 3551 aditi-

2095 3590 2382 3647 cationem
2413 3590 2639 3661 templi,
2667 3590 2738 3646 ab
2769 3588 3155 3646 adificatione
3207 3585 3409 3658 templi
3434 3597 3619 3654 usque
3669 3581 3738 3639 ad

2096 3678 2405 3736 secundam
2440 3693 2551 3749 qua
2584 3678 2970 3734 instauratum
3001 3680 3088 3732 est
3128 3675 3194 3745 ’1,
3229 3671 3737 3731 abinstauratione

2097 3770 2223 3839 ejus
2244 3782 2430 3839 usque
2450 3768 2518 3824 ad
2546 3767 2858 3824 adventum
2880 3765 3092 3822 Christi
3112 3765 3356 3839 Domini.
3376 3765 3416 3819 A
3433 3761 3737 3819 nativitatc

2101 3859 2315 3930 quippe
2348 3856 2634 3913 Abraham
2668 3871 2851 3926 usque
2908 3855 2978 3911 ad
3044 3856 3270 3925 Moysen
3325 3856 3382 3908 et
3441 3862 3736 3922 egressum

2101 3946 2278 4003 Israel
2337 3960 2409 4001 ex
2467 3946 2710 4016 Egypto
2734 3945 3148 4015 computantur
3189 3941 3321 3998 anni
3362 3943 3484 4008 505,
3534 3935 3738 3994 exinde

2103 4050 2287 4105 usque
2321 4034 2389 4090 ad
2424 4032 2785 4089 Salomonem
2804 4039 2859 4087 et
2879 4032 3117 4103 primam
3145 4028 3585 4087 adiﬁcationem
3601 4029 3741 4080 tem-

2101 4123 2181 4194 pli
2213 4122 2343 4178 anni
2378 4120 2548 4191 478”,
2593 4122 2913 4176 secundum
2971 4119 3248 4174 minorem
3307 4121 3500 4172 tamen
3551 4127 3741 4169 nume-

2101 4227 2247 4281 rum,
2276 4224 2444 4281 quem
2480 4210 2697 4265 tercius
2728 4210 3057 4277 Regnorum
3092 4207 3240 4263 liber
3271 4206 3532 4261 continet
3568 4219 3583 4269 ;
3615 4214 3741 4257 nam

2094 4301 2261 4370 juxta
2293 4298 2561 4354 volumen
2603 4298 2872 4354 Iudicum
2934 4300 3329 4367 suppetant-ur
3356 4292 3486 4349 anni
3546 4294 3737 4351 600;a

2101 4386 2403 4443 Salomone
2436 4401 2573 4440 vero
2632 4399 2816 4455 usque
2872 4383 2943 4438 ad
2994 4382 3470 4438 instaurationem
3519 4376 3738 4447 templi,

2103 4490 2230 4546 qua
2249 4475 2358 4530 sub
2388 4473 2878 4529 liarioPersarum
2896 4486 3031 4540 rege
3075 4471 3352 4537 factaest,
3390 4466 3742 4536 colliguntur

2103 4563 2235 4619 anni
2289 4566 2596 4633 512,porro
2644 4576 2674 4616 a
2717 4560 2888 4615 Dario
2938 4574 3125 4628 usque
3159 4559 3229 4614 ad
3287 4554 3740 4628 predicationem

334 4642 550 4712 quibus
580 4647 736 4704 nulla
766 4650 1000 4720 penitus
1024 4666 1130 4710 nec
1162 4654 1365 4722 Greca,
1397 4667 1504 4708 nec
1526 4653 1793 4721 barbara,
1820 4654 1876 4707 et
1925 4656 1986 4709 ut
2024 4635 2069 4693 ί)
2107 4649 2325 4707 Domini
2354 4649 2531 4703 Jhesu
2562 4647 2774 4704 Christi
2833 4651 2889 4702 et
2925 4660 3107 4717 usque
3156 4644 3229 4701 ad
3288 4648 3483 4700 15mm
3538 4656 3741 4698 annum

338 4731 394 4787 in
408 4746 710 4792 commune
725 4736 1114 4809 loquar,nulla
1130 4741 1371 4810 gentilis
1386 4740 1681 4798 invenitur
1700 4741 1984 4811 hysteria.

339 4817 487 4893 (102)
512 4821 690 4888 Quam
724 4826 798 4881 ob
831 4842 950 4883 rem
982 4843 1183 4884 omnes
1205 4828 1990 4900 hystoriarumscriptoresa

337 4907 504 4979 Nino,
539 4911 635 4981 qui
659 4927 765 4969 suo
796 4929 974 4985 regno
1014 4929 1126 4973 non
1184 4921 1497 4975 contentus
1531 4918 1717 4974 aliena
1776 4916 1991 4974 invasit

339 4996 543 5055 etideo
568 4999 790 5072 primus
814 5017 1089 5073 regnasse
1108 5004 1682 5078 dicitur,temporum
1704 5004 1993 5077 incipiunt

343 5083 724 5155 digestiones.
762 5091 876 5148 Nos
898 5092 970 5148 ab
996 5091 1123 5164 ipso
1180 5095 1483 5152 mundana
1524 5094 1841 5152 creationis
1880 5095 1997 5165 pri-

2101 4738 2326 4810 Tyberii
2360 4736 2643 4808 principis
2666 4737 3053 4791 Romanorum
3078 4733 3393 4805 explentur
3420 4728 3737 4788 anni547”.

2104 4830 2305 4898 Itaque
2330 4825 2500 4882 simul
2534 4825 2675 4880 fiunt
2705 4826 2776 4881 ab
2837 4825 3123 4879 Abraham
3181 4836 3365 4893 usque
3423 4819 3493 4876 ad
3557 4822 3743 4874 15ωιιω

2102 4914 2328 4987 Tyberii
2390 4930 2597 4970 annum
2635 4913 2763 4969 anni
2796 4916 2936 4969 2042
2980 4912 3042 4968 ⁹⁶.
3078 4911 3357 4967 Similiter
3416 4924 3445 4965 a
3507 4911 3573 4964 43
3605 4922 3745 4963 anno

2104 5004 2231 5060 Nini
2262 5002 2307 5035 ³⁸
2359 5016 2539 5073 usque
2591 5002 2660 5057 ad
2696 5004 2761 5056 46
2787 5001 2886 5040 tum
2928 5000 3205 5071 Cecropis
3267 5001 3403 5055 sunt
3459 4995 3590 5052 anni
3650 4999 3745 5051 505

2106 5092 2316 5148 exinde
2372 5105 2557 5162 usque
2580 5089 2651 5146 ad
2693 5089 3095 5162 captivitatem
3140 5087 3323 5157 Troja
3373 5085 3506 5142 anni
3549 5087 3668 5153 329,
3717 5098 3744 5139 a

1710 5271 1946 5328 VARLE
1987 5267 2393 5329 LECTIONES.

412 5386 458 5420 ⁸⁸
514 5388 559 5443 V
606 5404 637 5447 e
689 5406 840 5451 corr.
890 5399 940 5451 1.
973 5393 1019 5428 “
1058 5409 1088 5453 e
1125 5410 1274 5455 corr.
1338 5402 1385 5453 1.
1419 5396 1464 5432 ⁸⁷
1510 5398 1566 5454 ἱιι
1598 5413 1643 5455 s.
1677 5410 1707 5454 e
1731 5410 1882 5455 corr.
1919 5401 1967 5451 1.
2003 5393 2047 5428 ⁸⁸
2077 5411 2106 5451 a
2139 5393 2343 5464 quadr.
2380 5424 2447 5445 τ-
2512 5393 2582 5448 ad
2632 5405 2863 5464 _ecorr.
2912 5396 2934 5447 1
2980 5408 2995 5457 ;
3047 5388 3105 5445 el
3127 5386 3349 5458 ubique
3381 5387 3557 5464 Δζεῖζςγ

347 5466 923 5546 ξηρζξςιζοελῃαιαρίξ.
965 5464 1010 5499 ⁸⁸
1079 5472 1121 5523 t.
1182 5483 1232 5525 a.
1260 5468 1300 5546 l.
1331 5470 1564 5546 iri__lo_c_o
1609 5482 1750 5546 raso
1791 5474 1862 5546 _1._
1896 5466 1943 5500 9°
1972 5468 2024 5546 it
2044 5457 2213 5546 aque
2271 5479 2300 5521 e
2329 5462 2826 5546 corr..1.‘”tu_m
2899 5464 3043 5519 este
3088 5457 3324 5517 corri1.
3380 5457 3424 5491 ³³
3476 5459 3543 5512 IX

348 5526 394 5559 ”
424 5529 547 5587 VIII
599 5534 771 5591 Hier.
807 5536 851 5569 °‘
879 5536 993 5594 duo
1022 5552 1219 5596 ecorr.
1282 5545 1330 5596 1.
1365 5542 1434 5596 IV
1473 5540 1648 5596 Hier.
1680 5538 1725 5573 ³⁸
1748 5537 1864 5594 nini
1892 5540 2084 5594 —.DV
2109 5526 2333 5606 ἐρρηθη
2366 5535 2715 5603 uiride-tur,
2745 5539 2792 5589 1.

3559 5384 3748 5512 οέκηιὶ

3644 5470 3742 5512 ier.

3644 5470 3742 5513 ιθν.

1946 5662 2148 5719 NOTAE
2164 5705 2176 5719 .

426 5777 576 5855 (191)
606 5782 891 5843 Numeros
928 5787 1258 5860 Hieronymi
1314 5789 1693 5848 Ekkehardus
1741 5788 2007 5847 mutavit.

2197 5786 2347 5857 (192)
2378 5785 2511 5841 Hac
2543 5781 2680 5839 Ekk.
2707 5779 2943 5851 adjecit.
