  <div class='ocr_page' id='page_1' title='image "/cluster/home/n/w/nwhite01/storage/ocr_20150623/153-154/uc1.31175019678096/842.png"; bbox 0 0 3932 6440; ppageno 0'>
   <div class='ocr_carea' id='block_1_1' title="bbox 168 455 303 518">
    <p class='ocr_par' dir='ltr' id='par_1_1' title="bbox 168 455 303 518">
     <span class='ocr_line' id='line_1_1' title="bbox 168 455 303 518; baseline 0 -1"><span class='ocrx_word' id='word_1_1' title='bbox 168 455 303 518; x_wconf 85' lang='grc'><strong>501</strong></span> 
     </span>
    </p>
   </div>
   <div class='ocr_carea' id='block_1_2' title="bbox 1125 457 2750 525">
    <p class='ocr_par' dir='ltr' id='par_1_2' title="bbox 1125 457 2750 525">
     <span class='ocr_line' id='line_1_2' title="bbox 1125 457 2750 525; baseline -0.001 -1"><span class='ocrx_word' id='word_1_2' title='bbox 1125 461 1561 525; x_wconf 77' lang='lat' dir='ltr'>CHRONICA.</span> <span class='ocrx_word' id='word_1_3' title='bbox 1595 497 1672 506; x_wconf 94' lang='lat'><strong>—</strong></span> <span class='ocrx_word' id='word_1_4' title='bbox 1703 457 2177 522; x_wconf 82' lang='lat' dir='ltr'>CHRONICON</span> <span class='ocrx_word' id='word_1_5' title='bbox 2222 459 2750 524; x_wconf 78' lang='lat' dir='ltr'>UNIVERSALE</span> 
     </span>
    </p>
   </div>
   <div class='ocr_carea' id='block_1_3' title="bbox 3524 464 3642 526">
    <p class='ocr_par' dir='ltr' id='par_1_3' title="bbox 3524 464 3642 526">
     <span class='ocr_line' id='line_1_3' title="bbox 3524 464 3642 526; baseline 0 0"><span class='ocrx_word' id='word_1_6' title='bbox 3524 464 3642 526; x_wconf 78' lang='lat'>502</span> 
     </span>
    </p>
   </div>
   <div class='ocr_carea' id='block_1_4' title="bbox 170 589 3634 670">
    <p class='ocr_par' dir='ltr' id='par_1_4' title="bbox 170 589 3634 670">
     <span class='ocr_line' id='line_1_4' title="bbox 170 589 3634 670; baseline 0.003 -26"><span class='ocrx_word' id='word_1_7' title='bbox 170 589 582 661; x_wconf 79' lang='lat' dir='ltr'>captivitate</span> <span class='ocrx_word' id='word_1_8' title='bbox 604 595 787 666; x_wconf 75' lang='lat' dir='ltr'>Trojze</span> <span class='ocrx_word' id='word_1_9' title='bbox 807 597 1074 667; x_wconf 85' lang='lat' dir='ltr'>usquead</span> <span class='ocrx_word' id='word_1_10' title='bbox 1102 597 1724 670; x_wconf 89' lang='lat' dir='ltr'>primamolimpiadem</span> <span class='ocrx_word' id='word_1_11' title='bbox 1746 593 1876 650; x_wconf 91' lang='lat' dir='ltr'>anni</span> <span class='ocrx_word' id='word_1_12' title='bbox 1908 593 1964 654; x_wconf 87' lang='lat' dir='ltr'><strong>A</strong></span> <span class='ocrx_word' id='word_1_13' title='bbox 2066 593 2275 650; x_wconf 90' lang='lat' dir='ltr'>Cainan</span> <span class='ocrx_word' id='word_1_14' title='bbox 2309 612 2457 652; x_wconf 88' lang='lat' dir='ltr'>anno</span> <span class='ocrx_word' id='word_1_15' title='bbox 2483 597 2611 653; x_wconf 72' lang='lat' dir='ltr'>vita:</span> <span class='ocrx_word' id='word_1_16' title='bbox 2631 614 2749 654; x_wconf 75' lang='lat' dir='ltr'>sum</span> <span class='ocrx_word' id='word_1_17' title='bbox 2775 597 3208 670; x_wconf 86' lang='lat' dir='ltr'>septuagesimo</span> <span class='ocrx_word' id='word_1_18' title='bbox 3229 598 3428 669; x_wconf 82' lang='lat' dir='ltr'>genuit</span> <span class='ocrx_word' id='word_1_19' title='bbox 3465 597 3634 656; x_wconf 86' lang='lat' dir='ltr'>Mala-</span> 
     </span>
    </p>
   </div>
   <div class='ocr_carea' id='block_1_5' title="bbox 178 679 1880 757">
    <p class='ocr_par' dir='ltr' id='par_1_5' title="bbox 178 679 1880 757">
     <span class='ocr_line' id='line_1_5' title="bbox 178 679 1880 757; baseline 0.001 -21"><span class='ocrx_word' id='word_1_20' title='bbox 178 679 388 751; x_wconf 70' lang='lat'>405&quot;,</span> <span class='ocrx_word' id='word_1_21' title='bbox 423 697 457 738; x_wconf 85' lang='lat' dir='ltr'>a</span> <span class='ocrx_word' id='word_1_22' title='bbox 502 685 686 754; x_wconf 89' lang='lat' dir='ltr'>prima</span> <span class='ocrx_word' id='word_1_23' title='bbox 721 684 1030 757; x_wconf 89' lang='lat' dir='ltr'>olimpiade</span> <span class='ocrx_word' id='word_1_24' title='bbox 1065 703 1247 757; x_wconf 92' lang='lat' dir='ltr'>usque</span> <span class='ocrx_word' id='word_1_25' title='bbox 1271 688 1338 742; x_wconf 90' lang='lat' dir='ltr'>ad</span> <span class='ocrx_word' id='word_1_26' title='bbox 1364 687 1680 743; x_wconf 90' lang='lat' dir='ltr'>secundum</span> <span class='ocrx_word' id='word_1_27' title='bbox 1727 683 1880 740; x_wconf 89' lang='lat' dir='ltr'>Darii</span> 
     </span>
    </p>
   </div>
   <div class='ocr_carea' id='block_1_6' title="bbox 178 773 1883 847">
    <p class='ocr_par' dir='ltr' id='par_1_6' title="bbox 178 773 1883 847">
     <span class='ocr_line' id='line_1_6' title="bbox 178 773 1883 847; baseline 0.003 -24"><span class='ocrx_word' id='word_1_28' title='bbox 178 782 430 826; x_wconf 86' lang='lat' dir='ltr'>annum</span> <span class='ocrx_word' id='word_1_29' title='bbox 467 777 537 828; x_wconf 89' lang='lat' dir='ltr'>et</span> <span class='ocrx_word' id='word_1_30' title='bbox 592 773 1077 831; x_wconf 82' lang='lat' dir='ltr'>instaurationem</span> <span class='ocrx_word' id='word_1_31' title='bbox 1126 777 1326 847; x_wconf 83' lang='lat' dir='ltr'>templi</span> <span class='ocrx_word' id='word_1_32' title='bbox 1361 778 1491 832; x_wconf 89' lang='lat' dir='ltr'>anni</span> <span class='ocrx_word' id='word_1_33' title='bbox 1523 780 1647 845; x_wconf 76' lang='lat'>256,</span> <span class='ocrx_word' id='word_1_34' title='bbox 1684 777 1752 831; x_wconf 90' lang='lat' dir='ltr'>ab</span> <span class='ocrx_word' id='word_1_35' title='bbox 1801 775 1883 829; x_wconf 90' lang='lat' dir='ltr'>in-</span> 
     </span>
    </p>
   </div>
   <div class='ocr_carea' id='block_1_7' title="bbox 183 860 1880 936">
    <p class='ocr_par' dir='ltr' id='par_1_7' title="bbox 183 860 1880 936">
     <span class='ocr_line' id='line_1_7' title="bbox 183 860 1880 936; baseline 0.002 -23"><span class='ocrx_word' id='word_1_36' title='bbox 183 860 604 918; x_wconf 86' lang='lat' dir='ltr'>stauratione</span> <span class='ocrx_word' id='word_1_37' title='bbox 635 863 837 934; x_wconf 80' lang='lat' dir='ltr'>templi</span> <span class='ocrx_word' id='word_1_38' title='bbox 871 879 1054 934; x_wconf 89' lang='lat' dir='ltr'>usque</span> <span class='ocrx_word' id='word_1_39' title='bbox 1088 865 1156 920; x_wconf 89' lang='lat' dir='ltr'>ad</span> <span class='ocrx_word' id='word_1_40' title='bbox 1192 870 1385 920; x_wconf 68' lang='lat' dir='ltr'>15mm</span> <span class='ocrx_word' id='word_1_41' title='bbox 1415 865 1638 936; x_wconf 76' lang='lat' dir='ltr'>Tyberii</span> <span class='ocrx_word' id='word_1_42' title='bbox 1672 878 1880 918; x_wconf 89' lang='lat' dir='ltr'>annum</span> 
     </span>
    </p>
   </div>
   <div class='ocr_carea' id='block_1_8' title="bbox 181 949 1879 1019">
    <p class='ocr_par' dir='ltr' id='par_1_8' title="bbox 181 949 1879 1019">
     <span class='ocr_line' id='line_1_8' title="bbox 181 949 1879 1019; baseline 0.002 -19"><span class='ocrx_word' id='word_1_43' title='bbox 181 951 250 1000; x_wconf 91' lang='lat' dir='ltr'>et</span> <span class='ocrx_word' id='word_1_44' title='bbox 287 949 788 1018; x_wconf 86' lang='lat' dir='ltr'>predicationem</span> <span class='ocrx_word' id='word_1_45' title='bbox 841 953 1055 1008; x_wconf 80' lang='lat' dir='ltr'>Christi</span> <span class='ocrx_word' id='word_1_46' title='bbox 1089 955 1219 1008; x_wconf 90' lang='lat' dir='ltr'>anni</span> <span class='ocrx_word' id='word_1_47' title='bbox 1270 954 1446 1010; x_wconf 67' lang='lat'><strong>54797.</strong></span> <span class='ocrx_word' id='word_1_48' title='bbox 1483 953 1622 1008; x_wconf 89' lang='lat' dir='ltr'>Sunt</span> <span class='ocrx_word' id='word_1_49' title='bbox 1682 966 1820 1019; x_wconf 84' lang='lat' dir='ltr'>ergo</span> <span class='ocrx_word' id='word_1_50' title='bbox 1852 965 1879 1005; x_wconf 89' lang='lat' dir='ltr'>a</span> 
     </span>
    </p>
   </div>
   <div class='ocr_carea' id='block_1_9' title="bbox 181 1035 1880 1112">
    <p class='ocr_par' dir='ltr' id='par_1_9' title="bbox 181 1035 1880 1112">
     <span class='ocr_line' id='line_1_9' title="bbox 181 1035 1880 1112; baseline 0.003 -22"><span class='ocrx_word' id='word_1_51' title='bbox 181 1035 352 1092; x_wconf 84' lang='lat' dir='ltr'>Nino</span> <span class='ocrx_word' id='word_1_52' title='bbox 416 1043 486 1093; x_wconf 89' lang='lat' dir='ltr'>et</span> <span class='ocrx_word' id='word_1_53' title='bbox 555 1040 930 1096; x_wconf 88' lang='lat' dir='ltr'>Semiramide</span> <span class='ocrx_word' id='word_1_54' title='bbox 961 1040 1007 1073; x_wconf 70' lang='grc'><strong>⁸⁸</strong></span> <span class='ocrx_word' id='word_1_55' title='bbox 1040 1058 1217 1112; x_wconf 88' lang='lat' dir='ltr'>usque</span> <span class='ocrx_word' id='word_1_56' title='bbox 1274 1044 1345 1096; x_wconf 86' lang='lat' dir='ltr'>ad</span> <span class='ocrx_word' id='word_1_57' title='bbox 1405 1048 1599 1098; x_wconf 64' lang='lat' dir='ltr'>trimum</span> <span class='ocrx_word' id='word_1_58' title='bbox 1653 1041 1880 1110; x_wconf 72' lang='lat' dir='ltr'>Tyberii</span> 
     </span>
    </p>
   </div>
   <div class='ocr_carea' id='block_1_10' title="bbox 187 1125 1880 1201">
    <p class='ocr_par' dir='ltr' id='par_1_10' title="bbox 187 1125 1880 1201">
     <span class='ocr_line' id='line_1_10' title="bbox 187 1125 1880 1201; baseline 0.002 -22"><span class='ocrx_word' id='word_1_59' title='bbox 187 1125 481 1182; x_wconf 75' lang='lat' dir='ltr'>Caesaris</span> <span class='ocrx_word' id='word_1_60' title='bbox 512 1141 724 1184; x_wconf 89' lang='lat' dir='ltr'>annum</span> <span class='ocrx_word' id='word_1_61' title='bbox 773 1131 912 1185; x_wconf 78' lang='grc'><strong>2042</strong></span> <span class='ocrx_word' id='word_1_62' title='bbox 937 1130 1069 1185; x_wconf 89' lang='lat' dir='ltr'>anni</span> <span class='ocrx_word' id='word_1_63' title='bbox 1110 1130 1172 1200; x_wconf 70' lang='lat'>&#39;9,</span> <span class='ocrx_word' id='word_1_64' title='bbox 1225 1146 1369 1201; x_wconf 90' lang='lat' dir='ltr'>quos</span> <span class='ocrx_word' id='word_1_65' title='bbox 1401 1137 1460 1186; x_wconf 88' lang='lat' dir='ltr'>et</span> <span class='ocrx_word' id='word_1_66' title='bbox 1491 1131 1561 1186; x_wconf 89' lang='lat' dir='ltr'>ab</span> <span class='ocrx_word' id='word_1_67' title='bbox 1597 1131 1880 1185; x_wconf 85' lang='lat' dir='ltr'>Abraham</span> 
     </span>
    </p>
   </div>
   <div class='ocr_carea' id='block_1_11' title="bbox 187 1215 1663 1289">
    <p class='ocr_par' dir='ltr' id='par_1_11' title="bbox 187 1215 1663 1289">
     <span class='ocr_line' id='line_1_11' title="bbox 187 1215 1663 1289; baseline 0.005 -21"><span class='ocrx_word' id='word_1_68' title='bbox 187 1228 406 1284; x_wconf 88' lang='lat' dir='ltr'>usque</span> <span class='ocrx_word' id='word_1_69' title='bbox 443 1215 527 1270; x_wconf 88' lang='lat' dir='ltr'>ad</span> <span class='ocrx_word' id='word_1_70' title='bbox 559 1217 864 1286; x_wconf 86' lang='lat' dir='ltr'>Tyberium</span> <span class='ocrx_word' id='word_1_71' title='bbox 897 1223 1246 1289; x_wconf 88' lang='lat' dir='ltr'>supputatos</span> <span class='ocrx_word' id='word_1_72' title='bbox 1277 1219 1663 1276; x_wconf 84' lang='lat' dir='ltr'>ostendimus.</span> 
     </span>
    </p>
   </div>
   <div class='ocr_carea' id='block_1_12' title="bbox 272 1303 1882 1375">
    <p class='ocr_par' dir='ltr' id='par_1_12' title="bbox 272 1303 1882 1375">
     <span class='ocr_line' id='line_1_12' title="bbox 272 1303 1882 1375; baseline 0.001 -18"><span class='ocrx_word' id='word_1_73' title='bbox 272 1303 401 1358; x_wconf 87' lang='lat' dir='ltr'>Sed</span> <span class='ocrx_word' id='word_1_74' title='bbox 446 1317 526 1358; x_wconf 85' lang='lat' dir='ltr'>ne</span> <span class='ocrx_word' id='word_1_75' title='bbox 576 1303 784 1374; x_wconf 87' lang='lat' dir='ltr'>longus</span> <span class='ocrx_word' id='word_1_76' title='bbox 836 1306 984 1361; x_wconf 89' lang='lat' dir='ltr'>forte</span> <span class='ocrx_word' id='word_1_77' title='bbox 1037 1321 1410 1362; x_wconf 87' lang='lat' dir='ltr'>numerorum</span> <span class='ocrx_word' id='word_1_78' title='bbox 1462 1306 1603 1361; x_wconf 92' lang='lat' dir='ltr'>ordo</span> <span class='ocrx_word' id='word_1_79' title='bbox 1663 1304 1882 1375; x_wconf 87' lang='lat' dir='ltr'>aliquid</span> 
     </span>
    </p>
   </div>
   <div class='ocr_carea' id='block_1_13' title="bbox 189 1391 1877 1466">
    <p class='ocr_par' dir='ltr' id='par_1_13' title="bbox 189 1391 1877 1466">
     <span class='ocr_line' id='line_1_13' title="bbox 189 1391 1877 1466; baseline 0.003 -22"><span class='ocrx_word' id='word_1_80' title='bbox 189 1391 597 1448; x_wconf 84' lang='lat' dir='ltr'>turbationis</span> <span class='ocrx_word' id='word_1_81' title='bbox 612 1393 836 1463; x_wconf 84' lang='lat' dir='ltr'>afferat,</span> <span class='ocrx_word' id='word_1_82' title='bbox 859 1409 886 1448; x_wconf 89' lang='lat' dir='ltr'>a</span> <span class='ocrx_word' id='word_1_83' title='bbox 906 1394 1238 1450; x_wconf 88' lang='lat' dir='ltr'>conditione</span> <span class='ocrx_word' id='word_1_84' title='bbox 1266 1396 1430 1466; x_wconf 89' lang='lat' dir='ltr'>pruni</span> <span class='ocrx_word' id='word_1_85' title='bbox 1452 1395 1698 1451; x_wconf 86' lang='lat' dir='ltr'>hominis</span> <span class='ocrx_word' id='word_1_86' title='bbox 1724 1396 1877 1465; x_wconf 61' lang='lat' dir='ltr'>Adae,</span> 
     </span>
    </p>
   </div>
   <div class='ocr_carea' id='block_1_14' title="bbox 195 1479 1878 1552">
    <p class='ocr_par' dir='ltr' id='par_1_14' title="bbox 195 1479 1878 1552">
     <span class='ocr_line' id='line_1_14' title="bbox 195 1479 1878 1552; baseline 0.002 -18"><span class='ocrx_word' id='word_1_87' title='bbox 195 1479 302 1548; x_wconf 87' lang='lat' dir='ltr'>qui</span> <span class='ocrx_word' id='word_1_88' title='bbox 343 1485 537 1536; x_wconf 86' lang='lat' dir='ltr'>sexto</span> <span class='ocrx_word' id='word_1_89' title='bbox 589 1482 891 1539; x_wconf 65' lang='lat' dir='ltr'>mundanae</span> <span class='ocrx_word' id='word_1_90' title='bbox 946 1484 1260 1540; x_wconf 86' lang='lat' dir='ltr'>creationis</span> <span class='ocrx_word' id='word_1_91' title='bbox 1298 1483 1389 1538; x_wconf 89' lang='lat' dir='ltr'>die</span> <span class='ocrx_word' id='word_1_92' title='bbox 1452 1485 1734 1538; x_wconf 90' lang='lat' dir='ltr'>formatus</span> <span class='ocrx_word' id='word_1_93' title='bbox 1766 1488 1878 1552; x_wconf 87' lang='lat' dir='ltr'>est,</span> 
     </span>
    </p>
   </div>
   <div class='ocr_carea' id='block_1_15' title="bbox 190 1569 1879 1643">
    <p class='ocr_par' dir='ltr' id='par_1_15' title="bbox 190 1569 1879 1643">
     <span class='ocr_line' id='line_1_15' title="bbox 190 1569 1879 1643; baseline 0.003 -20"><span class='ocrx_word' id='word_1_94' title='bbox 190 1569 612 1639; x_wconf 83' lang='lat' dir='ltr'>genealogias</span> <span class='ocrx_word' id='word_1_95' title='bbox 641 1570 1009 1641; x_wconf 89' lang='lat' dir='ltr'>antiquorum</span> <span class='ocrx_word' id='word_1_96' title='bbox 1039 1577 1264 1643; x_wconf 81' lang='lat' dir='ltr'>patrum</span> <span class='ocrx_word' id='word_1_97' title='bbox 1290 1587 1474 1642; x_wconf 91' lang='lat' dir='ltr'>usque</span> <span class='ocrx_word' id='word_1_98' title='bbox 1500 1573 1567 1628; x_wconf 89' lang='lat' dir='ltr'>ad</span> <span class='ocrx_word' id='word_1_99' title='bbox 1598 1575 1879 1628; x_wconf 74' lang='lat' dir='ltr'>Abraham</span> 
     </span>
    </p>
   </div>
   <div class='ocr_carea' id='block_1_16' title="bbox 195 1658 1880 1732">
    <p class='ocr_par' dir='ltr' id='par_1_16' title="bbox 195 1658 1880 1732">
     <span class='ocr_line' id='line_1_16' title="bbox 195 1658 1880 1732; baseline 0.003 -20"><span class='ocrx_word' id='word_1_100' title='bbox 195 1658 627 1728; x_wconf 83' lang='lat' dir='ltr'>conferamus,</span> <span class='ocrx_word' id='word_1_101' title='bbox 683 1665 747 1716; x_wconf 92' lang='lat' dir='ltr'>ut</span> <span class='ocrx_word' id='word_1_102' title='bbox 783 1659 968 1716; x_wconf 82' lang='lat' dir='ltr'>facilis</span> <span class='ocrx_word' id='word_1_103' title='bbox 1025 1662 1357 1732; x_wconf 63' lang='lat' dir='ltr'>prmbeatur</span> <span class='ocrx_word' id='word_1_104' title='bbox 1403 1662 1678 1726; x_wconf 75' lang='lat' dir='ltr'>inventio,</span> <span class='ocrx_word' id='word_1_105' title='bbox 1713 1663 1880 1732; x_wconf 88' lang='lat' dir='ltr'>cujus</span> 
     </span>
    </p>
   </div>
   <div class='ocr_carea' id='block_1_17' title="bbox 197 1745 1881 1820">
    <p class='ocr_par' dir='ltr' id='par_1_17' title="bbox 197 1745 1881 1820">
     <span class='ocr_line' id='line_1_17' title="bbox 197 1745 1881 1820; baseline 0.004 -20"><span class='ocrx_word' id='word_1_106' title='bbox 197 1745 386 1801; x_wconf 88' lang='lat' dir='ltr'>Greci</span> <span class='ocrx_word' id='word_1_107' title='bbox 413 1745 519 1800; x_wconf 88' lang='lat' dir='ltr'>vel</span> <span class='ocrx_word' id='word_1_108' title='bbox 548 1747 778 1802; x_wconf 90' lang='lat' dir='ltr'>barbari</span> <span class='ocrx_word' id='word_1_109' title='bbox 805 1754 976 1804; x_wconf 64' lang='lat' dir='ltr'>{etate</span> <span class='ocrx_word' id='word_1_110' title='bbox 1001 1751 1300 1820; x_wconf 76' lang='lat' dir='ltr'>prophetae</span> <span class='ocrx_word' id='word_1_111' title='bbox 1333 1756 1389 1805; x_wconf 90' lang='lat' dir='ltr'>et</span> <span class='ocrx_word' id='word_1_112' title='bbox 1416 1766 1584 1820; x_wconf 86' lang='lat' dir='ltr'>reges</span> <span class='ocrx_word' id='word_1_113' title='bbox 1608 1755 1662 1806; x_wconf 88' lang='lat' dir='ltr'>et</span> <span class='ocrx_word' id='word_1_114' title='bbox 1691 1766 1881 1808; x_wconf 88' lang='lat' dir='ltr'>sacer-</span> 
     </span>
    </p>
   </div>
   <div class='ocr_carea' id='block_1_18' title="bbox 200 1832 1882 1909">
    <p class='ocr_par' dir='ltr' id='par_1_18' title="bbox 200 1832 1882 1909">
     <span class='ocr_line' id='line_1_18' title="bbox 200 1832 1882 1909; baseline 0.004 -22"><span class='ocrx_word' id='word_1_115' title='bbox 200 1832 391 1890; x_wconf 90' lang='lat' dir='ltr'>dotes</span> <span class='ocrx_word' id='word_1_116' title='bbox 417 1835 788 1891; x_wconf 84' lang='lat' dir='ltr'>Hebreorum</span> <span class='ocrx_word' id='word_1_117' title='bbox 824 1837 1057 1906; x_wconf 89' lang='lat' dir='ltr'>fuerint,</span> <span class='ocrx_word' id='word_1_118' title='bbox 1084 1838 1333 1908; x_wconf 84' lang='lat' dir='ltr'>itemque</span> <span class='ocrx_word' id='word_1_119' title='bbox 1368 1839 1726 1895; x_wconf 87' lang='lat' dir='ltr'>diversarum</span> <span class='ocrx_word' id='word_1_120' title='bbox 1746 1855 1882 1909; x_wconf 90' lang='lat' dir='ltr'>gen-</span> 
     </span>
    </p>
   </div>
   <div class='ocr_carea' id='block_1_19' title="bbox 1992 681 3634 758">
    <p class='ocr_par' dir='ltr' id='par_1_19' title="bbox 1992 681 3634 758">
     <span class='ocr_line' id='line_1_19' title="bbox 1992 681 3634 758; baseline 0.004 -22"><span class='ocrx_word' id='word_1_121' title='bbox 1992 681 2123 753; x_wconf 89' lang='lat' dir='ltr'>leel,</span> <span class='ocrx_word' id='word_1_122' title='bbox 2150 684 2317 753; x_wconf 83' lang='lat' dir='ltr'>cujus</span> <span class='ocrx_word' id='word_1_123' title='bbox 2358 701 2560 742; x_wconf 89' lang='lat' dir='ltr'>nomen</span> <span class='ocrx_word' id='word_1_124' title='bbox 2601 687 3025 758; x_wconf 86' lang='lat' dir='ltr'>interpretatur</span> <span class='ocrx_word' id='word_1_125' title='bbox 3065 688 3370 758; x_wconf 71' lang='lat' dir='ltr'>plantatio</span> <span class='ocrx_word' id='word_1_126' title='bbox 3392 688 3523 758; x_wconf 77' lang='lat' dir='ltr'>Dei,</span> <span class='ocrx_word' id='word_1_127' title='bbox 3552 688 3634 743; x_wconf 87' lang='lat' dir='ltr'>vi-</span> 
     </span>
    </p>
   </div>
   <div class='ocr_carea' id='block_1_20' title="bbox 1994 772 3642 832">
    <p class='ocr_par' dir='ltr' id='par_1_20' title="bbox 1994 772 3642 832">
     <span class='ocr_line' id='line_1_20' title="bbox 1994 772 3642 832; baseline 0.004 -6"><span class='ocrx_word' id='word_1_128' title='bbox 1994 777 2162 828; x_wconf 87' lang='lat' dir='ltr'>vente</span> <span class='ocrx_word' id='word_1_129' title='bbox 2194 772 2380 829; x_wconf 88' lang='lat' dir='ltr'>adhue</span> <span class='ocrx_word' id='word_1_130' title='bbox 2404 775 2580 830; x_wconf 80' lang='lat' dir='ltr'>Adam</span> <span class='ocrx_word' id='word_1_131' title='bbox 2605 781 2662 830; x_wconf 90' lang='lat' dir='ltr'>et</span> <span class='ocrx_word' id='word_1_132' title='bbox 2687 776 2935 830; x_wconf 86' lang='lat' dir='ltr'>habente</span> <span class='ocrx_word' id='word_1_133' title='bbox 2961 791 3142 832; x_wconf 79' lang='lat' dir='ltr'>annos</span> <span class='ocrx_word' id='word_1_134' title='bbox 3163 780 3284 831; x_wconf 75' lang='grc'><strong>395.</strong></span> <span class='ocrx_word' id='word_1_135' title='bbox 3313 776 3524 832; x_wconf 87' lang='lat' dir='ltr'>Cainau</span> <span class='ocrx_word' id='word_1_136' title='bbox 3544 791 3642 832; x_wconf 89' lang='lat' dir='ltr'>au-</span> 
     </span>
    </p>
   </div>
   <div class='ocr_carea' id='block_1_21' title="bbox 1991 861 3385 933">
    <p class='ocr_par' dir='ltr' id='par_1_21' title="bbox 1991 861 3385 933">
     <span class='ocr_line' id='line_1_21' title="bbox 1991 861 3385 933; baseline 0.007 -21"><span class='ocrx_word' id='word_1_137' title='bbox 1991 861 2106 914; x_wconf 89' lang='lat' dir='ltr'>tem</span> <span class='ocrx_word' id='word_1_138' title='bbox 2134 866 2438 931; x_wconf 84' lang='lat' dir='ltr'>postquam</span> <span class='ocrx_word' id='word_1_139' title='bbox 2474 864 2612 918; x_wconf 82' lang='lat' dir='ltr'>vixit</span> <span class='ocrx_word' id='word_1_140' title='bbox 2643 869 2960 933; x_wconf 78' lang='lat' dir='ltr'>annothO,</span> <span class='ocrx_word' id='word_1_141' title='bbox 2981 869 3246 921; x_wconf 88' lang='lat' dir='ltr'>mortuus</span> <span class='ocrx_word' id='word_1_142' title='bbox 3277 871 3385 922; x_wconf 89' lang='lat' dir='ltr'>est.</span> 
     </span>
    </p>
   </div>
   <div class='ocr_carea' id='block_1_22' title="bbox 2069 948 3634 1024">
    <p class='ocr_par' dir='ltr' id='par_1_22' title="bbox 2069 948 3634 1024">
     <span class='ocr_line' id='line_1_22' title="bbox 2069 948 3634 1024; baseline 0.005 -22"><span class='ocrx_word' id='word_1_143' title='bbox 2069 948 2254 1018; x_wconf 77' lang='grc'><strong>(1811).)</strong></span> <span class='ocrx_word' id='word_1_144' title='bbox 2285 949 2582 1006; x_wconf 83' lang='lat' dir='ltr'>Malalebel</span> <span class='ocrx_word' id='word_1_145' title='bbox 2606 967 2754 1007; x_wconf 89' lang='lat' dir='ltr'>anno</span> <span class='ocrx_word' id='word_1_146' title='bbox 2779 953 2912 1010; x_wconf 67' lang='lat' dir='ltr'>vita:</span> <span class='ocrx_word' id='word_1_147' title='bbox 2938 969 3055 1009; x_wconf 76' lang='lat' dir='ltr'>suae</span> <span class='ocrx_word' id='word_1_148' title='bbox 3103 958 3170 1008; x_wconf 75' lang='lat'>65</span> <span class='ocrx_word' id='word_1_149' title='bbox 3227 955 3429 1022; x_wconf 83' lang='lat' dir='ltr'>genuit</span> <span class='ocrx_word' id='word_1_150' title='bbox 3456 957 3634 1024; x_wconf 83' lang='lat' dir='ltr'>Jaret,</span> 
     </span>
    </p>
   </div>
   <div class='ocr_carea' id='block_1_23' title="bbox 1995 1036 3636 1114">
    <p class='ocr_par' dir='ltr' id='par_1_23' title="bbox 1995 1036 3636 1114">
     <span class='ocr_line' id='line_1_23' title="bbox 1995 1036 3636 1114; baseline 0.007 -27"><span class='ocrx_word' id='word_1_151' title='bbox 1995 1036 2090 1104; x_wconf 93' lang='lat' dir='ltr'>qui</span> <span class='ocrx_word' id='word_1_152' title='bbox 2126 1037 2551 1108; x_wconf 72' lang='lat' dir='ltr'>interpretatur</span> <span class='ocrx_word' id='word_1_153' title='bbox 2581 1041 2931 1098; x_wconf 70' lang='lat' dir='ltr'>descendens</span> <span class='ocrx_word' id='word_1_154' title='bbox 2962 1043 3084 1097; x_wconf 89' lang='lat' dir='ltr'>sive</span> <span class='ocrx_word' id='word_1_155' title='bbox 3114 1057 3421 1114; x_wconf 52' lang='lat' dir='ltr'>superans,</span> <span class='ocrx_word' id='word_1_156' title='bbox 3459 1044 3636 1101; x_wconf 86' lang='lat' dir='ltr'>Adam</span> 
     </span>
    </p>
   </div>
   <div class='ocr_carea' id='block_1_24' title="bbox 1993 1123 3638 1202">
    <p class='ocr_par' dir='ltr' id='par_1_24' title="bbox 1993 1123 3638 1202">
     <span class='ocr_line' id='line_1_24' title="bbox 1993 1123 3638 1202; baseline 0.007 -23"><span class='ocrx_word' id='word_1_157' title='bbox 1993 1123 2181 1181; x_wconf 90' lang='lat' dir='ltr'>adhuc</span> <span class='ocrx_word' id='word_1_158' title='bbox 2204 1127 2435 1182; x_wconf 85' lang='lat' dir='ltr'>vivente</span> <span class='ocrx_word' id='word_1_159' title='bbox 2460 1134 2516 1182; x_wconf 89' lang='lat' dir='ltr'>et</span> <span class='ocrx_word' id='word_1_160' title='bbox 2540 1130 2788 1185; x_wconf 82' lang='lat' dir='ltr'>habente</span> <span class='ocrx_word' id='word_1_161' title='bbox 2814 1146 2995 1186; x_wconf 89' lang='lat' dir='ltr'>annos</span> <span class='ocrx_word' id='word_1_162' title='bbox 3033 1130 3151 1187; x_wconf 82' lang='grc'>460.</span> <span class='ocrx_word' id='word_1_163' title='bbox 3180 1134 3513 1202; x_wconf 88' lang='lat' dir='ltr'>Ipseautem</span> <span class='ocrx_word' id='word_1_164' title='bbox 3530 1135 3638 1190; x_wconf 86' lang='lat' dir='ltr'>Ma-</span> 
     </span>
    </p>
   </div>
   <div class='ocr_carea' id='block_1_25' title="bbox 1994 1210 3384 1289">
    <p class='ocr_par' dir='ltr' id='par_1_25' title="bbox 1994 1210 3384 1289">
     <span class='ocr_line' id='line_1_25' title="bbox 1994 1210 3384 1289; baseline 0.007 -25"><span class='ocrx_word' id='word_1_165' title='bbox 1994 1210 2200 1269; x_wconf 86' lang='lat' dir='ltr'>lalehel</span> <span class='ocrx_word' id='word_1_166' title='bbox 2223 1231 2351 1271; x_wconf 89' lang='lat' dir='ltr'>eum</span> <span class='ocrx_word' id='word_1_167' title='bbox 2381 1217 2819 1275; x_wconf 88' lang='lat' dir='ltr'>vixissetannos</span> <span class='ocrx_word' id='word_1_168' title='bbox 2843 1224 2966 1289; x_wconf 74' lang='lat'>895,</span> <span class='ocrx_word' id='word_1_169' title='bbox 2989 1224 3254 1277; x_wconf 89' lang='lat' dir='ltr'>mortuus</span> <span class='ocrx_word' id='word_1_170' title='bbox 3275 1224 3384 1277; x_wconf 90' lang='lat' dir='ltr'>est.</span> 
     </span>
    </p>
   </div>
   <div class='ocr_carea' id='block_1_26' title="bbox 2062 1304 3637 1378">
    <p class='ocr_par' dir='ltr' id='par_1_26' title="bbox 2062 1304 3637 1378">
     <span class='ocr_line' id='line_1_26' title="bbox 2062 1304 3637 1378; baseline 0.008 -23"><span class='ocrx_word' id='word_1_171' title='bbox 2062 1304 2257 1357; x_wconf 84' lang='lat' dir='ltr'>Jareth</span> <span class='ocrx_word' id='word_1_172' title='bbox 2292 1320 2440 1359; x_wconf 89' lang='lat' dir='ltr'>anno</span> <span class='ocrx_word' id='word_1_173' title='bbox 2498 1307 2633 1361; x_wconf 68' lang='lat' dir='ltr'>vitae</span> <span class='ocrx_word' id='word_1_174' title='bbox 2667 1322 2784 1363; x_wconf 68' lang='lat' dir='ltr'>suae</span> <span class='ocrx_word' id='word_1_175' title='bbox 2819 1312 2920 1363; x_wconf 88' lang='lat'>162</span> <span class='ocrx_word' id='word_1_176' title='bbox 2950 1308 3152 1377; x_wconf 79' lang='lat' dir='ltr'>genuit</span> <span class='ocrx_word' id='word_1_177' title='bbox 3207 1310 3421 1378; x_wconf 89' lang='lat' dir='ltr'>Enoch,</span> <span class='ocrx_word' id='word_1_178' title='bbox 3461 1311 3637 1367; x_wconf 83' lang='lat' dir='ltr'>Adam</span> 
     </span>
    </p>
   </div>
   <div class='ocr_carea' id='block_1_27' title="bbox 1992 1390 3636 1456">
    <p class='ocr_par' dir='ltr' id='par_1_27' title="bbox 1992 1390 3636 1456">
     <span class='ocr_line' id='line_1_27' title="bbox 1992 1390 3636 1456; baseline 0.007 -11"><span class='ocrx_word' id='word_1_179' title='bbox 1992 1390 2179 1447; x_wconf 92' lang='lat' dir='ltr'>adhuc</span> <span class='ocrx_word' id='word_1_180' title='bbox 2211 1391 2440 1447; x_wconf 85' lang='lat' dir='ltr'>vivente</span> <span class='ocrx_word' id='word_1_181' title='bbox 2471 1399 2528 1448; x_wconf 89' lang='lat' dir='ltr'>et</span> <span class='ocrx_word' id='word_1_182' title='bbox 2559 1396 2662 1450; x_wconf 85' lang='lat'><strong>622</strong></span> <span class='ocrx_word' id='word_1_183' title='bbox 2692 1410 2872 1451; x_wconf 89' lang='lat' dir='ltr'>annos</span> <span class='ocrx_word' id='word_1_184' title='bbox 2901 1397 3172 1452; x_wconf 90' lang='lat' dir='ltr'>habente.</span> <span class='ocrx_word' id='word_1_185' title='bbox 3216 1399 3414 1454; x_wconf 88' lang='lat' dir='ltr'>Jareth</span> <span class='ocrx_word' id='word_1_186' title='bbox 3445 1404 3636 1456; x_wconf 90' lang='lat' dir='ltr'>autem</span> 
     </span>
    </p>
   </div>
   <div class='ocr_carea' id='block_1_28' title="bbox 1991 1483 3206 1548">
    <p class='ocr_par' dir='ltr' id='par_1_28' title="bbox 1991 1483 3206 1548">
     <span class='ocr_line' id='line_1_28' title="bbox 1991 1483 3206 1548; baseline 0.007 -19"><span class='ocrx_word' id='word_1_187' title='bbox 1991 1491 2118 1530; x_wconf 91' lang='lat' dir='ltr'>cum</span> <span class='ocrx_word' id='word_1_188' title='bbox 2152 1483 2309 1533; x_wconf 88' lang='lat' dir='ltr'>esset</span> <span class='ocrx_word' id='word_1_189' title='bbox 2342 1492 2619 1535; x_wconf 90' lang='lat' dir='ltr'>annorum</span> <span class='ocrx_word' id='word_1_190' title='bbox 2650 1483 2772 1548; x_wconf 86' lang='grc'><strong>942,</strong></span> <span class='ocrx_word' id='word_1_191' title='bbox 2799 1487 3064 1538; x_wconf 89' lang='lat' dir='ltr'>mortuus</span> <span class='ocrx_word' id='word_1_192' title='bbox 3095 1490 3206 1537; x_wconf 88' lang='lat' dir='ltr'>est.</span> 
     </span>
    </p>
   </div>
   <div class='ocr_carea' id='block_1_29' title="bbox 2062 1566 3634 1646">
    <p class='ocr_par' dir='ltr' id='par_1_29' title="bbox 2062 1566 3634 1646">
     <span class='ocr_line' id='line_1_29' title="bbox 2062 1566 3634 1646; baseline 0.008 -28"><span class='ocrx_word' id='word_1_193' title='bbox 2062 1566 2255 1620; x_wconf 83' lang='lat' dir='ltr'>Enoch</span> <span class='ocrx_word' id='word_1_194' title='bbox 2311 1581 2457 1622; x_wconf 88' lang='lat' dir='ltr'>anno</span> <span class='ocrx_word' id='word_1_195' title='bbox 2511 1569 2647 1624; x_wconf 71' lang='lat' dir='ltr'>vitae</span> <span class='ocrx_word' id='word_1_196' title='bbox 2681 1584 2800 1625; x_wconf 64' lang='lat' dir='ltr'>sua)</span> <span class='ocrx_word' id='word_1_197' title='bbox 2852 1573 2920 1624; x_wconf 74' lang='lat'>6:5</span> <span class='ocrx_word' id='word_1_198' title='bbox 2975 1571 3176 1639; x_wconf 82' lang='lat' dir='ltr'>genuit</span> <span class='ocrx_word' id='word_1_199' title='bbox 3234 1574 3634 1646; x_wconf 85' lang='lat' dir='ltr'>Mathusalam,</span> 
     </span>
    </p>
   </div>
   <div class='ocr_carea' id='block_1_30' title="bbox 1992 1653 3637 1721">
    <p class='ocr_par' dir='ltr' id='par_1_30' title="bbox 1992 1653 3637 1721">
     <span class='ocr_line' id='line_1_30' title="bbox 1992 1653 3637 1721; baseline 0.008 -15"><span class='ocrx_word' id='word_1_200' title='bbox 1992 1653 2221 1708; x_wconf 88' lang='lat' dir='ltr'>vivente</span> <span class='ocrx_word' id='word_1_201' title='bbox 2253 1655 2441 1710; x_wconf 88' lang='lat' dir='ltr'>adhuc</span> <span class='ocrx_word' id='word_1_202' title='bbox 2475 1657 2653 1711; x_wconf 81' lang='lat' dir='ltr'>Adam</span> <span class='ocrx_word' id='word_1_203' title='bbox 2688 1664 2746 1712; x_wconf 90' lang='lat' dir='ltr'>et</span> <span class='ocrx_word' id='word_1_204' title='bbox 2791 1658 3041 1714; x_wconf 86' lang='lat' dir='ltr'>habente</span> <span class='ocrx_word' id='word_1_205' title='bbox 3073 1675 3255 1716; x_wconf 87' lang='lat' dir='ltr'>annos</span> <span class='ocrx_word' id='word_1_206' title='bbox 3287 1664 3408 1718; x_wconf 87' lang='lat'>687.</span> <span class='ocrx_word' id='word_1_207' title='bbox 3445 1664 3637 1721; x_wconf 88' lang='lat' dir='ltr'>Enoch</span> 
     </span>
    </p>
   </div>
   <div class='ocr_carea' id='block_1_31' title="bbox 1992 1746 3633 1821">
    <p class='ocr_par' dir='ltr' id='par_1_31' title="bbox 1992 1746 3633 1821">
     <span class='ocr_line' id='line_1_31' title="bbox 1992 1746 3633 1821; baseline 0.007 -25"><span class='ocrx_word' id='word_1_208' title='bbox 1992 1747 2184 1797; x_wconf 89' lang='lat' dir='ltr'>autem</span> <span class='ocrx_word' id='word_1_209' title='bbox 2226 1749 2533 1814; x_wconf 87' lang='lat' dir='ltr'>postquam</span> <span class='ocrx_word' id='word_1_210' title='bbox 2559 1746 2705 1800; x_wconf 82' lang='lat' dir='ltr'>vixit</span> <span class='ocrx_word' id='word_1_211' title='bbox 2727 1760 2905 1802; x_wconf 89' lang='lat' dir='ltr'>annos</span> <span class='ocrx_word' id='word_1_212' title='bbox 2929 1751 3051 1816; x_wconf 69' lang='lat'>305,</span> <span class='ocrx_word' id='word_1_213' title='bbox 3088 1757 3291 1819; x_wconf 89' lang='lat' dir='ltr'>raptus</span> <span class='ocrx_word' id='word_1_214' title='bbox 3311 1755 3402 1806; x_wconf 90' lang='lat' dir='ltr'>est</span> <span class='ocrx_word' id='word_1_215' title='bbox 3436 1766 3465 1808; x_wconf 92' lang='lat' dir='ltr'>a</span> <span class='ocrx_word' id='word_1_216' title='bbox 3497 1753 3633 1821; x_wconf 89' lang='lat' dir='ltr'>Deo,</span> 
     </span>
    </p>
   </div>
   <div class='ocr_carea' id='block_1_32' title="bbox 1995 1830 3637 1908">
    <p class='ocr_par' dir='ltr' id='par_1_32' title="bbox 1995 1830 3637 1908">
     <span class='ocr_line' id='line_1_32' title="bbox 1995 1830 3637 1908; baseline 0.007 -24"><span class='ocrx_word' id='word_1_217' title='bbox 1995 1830 2241 1902; x_wconf 92' lang='lat' dir='ltr'>ideoque</span> <span class='ocrx_word' id='word_1_218' title='bbox 2259 1833 2388 1888; x_wconf 80' lang='lat' dir='ltr'>finis</span> <span class='ocrx_word' id='word_1_219' title='bbox 2412 1833 2536 1901; x_wconf 89' lang='lat' dir='ltr'>ejus</span> <span class='ocrx_word' id='word_1_220' title='bbox 2553 1849 2663 1888; x_wconf 92' lang='lat' dir='ltr'>non</span> <span class='ocrx_word' id='word_1_221' title='bbox 2682 1834 2976 1890; x_wconf 88' lang='lat' dir='ltr'>invenitur</span> <span class='ocrx_word' id='word_1_222' title='bbox 2999 1839 3392 1908; x_wconf 90' lang='lat' dir='ltr'>conscriptus.</span> <span class='ocrx_word' id='word_1_223' title='bbox 3412 1840 3637 1896; x_wconf 89' lang='lat' dir='ltr'>Dicitur</span> 
     </span>
    </p>
   </div>
   <div class='ocr_carea' id='block_1_33' title="bbox 203 1920 3632 1999">
    <p class='ocr_par' dir='ltr' id='par_1_33' title="bbox 203 1920 3632 1999">
     <span class='ocr_line' id='line_1_33' title="bbox 203 1920 3632 1999; baseline 0.006 -34"><span class='ocrx_word' id='word_1_224' title='bbox 203 1921 360 1978; x_wconf 66' lang='lat' dir='ltr'>[ium</span> <span class='ocrx_word' id='word_1_225' title='bbox 405 1922 564 1979; x_wconf 65' lang='lat'>[‘3150</span> <span class='ocrx_word' id='word_1_226' title='bbox 587 1925 792 1979; x_wconf 67' lang='lat' dir='ltr'>crediti</span> <span class='ocrx_word' id='word_1_227' title='bbox 821 1925 919 1994; x_wconf 60' lang='lat' dir='ltr'>dii,</span> <span class='ocrx_word' id='word_1_228' title='bbox 949 1925 1042 1995; x_wconf 75' lang='lat' dir='ltr'>qui</span> <span class='ocrx_word' id='word_1_229' title='bbox 1069 1926 1295 1989; x_wconf 50' lang='lat' dir='ltr'>heroes,</span> <span class='ocrx_word' id='word_1_230' title='bbox 1331 1943 1456 1996; x_wconf 58' lang='lat' dir='ltr'>quas;</span> <span class='ocrx_word' id='word_1_231' title='bbox 1482 1929 1622 1982; x_wconf 66' lang='lat' dir='ltr'>urbs</span> <span class='ocrx_word' id='word_1_232' title='bbox 1649 1929 1877 1998; x_wconf 66' lang='lat' dir='ltr'>quando</span> <span class='ocrx_word' id='word_1_233' title='bbox 1910 1940 1962 1998; x_wconf 78' lang='grc' dir='ltr'>Β</span> <span class='ocrx_word' id='word_1_234' title='bbox 1992 1925 2183 1973; x_wconf 90' lang='lat' dir='ltr'>autem</span> <span class='ocrx_word' id='word_1_235' title='bbox 2216 1920 2391 1975; x_wconf 90' lang='lat' dir='ltr'>multa</span> <span class='ocrx_word' id='word_1_236' title='bbox 2428 1921 2759 1992; x_wconf 83' lang='lat' dir='ltr'>scripsisse,</span> <span class='ocrx_word' id='word_1_237' title='bbox 2799 1923 2899 1978; x_wconf 85' lang='lat' dir='ltr'>sed</span> <span class='ocrx_word' id='word_1_238' title='bbox 2935 1925 3004 1978; x_wconf 89' lang='lat' dir='ltr'>ab</span> <span class='ocrx_word' id='word_1_239' title='bbox 3047 1926 3397 1995; x_wconf 84' lang='lat' dir='ltr'>antiquitate</span> <span class='ocrx_word' id='word_1_240' title='bbox 3431 1943 3632 1999; x_wconf 90' lang='lat' dir='ltr'>suspe-</span> 
     </span>
    </p>
   </div>
   <div class='ocr_carea' id='block_1_34' title="bbox 200 2011 1876 2086">
    <p class='ocr_par' dir='ltr' id='par_1_34' title="bbox 200 2011 1876 2086">
     <span class='ocr_line' id='line_1_34' title="bbox 200 2011 1876 2086; baseline 0.004 -20"><span class='ocrx_word' id='word_1_241' title='bbox 200 2011 491 2079; x_wconf 86' lang='lat' dir='ltr'>condita,</span> <span class='ocrx_word' id='word_1_242' title='bbox 532 2011 626 2080; x_wconf 87' lang='lat' dir='ltr'>qui</span> <span class='ocrx_word' id='word_1_243' title='bbox 654 2011 722 2066; x_wconf 88' lang='lat' dir='ltr'>de</span> <span class='ocrx_word' id='word_1_244' title='bbox 758 2012 1085 2068; x_wconf 88' lang='lat' dir='ltr'>illustribus</span> <span class='ocrx_word' id='word_1_245' title='bbox 1105 2014 1245 2069; x_wconf 88' lang='lat' dir='ltr'>viris</span> <span class='ocrx_word' id='word_1_246' title='bbox 1270 2015 1635 2086; x_wconf 73' lang='lat' dir='ltr'>phylosophi,</span> <span class='ocrx_word' id='word_1_247' title='bbox 1671 2022 1876 2086; x_wconf 61' lang='lat' dir='ltr'>poetic,</span> 
     </span>
    </p>
   </div>
   <div class='ocr_carea' id='block_1_35' title="bbox 204 2098 1881 2174">
    <p class='ocr_par' dir='ltr' id='par_1_35' title="bbox 204 2098 1881 2174">
     <span class='ocr_line' id='line_1_35' title="bbox 204 2098 1881 2174; baseline 0.004 -21"><span class='ocrx_word' id='word_1_248' title='bbox 204 2098 558 2170; x_wconf 88' lang='lat' dir='ltr'>principes,</span> <span class='ocrx_word' id='word_1_249' title='bbox 583 2101 678 2170; x_wconf 85' lang='lat' dir='ltr'>qui</span> <span class='ocrx_word' id='word_1_250' title='bbox 713 2101 1123 2172; x_wconf 74' lang='lat' dir='ltr'>scriptores100</span> <span class='ocrx_word' id='word_1_251' title='bbox 1149 2104 1438 2158; x_wconf 89' lang='lat' dir='ltr'>variorum</span> <span class='ocrx_word' id='word_1_252' title='bbox 1472 2120 1710 2174; x_wconf 88' lang='lat' dir='ltr'>operum</span> <span class='ocrx_word' id='word_1_253' title='bbox 1736 2106 1881 2159; x_wconf 87' lang='lat' dir='ltr'>exti-</span> 
     </span>
    </p>
   </div>
   <div class='ocr_carea' id='block_1_36' title="bbox 203 2187 1882 2262">
    <p class='ocr_par' dir='ltr' id='par_1_36' title="bbox 203 2187 1882 2262">
     <span class='ocr_line' id='line_1_36' title="bbox 203 2187 1882 2262; baseline 0.003 -20"><span class='ocrx_word' id='word_1_254' title='bbox 203 2187 430 2257; x_wconf 88' lang='lat' dir='ltr'>terint,</span> <span class='ocrx_word' id='word_1_255' title='bbox 473 2192 530 2242; x_wconf 81' lang='lat' dir='ltr'>et</span> <span class='ocrx_word' id='word_1_256' title='bbox 569 2189 616 2244; x_wconf 88' lang='lat' dir='ltr'>si</span> <span class='ocrx_word' id='word_1_257' title='bbox 651 2204 759 2258; x_wconf 88' lang='lat' dir='ltr'>qua</span> <span class='ocrx_word' id='word_1_258' title='bbox 815 2189 922 2244; x_wconf 88' lang='lat' dir='ltr'>alia</span> <span class='ocrx_word' id='word_1_259' title='bbox 955 2189 1122 2259; x_wconf 88' lang='lat' dir='ltr'>digna</span> <span class='ocrx_word' id='word_1_260' title='bbox 1175 2193 1444 2247; x_wconf 81' lang='lat' dir='ltr'>memoria</span> <span class='ocrx_word' id='word_1_261' title='bbox 1484 2193 1704 2262; x_wconf 84' lang='lat' dir='ltr'>putavit</span> <span class='ocrx_word' id='word_1_262' title='bbox 1738 2193 1882 2247; x_wconf 90' lang='lat' dir='ltr'>anti-</span> 
     </span>
    </p>
   </div>
   <div class='ocr_carea' id='block_1_37' title="bbox 205 2275 1880 2345">
    <p class='ocr_par' dir='ltr' id='par_1_37' title="bbox 205 2275 1880 2345">
     <span class='ocr_line' id='line_1_37' title="bbox 205 2275 1880 2345; baseline 0.004 -16"><span class='ocrx_word' id='word_1_263' title='bbox 205 2275 445 2344; x_wconf 86' lang='lat' dir='ltr'>quitas,</span> <span class='ocrx_word' id='word_1_264' title='bbox 505 2290 632 2345; x_wconf 73' lang='lat' dir='ltr'>quze</span> <span class='ocrx_word' id='word_1_265' title='bbox 693 2277 965 2332; x_wconf 89' lang='lat' dir='ltr'>universa</span> <span class='ocrx_word' id='word_1_266' title='bbox 999 2278 1050 2332; x_wconf 93' lang='lat' dir='ltr'>in</span> <span class='ocrx_word' id='word_1_267' title='bbox 1115 2279 1231 2334; x_wconf 91' lang='lat' dir='ltr'>suis</span> <span class='ocrx_word' id='word_1_268' title='bbox 1266 2279 1410 2334; x_wconf 90' lang='lat' dir='ltr'>locis</span> <span class='ocrx_word' id='word_1_269' title='bbox 1471 2296 1600 2335; x_wconf 88' lang='lat' dir='ltr'>cum</span> <span class='ocrx_word' id='word_1_270' title='bbox 1662 2296 1880 2336; x_wconf 90' lang='lat' dir='ltr'>summa</span> 
     </span>
    </p>
   </div>
   <div class='ocr_carea' id='block_1_38' title="bbox 206 2363 862 2434">
    <p class='ocr_par' dir='ltr' id='par_1_38' title="bbox 206 2363 862 2434">
     <span class='ocr_line' id='line_1_38' title="bbox 206 2363 862 2434; baseline 0.002 -17"><span class='ocrx_word' id='word_1_271' title='bbox 206 2363 532 2418; x_wconf 86' lang='lat' dir='ltr'>brevitate</span> <span class='ocrx_word' id='word_1_272' title='bbox 566 2379 862 2434; x_wconf 91' lang='lat' dir='ltr'>ponemus.</span> 
     </span>
    </p>
   </div>
   <div class='ocr_carea' id='block_1_39' title="bbox 286 2449 1884 2523">
    <p class='ocr_par' dir='ltr' id='par_1_39' title="bbox 286 2449 1884 2523">
     <span class='ocr_line' id='line_1_39' title="bbox 286 2449 1884 2523; baseline 0.006 -21"><span class='ocrx_word' id='word_1_273' title='bbox 286 2449 491 2523; x_wconf 85' lang='grc'><strong>(1811).)</strong></span> <span class='ocrx_word' id='word_1_274' title='bbox 529 2453 637 2507; x_wconf 86' lang='lat' dir='ltr'>Sex</span> <span class='ocrx_word' id='word_1_275' title='bbox 671 2452 736 2484; x_wconf 70' lang='grc'>¹⁰¹</span> <span class='ocrx_word' id='word_1_276' title='bbox 759 2453 963 2508; x_wconf 89' lang='lat' dir='ltr'>diebus</span> <span class='ocrx_word' id='word_1_277' title='bbox 997 2468 1186 2508; x_wconf 88' lang='lat' dir='ltr'>rerum</span> <span class='ocrx_word' id='word_1_278' title='bbox 1240 2461 1566 2510; x_wconf 88' lang='lat' dir='ltr'>creaturam</span> <span class='ocrx_word' id='word_1_279' title='bbox 1595 2459 1740 2512; x_wconf 89' lang='lat' dir='ltr'>Deus</span> <span class='ocrx_word' id='word_1_280' title='bbox 1774 2459 1884 2514; x_wconf 87' lang='lat' dir='ltr'>for-</span> 
     </span>
    </p>
   </div>
   <div class='ocr_carea' id='block_1_40' title="bbox 211 2539 1882 2610">
    <p class='ocr_par' dir='ltr' id='par_1_40' title="bbox 211 2539 1882 2610">
     <span class='ocr_line' id='line_1_40' title="bbox 211 2539 1882 2610; baseline 0.004 -18"><span class='ocrx_word' id='word_1_281' title='bbox 211 2539 425 2608; x_wconf 87' lang='lat' dir='ltr'>mavit,</span> <span class='ocrx_word' id='word_1_282' title='bbox 460 2540 648 2610; x_wconf 86' lang='lat' dir='ltr'>primo</span> <span class='ocrx_word' id='word_1_283' title='bbox 672 2541 762 2595; x_wconf 89' lang='lat' dir='ltr'>die</span> <span class='ocrx_word' id='word_1_284' title='bbox 782 2543 1044 2596; x_wconf 74' lang='lat' dir='ltr'>condidit</span> <span class='ocrx_word' id='word_1_285' title='bbox 1069 2541 1273 2606; x_wconf 83' lang='lat' dir='ltr'>lucem,</span> <span class='ocrx_word' id='word_1_286' title='bbox 1303 2545 1558 2599; x_wconf 88' lang='lat' dir='ltr'>secundo</span> <span class='ocrx_word' id='word_1_287' title='bbox 1580 2545 1882 2600; x_wconf 69' lang='grc'><strong>(1101111118-</strong></span> 
     </span>
    </p>
   </div>
   <div class='ocr_carea' id='block_1_41' title="bbox 216 2629 1880 2701">
    <p class='ocr_par' dir='ltr' id='par_1_41' title="bbox 216 2629 1880 2701">
     <span class='ocr_line' id='line_1_41' title="bbox 216 2629 1880 2701; baseline 0.006 -22"><span class='ocrx_word' id='word_1_288' title='bbox 216 2631 519 2696; x_wconf 89' lang='lat' dir='ltr'>mentum,</span> <span class='ocrx_word' id='word_1_289' title='bbox 576 2629 758 2683; x_wconf 88' lang='lat' dir='ltr'>tercio</span> <span class='ocrx_word' id='word_1_290' title='bbox 792 2631 1040 2699; x_wconf 80' lang='lat' dir='ltr'>Speciem</span> <span class='ocrx_word' id='word_1_291' title='bbox 1104 2631 1277 2685; x_wconf 88' lang='lat' dir='ltr'>maris</span> <span class='ocrx_word' id='word_1_292' title='bbox 1310 2635 1366 2685; x_wconf 84' lang='lat' dir='ltr'>et</span> <span class='ocrx_word' id='word_1_293' title='bbox 1428 2638 1618 2700; x_wconf 80' lang='lat' dir='ltr'>teri-:e,</span> <span class='ocrx_word' id='word_1_294' title='bbox 1675 2639 1880 2701; x_wconf 87' lang='lat' dir='ltr'>quarto</span> 
     </span>
    </p>
   </div>
   <div class='ocr_carea' id='block_1_42' title="bbox 218 2713 1878 2787">
    <p class='ocr_par' dir='ltr' id='par_1_42' title="bbox 218 2713 1878 2787">
     <span class='ocr_line' id='line_1_42' title="bbox 218 2713 1878 2787; baseline 0.003 -18"><span class='ocrx_word' id='word_1_295' title='bbox 218 2713 448 2782; x_wconf 88' lang='lat' dir='ltr'>sidera,</span> <span class='ocrx_word' id='word_1_296' title='bbox 491 2716 696 2785; x_wconf 91' lang='lat' dir='ltr'>quinto</span> <span class='ocrx_word' id='word_1_297' title='bbox 733 2718 917 2786; x_wconf 88' lang='lat' dir='ltr'>pisces</span> <span class='ocrx_word' id='word_1_298' title='bbox 948 2723 1004 2772; x_wconf 88' lang='lat' dir='ltr'>et</span> <span class='ocrx_word' id='word_1_299' title='bbox 1040 2718 1330 2787; x_wconf 87' lang='lat' dir='ltr'>volucres,</span> <span class='ocrx_word' id='word_1_300' title='bbox 1383 2725 1546 2774; x_wconf 84' lang='lat' dir='ltr'>sexto</span> <span class='ocrx_word' id='word_1_301' title='bbox 1581 2721 1794 2775; x_wconf 87' lang='lat' dir='ltr'>bestias</span> <span class='ocrx_word' id='word_1_302' title='bbox 1824 2728 1878 2776; x_wconf 89' lang='lat' dir='ltr'>et</span> 
     </span>
    </p>
   </div>
   <div class='ocr_carea' id='block_1_43' title="bbox 212 2800 1882 2872">
    <p class='ocr_par' dir='ltr' id='par_1_43' title="bbox 212 2800 1882 2872">
     <span class='ocr_line' id='line_1_43' title="bbox 212 2800 1882 2872; baseline 0.005 -17"><span class='ocrx_word' id='word_1_303' title='bbox 212 2800 520 2872; x_wconf 85' lang='lat' dir='ltr'>jumenta,</span> <span class='ocrx_word' id='word_1_304' title='bbox 555 2809 610 2859; x_wconf 90' lang='lat' dir='ltr'>et</span> <span class='ocrx_word' id='word_1_305' title='bbox 648 2805 956 2860; x_wconf 85' lang='lat' dir='ltr'>novissime</span> <span class='ocrx_word' id='word_1_306' title='bbox 984 2807 1050 2860; x_wconf 89' lang='lat' dir='ltr'>ad</span> <span class='ocrx_word' id='word_1_307' title='bbox 1083 2806 1518 2861; x_wconf 88' lang='lat' dir='ltr'>similitudinem</span> <span class='ocrx_word' id='word_1_308' title='bbox 1555 2824 1712 2863; x_wconf 90' lang='lat' dir='ltr'>suam</span> <span class='ocrx_word' id='word_1_309' title='bbox 1750 2810 1882 2864; x_wconf 81' lang='lat' dir='ltr'>fecit</span> 
     </span>
    </p>
   </div>
   <div class='ocr_carea' id='block_1_44' title="bbox 223 2889 1881 2965">
    <p class='ocr_par' dir='ltr' id='par_1_44' title="bbox 223 2889 1881 2965">
     <span class='ocr_line' id='line_1_44' title="bbox 223 2889 1881 2965; baseline 0.005 -23"><span class='ocrx_word' id='word_1_310' title='bbox 223 2889 490 2959; x_wconf 89' lang='lat' dir='ltr'>primum</span> <span class='ocrx_word' id='word_1_311' title='bbox 527 2893 812 2948; x_wconf 88' lang='lat' dir='ltr'>hominem</span> <span class='ocrx_word' id='word_1_312' title='bbox 848 2894 1022 2948; x_wconf 81' lang='lat' dir='ltr'>Adam</span> <span class='ocrx_word' id='word_1_313' title='bbox 1066 2893 1233 2965; x_wconf 83' lang='lat'>(193).</span> <span class='ocrx_word' id='word_1_314' title='bbox 1274 2899 1314 2950; x_wconf 83' lang='lat' dir='ltr'><strong>A</strong></span> <span class='ocrx_word' id='word_1_315' title='bbox 1348 2896 1511 2963; x_wconf 68' lang='lat' dir='ltr'>cuju&lt;</span> <span class='ocrx_word' id='word_1_316' title='bbox 1545 2898 1881 2952; x_wconf 88' lang='lat' dir='ltr'>conditione</span> 
     </span>
    </p>
   </div>
   <div class='ocr_carea' id='block_1_45' title="bbox 217 2979 1879 3052">
    <p class='ocr_par' dir='ltr' id='par_1_45' title="bbox 217 2979 1879 3052">
     <span class='ocr_line' id='line_1_45' title="bbox 217 2979 1879 3052; baseline 0.005 -21"><span class='ocrx_word' id='word_1_317' title='bbox 217 2980 277 3031; x_wconf 86' lang='lat' dir='ltr'>et</span> <span class='ocrx_word' id='word_1_318' title='bbox 310 2979 521 3034; x_wconf 88' lang='lat' dir='ltr'>mundi</span> <span class='ocrx_word' id='word_1_319' title='bbox 583 2981 879 3036; x_wconf 88' lang='lat' dir='ltr'>creatione</span> <span class='ocrx_word' id='word_1_320' title='bbox 921 2997 1104 3052; x_wconf 91' lang='lat' dir='ltr'>usque</span> <span class='ocrx_word' id='word_1_321' title='bbox 1139 2983 1206 3037; x_wconf 84' lang='lat' dir='ltr'>ad</span> <span class='ocrx_word' id='word_1_322' title='bbox 1251 2982 1528 3038; x_wconf 89' lang='lat' dir='ltr'>diluvium</span> <span class='ocrx_word' id='word_1_323' title='bbox 1564 2985 1879 3040; x_wconf 89' lang='lat' dir='ltr'>secundum</span> 
     </span>
    </p>
   </div>
   <div class='ocr_carea' id='block_1_46' title="bbox 219 3068 1884 3145">
    <p class='ocr_par' dir='ltr' id='par_1_46' title="bbox 219 3068 1884 3145">
     <span class='ocr_line' id='line_1_46' title="bbox 219 3068 1884 3145; baseline 0.004 -23"><span class='ocrx_word' id='word_1_324' title='bbox 219 3068 521 3136; x_wconf 88' lang='lat' dir='ltr'>quosdam</span> <span class='ocrx_word' id='word_1_325' title='bbox 582 3070 765 3138; x_wconf 81' lang='lat' dir='ltr'>(Jonn.</span> <span class='ocrx_word' id='word_1_326' title='bbox 800 3071 887 3125; x_wconf 85' lang='lat' dir='ltr'>De</span> <span class='ocrx_word' id='word_1_327' title='bbox 919 3073 989 3126; x_wconf 70' lang='grc' dir='ltr'>Β.</span> <span class='ocrx_word' id='word_1_328' title='bbox 1022 3073 1122 3135; x_wconf 56' lang='lat' dir='ltr'>SK;</span> <span class='ocrx_word' id='word_1_329' title='bbox 1160 3074 1308 3126; x_wconf 60' lang='lat' dir='ltr'>[mox</span> <span class='ocrx_word' id='word_1_330' title='bbox 1341 3074 1424 3127; x_wconf 88' lang='lat' dir='ltr'>De</span> <span class='ocrx_word' id='word_1_331' title='bbox 1463 3074 1547 3129; x_wconf 78' lang='lat' dir='ltr'><em>VI</em></span> <span class='ocrx_word' id='word_1_332' title='bbox 1570 3076 1685 3145; x_wconf 73' lang='lat' dir='ltr'>cet.)</span> <span class='ocrx_word' id='word_1_333' title='bbox 1731 3090 1884 3130; x_wconf 91' lang='lat' dir='ltr'>com-</span> 
     </span>
    </p>
   </div>
   <div class='ocr_carea' id='block_1_47' title="bbox 221 3159 1882 3227">
    <p class='ocr_par' dir='ltr' id='par_1_47' title="bbox 221 3159 1882 3227">
     <span class='ocr_line' id='line_1_47' title="bbox 221 3159 1882 3227; baseline 0.005 -17"><span class='ocrx_word' id='word_1_334' title='bbox 221 3161 523 3226; x_wconf 89' lang='lat' dir='ltr'>putantur</span> <span class='ocrx_word' id='word_1_335' title='bbox 583 3159 913 3227; x_wconf 69' lang='grc'><strong>8111112242,</strong></span> <span class='ocrx_word' id='word_1_336' title='bbox 975 3160 1290 3215; x_wconf 79' lang='lat' dir='ltr'>secundum</span> <span class='ocrx_word' id='word_1_337' title='bbox 1351 3162 1688 3216; x_wconf 87' lang='lat' dir='ltr'>IIebraicam</span> <span class='ocrx_word' id='word_1_338' title='bbox 1747 3179 1882 3218; x_wconf 90' lang='lat' dir='ltr'>vero</span> 
     </span>
    </p>
   </div>
   <div class='ocr_carea' id='block_1_48' title="bbox 221 3245 1961 3347">
    <p class='ocr_par' dir='ltr' id='par_1_48' title="bbox 221 3245 1961 3347">
     <span class='ocr_line' id='line_1_48' title="bbox 221 3245 1961 3347; baseline 0.005 -50"><span class='ocrx_word' id='word_1_339' title='bbox 221 3245 369 3299; x_wconf 83' lang='lat' dir='ltr'>verit</span> <span class='ocrx_word' id='word_1_340' title='bbox 385 3251 546 3300; x_wconf 89' lang='lat' dir='ltr'>atem</span> <span class='ocrx_word' id='word_1_341' title='bbox 564 3246 718 3302; x_wconf 91' lang='lat' dir='ltr'>mille</span> <span class='ocrx_word' id='word_1_342' title='bbox 736 3249 996 3302; x_wconf 75' lang='lat' dir='ltr'>sexcenti</span> <span class='ocrx_word' id='word_1_343' title='bbox 1015 3249 1430 3318; x_wconf 79' lang='lat' dir='ltr'>quinquaginta</span> <span class='ocrx_word' id='word_1_344' title='bbox 1447 3265 1545 3304; x_wconf 90' lang='lat' dir='ltr'>sex</span> <span class='ocrx_word' id='word_1_345' title='bbox 1567 3267 1579 3317; x_wconf 92' lang='lat'><strong>;</strong></span> <span class='ocrx_word' id='word_1_346' title='bbox 1600 3251 1652 3305; x_wconf 92' lang='lat' dir='ltr'>in</span> <span class='ocrx_word' id='word_1_347' title='bbox 1669 3251 1882 3321; x_wconf 88' lang='lat' dir='ltr'>quibus</span> <span class='ocrx_word' id='word_1_348' title='bbox 1915 3287 1961 3347; x_wconf 66' lang='grc' dir='ltr'>Ο</span> 
     </span>
    </p>
   </div>
   <div class='ocr_carea' id='block_1_49' title="bbox 217 3333 1878 3407">
    <p class='ocr_par' dir='ltr' id='par_1_49' title="bbox 217 3333 1878 3407">
     <span class='ocr_line' id='line_1_49' title="bbox 217 3333 1878 3407; baseline 0.005 -21"><span class='ocrx_word' id='word_1_349' title='bbox 217 3333 392 3389; x_wconf 87' lang='lat' dir='ltr'>annis</span> <span class='ocrx_word' id='word_1_350' title='bbox 417 3333 611 3390; x_wconf 90' lang='lat' dir='ltr'>adhuc</span> <span class='ocrx_word' id='word_1_351' title='bbox 647 3336 775 3391; x_wconf 90' lang='lat' dir='ltr'>rudi</span> <span class='ocrx_word' id='word_1_352' title='bbox 815 3342 872 3391; x_wconf 90' lang='lat' dir='ltr'>et</span> <span class='ocrx_word' id='word_1_353' title='bbox 915 3337 1158 3407; x_wconf 88' lang='lat' dir='ltr'>simplici</span> <span class='ocrx_word' id='word_1_354' title='bbox 1205 3339 1491 3393; x_wconf 92' lang='lat' dir='ltr'>hominum</span> <span class='ocrx_word' id='word_1_355' title='bbox 1525 3344 1728 3394; x_wconf 87' lang='lat' dir='ltr'>natura</span> <span class='ocrx_word' id='word_1_356' title='bbox 1771 3355 1878 3396; x_wconf 90' lang='lat' dir='ltr'>non</span> 
     </span>
    </p>
   </div>
   <div class='ocr_carea' id='block_1_50' title="bbox 219 3424 1876 3497">
    <p class='ocr_par' dir='ltr' id='par_1_50' title="bbox 219 3424 1876 3497">
     <span class='ocr_line' id='line_1_50' title="bbox 219 3424 1876 3497; baseline 0.005 -22"><span class='ocrx_word' id='word_1_357' title='bbox 219 3435 396 3490; x_wconf 86' lang='lat' dir='ltr'>rcges</span> <span class='ocrx_word' id='word_1_358' title='bbox 448 3424 555 3478; x_wconf 88' lang='lat' dir='ltr'>sed</span> <span class='ocrx_word' id='word_1_359' title='bbox 589 3424 930 3480; x_wconf 84' lang='lat' dir='ltr'>familiarum</span> <span class='ocrx_word' id='word_1_360' title='bbox 978 3427 1166 3496; x_wconf 89' lang='lat' dir='ltr'>capita</span> <span class='ocrx_word' id='word_1_361' title='bbox 1220 3441 1324 3482; x_wconf 92' lang='lat' dir='ltr'>suo</span> <span class='ocrx_word' id='word_1_362' title='bbox 1359 3427 1411 3481; x_wconf 93' lang='lat' dir='ltr'>in</span> <span class='ocrx_word' id='word_1_363' title='bbox 1444 3441 1657 3496; x_wconf 82' lang='lat' dir='ltr'>genere</span> <span class='ocrx_word' id='word_1_364' title='bbox 1689 3435 1876 3497; x_wconf 89' lang='lat' dir='ltr'>erant,</span> 
     </span>
    </p>
   </div>
   <div class='ocr_carea' id='block_1_51' title="bbox 219 3513 1179 3582">
    <p class='ocr_par' dir='ltr' id='par_1_51' title="bbox 219 3513 1179 3582">
     <span class='ocr_line' id='line_1_51' title="bbox 219 3513 1179 3582; baseline 0.005 -17"><span class='ocrx_word' id='word_1_365' title='bbox 219 3523 483 3579; x_wconf 88' lang='lat' dir='ltr'>quorum</span> <span class='ocrx_word' id='word_1_366' title='bbox 518 3513 661 3567; x_wconf 88' lang='lat' dir='ltr'>ordo</span> <span class='ocrx_word' id='word_1_367' title='bbox 693 3513 1021 3582; x_wconf 87' lang='lat' dir='ltr'>hujusmodi</span> <span class='ocrx_word' id='word_1_368' title='bbox 1056 3515 1179 3570; x_wconf 85' lang='lat' dir='ltr'>fuit.</span> 
     </span>
    </p>
   </div>
   <div class='ocr_carea' id='block_1_52' title="bbox 296 3597 1877 3675">
    <p class='ocr_par' dir='ltr' id='par_1_52' title="bbox 296 3597 1877 3675">
     <span class='ocr_line' id='line_1_52' title="bbox 296 3597 1877 3675; baseline 0.004 -23"><span class='ocrx_word' id='word_1_369' title='bbox 296 3597 496 3670; x_wconf 85' lang='lat' dir='ltr'>(Ism.)</span> <span class='ocrx_word' id='word_1_370' title='bbox 533 3600 710 3654; x_wconf 85' lang='lat' dir='ltr'>Adam</span> <span class='ocrx_word' id='word_1_371' title='bbox 747 3615 893 3655; x_wconf 89' lang='lat' dir='ltr'>anno</span> <span class='ocrx_word' id='word_1_372' title='bbox 923 3602 1057 3657; x_wconf 72' lang='lat' dir='ltr'>vitze</span> <span class='ocrx_word' id='word_1_373' title='bbox 1087 3619 1203 3658; x_wconf 65' lang='lat' dir='ltr'>suae</span> <span class='ocrx_word' id='word_1_374' title='bbox 1238 3607 1339 3657; x_wconf 84' lang='lat'>130</span> <span class='ocrx_word' id='word_1_375' title='bbox 1361 3604 1556 3673; x_wconf 87' lang='lat' dir='ltr'>genuit</span> <span class='ocrx_word' id='word_1_376' title='bbox 1589 3606 1743 3674; x_wconf 89' lang='lat' dir='ltr'>Setb,</span> <span class='ocrx_word' id='word_1_377' title='bbox 1783 3606 1877 3675; x_wconf 90' lang='lat' dir='ltr'>qui</span> 
     </span>
    </p>
   </div>
   <div class='ocr_carea' id='block_1_53' title="bbox 222 3685 1874 3760">
    <p class='ocr_par' dir='ltr' id='par_1_53' title="bbox 222 3685 1874 3760">
     <span class='ocr_line' id='line_1_53' title="bbox 222 3685 1874 3760; baseline 0.005 -22"><span class='ocrx_word' id='word_1_378' title='bbox 222 3699 330 3752; x_wconf 89' lang='lat' dir='ltr'>pro</span> <span class='ocrx_word' id='word_1_379' title='bbox 367 3685 513 3741; x_wconf 84' lang='lat' dir='ltr'>Abel</span> <span class='ocrx_word' id='word_1_380' title='bbox 564 3692 733 3742; x_wconf 88' lang='lat' dir='ltr'>natus</span> <span class='ocrx_word' id='word_1_381' title='bbox 783 3692 892 3757; x_wconf 91' lang='lat' dir='ltr'>est,</span> <span class='ocrx_word' id='word_1_382' title='bbox 928 3689 1468 3760; x_wconf 88' lang='lat' dir='ltr'>interpretaturque</span> <span class='ocrx_word' id='word_1_383' title='bbox 1499 3693 1874 3760; x_wconf 67' lang='lat' dir='ltr'>resurrectio,</span> 
     </span>
    </p>
   </div>
   <div class='ocr_carea' id='block_1_54' title="bbox 221 3772 1877 3850">
    <p class='ocr_par' dir='ltr' id='par_1_54' title="bbox 221 3772 1877 3850">
     <span class='ocr_line' id='line_1_54' title="bbox 221 3772 1877 3850; baseline 0.006 -23"><span class='ocrx_word' id='word_1_384' title='bbox 221 3772 353 3842; x_wconf 90' lang='lat' dir='ltr'>quia</span> <span class='ocrx_word' id='word_1_385' title='bbox 392 3773 453 3829; x_wconf 94' lang='lat' dir='ltr'>in</span> <span class='ocrx_word' id='word_1_386' title='bbox 487 3787 558 3830; x_wconf 91' lang='lat' dir='ltr'>eo</span> <span class='ocrx_word' id='word_1_387' title='bbox 580 3773 644 3806; x_wconf 80' lang='grc'>¹⁰²</span> <span class='ocrx_word' id='word_1_388' title='bbox 668 3776 1082 3832; x_wconf 87' lang='lat' dir='ltr'>resuscitatum</span> <span class='ocrx_word' id='word_1_389' title='bbox 1105 3783 1196 3830; x_wconf 87' lang='lat' dir='ltr'>est</span> <span class='ocrx_word' id='word_1_390' title='bbox 1230 3779 1686 3848; x_wconf 88' lang='lat' dir='ltr'>semenjustum,</span> <span class='ocrx_word' id='word_1_391' title='bbox 1726 3781 1877 3850; x_wconf 88' lang='lat' dir='ltr'>quod</span> 
     </span>
    </p>
   </div>
   <div class='ocr_carea' id='block_1_55' title="bbox 216 3862 1878 3935">
    <p class='ocr_par' dir='ltr' id='par_1_55' title="bbox 216 3862 1878 3935">
     <span class='ocr_line' id='line_1_55' title="bbox 216 3862 1878 3935; baseline 0.004 -20"><span class='ocrx_word' id='word_1_392' title='bbox 216 3864 306 3915; x_wconf 88' lang='lat' dir='ltr'>est</span> <span class='ocrx_word' id='word_1_393' title='bbox 342 3862 558 3932; x_wconf 90' lang='lat' dir='ltr'>stirpis</span> <span class='ocrx_word' id='word_1_394' title='bbox 603 3863 850 3919; x_wconf 81' lang='lat' dir='ltr'>filiorum</span> <span class='ocrx_word' id='word_1_395' title='bbox 887 3865 1006 3930; x_wconf 86' lang='lat' dir='ltr'>Dei,</span> <span class='ocrx_word' id='word_1_396' title='bbox 1072 3867 1360 3935; x_wconf 85' lang='lat' dir='ltr'>quoniam,</span> <span class='ocrx_word' id='word_1_397' title='bbox 1426 3883 1552 3922; x_wconf 91' lang='lat' dir='ltr'>cum</span> <span class='ocrx_word' id='word_1_398' title='bbox 1605 3875 1761 3923; x_wconf 83' lang='lat' dir='ltr'>esset</span> <span class='ocrx_word' id='word_1_399' title='bbox 1792 3869 1878 3922; x_wconf 88' lang='lat' dir='ltr'>vir</span> 
     </span>
    </p>
   </div>
   <div class='ocr_carea' id='block_1_56' title="bbox 219 3950 1880 4026">
    <p class='ocr_par' dir='ltr' id='par_1_56' title="bbox 219 3950 1880 4026">
     <span class='ocr_line' id='line_1_56' title="bbox 219 3950 1880 4026; baseline 0.005 -24"><span class='ocrx_word' id='word_1_400' title='bbox 219 3951 522 4018; x_wconf 88' lang='lat' dir='ltr'>egregius,</span> <span class='ocrx_word' id='word_1_401' title='bbox 545 3950 872 4007; x_wconf 87' lang='lat' dir='ltr'>imitatores</span> <span class='ocrx_word' id='word_1_402' title='bbox 895 3953 981 4007; x_wconf 91' lang='lat' dir='ltr'>sui</span> <span class='ocrx_word' id='word_1_403' title='bbox 1012 3954 1160 4008; x_wconf 83' lang='lat' dir='ltr'>ﬁlios</span> <span class='ocrx_word' id='word_1_404' title='bbox 1194 3954 1449 4024; x_wconf 88' lang='lat' dir='ltr'>reliquit,</span> <span class='ocrx_word' id='word_1_405' title='bbox 1488 3957 1582 4025; x_wconf 88' lang='lat' dir='ltr'>qui</span> <span class='ocrx_word' id='word_1_406' title='bbox 1622 3957 1880 4026; x_wconf 88' lang='lat' dir='ltr'>discipli-</span> 
     </span>
    </p>
   </div>
   <div class='ocr_carea' id='block_1_57' title="bbox 225 4039 1879 4113">
    <p class='ocr_par' dir='ltr' id='par_1_57' title="bbox 225 4039 1879 4113">
     <span class='ocr_line' id='line_1_57' title="bbox 225 4039 1879 4113; baseline 0.007 -24"><span class='ocrx_word' id='word_1_407' title='bbox 225 4049 354 4091; x_wconf 91' lang='lat' dir='ltr'>nam</span> <span class='ocrx_word' id='word_1_408' title='bbox 393 4053 590 4093; x_wconf 87' lang='lat' dir='ltr'>rerum</span> <span class='ocrx_word' id='word_1_409' title='bbox 623 4039 1318 4096; x_wconf 80' lang='lat' dir='ltr'>coclestiuinctornatum</span> <span class='ocrx_word' id='word_1_410' title='bbox 1368 4057 1562 4097; x_wconf 90' lang='lat' dir='ltr'>earum</span> <span class='ocrx_word' id='word_1_411' title='bbox 1612 4045 1879 4113; x_wconf 88' lang='lat' dir='ltr'>primitus</span> 
     </span>
    </p>
   </div>
   <div class='ocr_carea' id='block_1_58' title="bbox 226 4123 1880 4200">
    <p class='ocr_par' dir='ltr' id='par_1_58' title="bbox 226 4123 1880 4200">
     <span class='ocr_line' id='line_1_58' title="bbox 226 4123 1880 4200; baseline 0.007 -24"><span class='ocrx_word' id='word_1_412' title='bbox 226 4123 595 4182; x_wconf 86' lang='lat' dir='ltr'>invenerunt.</span> <span class='ocrx_word' id='word_1_413' title='bbox 622 4128 796 4182; x_wconf 82' lang='lat' dir='ltr'>Adam</span> <span class='ocrx_word' id='word_1_414' title='bbox 815 4143 950 4183; x_wconf 90' lang='lat' dir='ltr'>vero</span> <span class='ocrx_word' id='word_1_415' title='bbox 966 4146 1092 4185; x_wconf 90' lang='grc'><strong>011111</strong></span> <span class='ocrx_word' id='word_1_416' title='bbox 1111 4136 1264 4185; x_wconf 78' lang='lat' dir='ltr'>esset</span> <span class='ocrx_word' id='word_1_417' title='bbox 1288 4146 1566 4187; x_wconf 88' lang='lat' dir='ltr'>annorum</span> <span class='ocrx_word' id='word_1_418' title='bbox 1584 4137 1705 4200; x_wconf 69' lang='lat'>930,</span> <span class='ocrx_word' id='word_1_419' title='bbox 1732 4148 1880 4187; x_wconf 89' lang='lat' dir='ltr'>mor-</span> 
     </span>
    </p>
   </div>
   <div class='ocr_carea' id='block_1_59' title="bbox 225 4216 1802 4289">
    <p class='ocr_par' dir='ltr' id='par_1_59' title="bbox 225 4216 1802 4289">
     <span class='ocr_line' id='line_1_59' title="bbox 225 4216 1802 4289; baseline 0.007 -24"><span class='ocrx_word' id='word_1_420' title='bbox 225 4216 364 4268; x_wconf 89' lang='lat' dir='ltr'>tuus</span> <span class='ocrx_word' id='word_1_421' title='bbox 397 4222 575 4270; x_wconf 88' lang='lat' dir='ltr'>estet</span> <span class='ocrx_word' id='word_1_422' title='bbox 610 4231 1095 4272; x_wconf 88' lang='lat' dir='ltr'>rerumsummam</span> <span class='ocrx_word' id='word_1_423' title='bbox 1117 4219 1231 4273; x_wconf 83' lang='lat' dir='ltr'>ﬁlio</span> <span class='ocrx_word' id='word_1_424' title='bbox 1257 4235 1362 4274; x_wconf 74' lang='lat' dir='ltr'>suo</span> <span class='ocrx_word' id='word_1_425' title='bbox 1385 4220 1516 4273; x_wconf 83' lang='lat' dir='ltr'>Seth</span> <span class='ocrx_word' id='word_1_426' title='bbox 1548 4221 1802 4289; x_wconf 89' lang='lat' dir='ltr'>reliquit.</span> 
     </span>
    </p>
   </div>
   <div class='ocr_carea' id='block_1_60' title="bbox 299 4301 1875 4377">
    <p class='ocr_par' dir='ltr' id='par_1_60' title="bbox 299 4301 1875 4377">
     <span class='ocr_line' id='line_1_60' title="bbox 299 4301 1875 4377; baseline 0.004 -21"><span class='ocrx_word' id='word_1_427' title='bbox 299 4301 490 4376; x_wconf 87' lang='grc'><strong>(1811).)</strong></span> <span class='ocrx_word' id='word_1_428' title='bbox 525 4305 658 4358; x_wconf 85' lang='lat' dir='ltr'>Seth</span> <span class='ocrx_word' id='word_1_429' title='bbox 723 4320 872 4360; x_wconf 89' lang='lat' dir='ltr'>anno</span> <span class='ocrx_word' id='word_1_430' title='bbox 934 4307 1067 4360; x_wconf 44' lang='lat' dir='ltr'>vita),</span> <span class='ocrx_word' id='word_1_431' title='bbox 1119 4322 1238 4361; x_wconf 72' lang='lat' dir='ltr'>suze</span> <span class='ocrx_word' id='word_1_432' title='bbox 1307 4313 1398 4361; x_wconf 71' lang='grc'>195</span> <span class='ocrx_word' id='word_1_433' title='bbox 1455 4309 1656 4377; x_wconf 86' lang='lat' dir='ltr'>genuit</span> <span class='ocrx_word' id='word_1_434' title='bbox 1711 4311 1875 4376; x_wconf 84' lang='lat' dir='ltr'>Enos,</span> 
     </span>
    </p>
   </div>
   <div class='ocr_carea' id='block_1_61' title="bbox 229 4389 1881 4452">
    <p class='ocr_par' dir='ltr' id='par_1_61' title="bbox 229 4389 1881 4452">
     <span class='ocr_line' id='line_1_61' title="bbox 229 4389 1881 4452; baseline 0.006 -10"><span class='ocrx_word' id='word_1_435' title='bbox 229 4389 466 4447; x_wconf 89' lang='lat' dir='ltr'>vivente</span> <span class='ocrx_word' id='word_1_436' title='bbox 501 4393 674 4448; x_wconf 61' lang='lat' dir='ltr'>Adam</span> <span class='ocrx_word' id='word_1_437' title='bbox 715 4404 771 4448; x_wconf 86' lang='lat' dir='ltr'>et</span> <span class='ocrx_word' id='word_1_438' title='bbox 824 4394 1074 4449; x_wconf 88' lang='lat' dir='ltr'>habente</span> <span class='ocrx_word' id='word_1_439' title='bbox 1126 4412 1306 4450; x_wconf 87' lang='lat' dir='ltr'>annos</span> <span class='ocrx_word' id='word_1_440' title='bbox 1360 4401 1484 4451; x_wconf 73' lang='grc'>235.</span> <span class='ocrx_word' id='word_1_441' title='bbox 1573 4399 1673 4452; x_wconf 89' lang='grc'><strong>1110</strong></span> <span class='ocrx_word' id='word_1_442' title='bbox 1731 4400 1881 4452; x_wconf 87' lang='lat' dir='ltr'>Enos</span> 
     </span>
    </p>
   </div>
   <div class='ocr_carea' id='block_1_62' title="bbox 229 4480 1882 4552">
    <p class='ocr_par' dir='ltr' id='par_1_62' title="bbox 229 4480 1882 4552">
     <span class='ocr_line' id='line_1_62' title="bbox 229 4480 1882 4552; baseline 0.006 -21"><span class='ocrx_word' id='word_1_443' title='bbox 229 4480 434 4549; x_wconf 68' lang='lat' dir='ltr'>erepit,</span> <span class='ocrx_word' id='word_1_444' title='bbox 469 4481 591 4535; x_wconf 91' lang='lat' dir='ltr'>sive</span> <span class='ocrx_word' id='word_1_445' title='bbox 624 4487 686 4537; x_wconf 91' lang='lat' dir='ltr'>ut</span> <span class='ocrx_word' id='word_1_446' title='bbox 712 4487 948 4537; x_wconf 87' lang='lat' dir='ltr'>sanctus</span> <span class='ocrx_word' id='word_1_447' title='bbox 971 4484 1514 4552; x_wconf 83' lang='lat' dir='ltr'>Augustinusjuxta</span> <span class='ocrx_word' id='word_1_448' title='bbox 1547 4486 1882 4541; x_wconf 83' lang='lat' dir='ltr'>translatio-</span> 
     </span>
    </p>
   </div>
   <div class='ocr_carea' id='block_1_63' title="bbox 231 4569 1879 4646">
    <p class='ocr_par' dir='ltr' id='par_1_63' title="bbox 231 4569 1879 4646">
     <span class='ocr_line' id='line_1_63' title="bbox 231 4569 1879 4646; baseline 0.005 -26"><span class='ocrx_word' id='word_1_449' title='bbox 231 4579 358 4623; x_wconf 90' lang='lat' dir='ltr'>nem</span> <span class='ocrx_word' id='word_1_450' title='bbox 396 4569 567 4625; x_wconf 90' lang='lat' dir='ltr'>aliam</span> <span class='ocrx_word' id='word_1_451' title='bbox 621 4571 757 4626; x_wconf 87' lang='lat' dir='ltr'>dicit</span> <span class='ocrx_word' id='word_1_452' title='bbox 795 4572 902 4641; x_wconf 87' lang='lat' dir='ltr'>(De</span> <span class='ocrx_word' id='word_1_453' title='bbox 930 4573 1038 4628; x_wconf 61' lang='lat' dir='ltr'>cie.</span> <span class='ocrx_word' id='word_1_454' title='bbox 1076 4575 1205 4642; x_wconf 74' lang='lat' dir='ltr'>Dei,</span> <span class='ocrx_word' id='word_1_455' title='bbox 1242 4589 1329 4642; x_wconf 85' lang='lat' dir='ltr'>xv,</span> <span class='ocrx_word' id='word_1_456' title='bbox 1373 4579 1452 4646; x_wconf 73' lang='lat'>18)</span> <span class='ocrx_word' id='word_1_457' title='bbox 1488 4575 1764 4646; x_wconf 88' lang='lat' dir='ltr'>speravit,</span> <span class='ocrx_word' id='word_1_458' title='bbox 1801 4577 1879 4629; x_wconf 90' lang='lat' dir='ltr'>in-</span> 
     </span>
    </p>
   </div>
   <div class='ocr_carea' id='block_1_64' title="bbox 1992 2006 3636 2086">
    <p class='ocr_par' dir='ltr' id='par_1_64' title="bbox 1992 2006 3636 2086">
     <span class='ocr_line' id='line_1_64' title="bbox 1992 2006 3636 2086; baseline 0.005 -25"><span class='ocrx_word' id='word_1_459' title='bbox 1992 2006 2188 2063; x_wconf 69' lang='lat' dir='ltr'>clas103</span> <span class='ocrx_word' id='word_1_460' title='bbox 2221 2010 2352 2064; x_wconf 77' lang='lat' dir='ltr'>iidei</span> <span class='ocrx_word' id='word_1_461' title='bbox 2377 2011 2679 2080; x_wconf 88' lang='lat' dir='ltr'>repudiata</span> <span class='ocrx_word' id='word_1_462' title='bbox 2707 2016 2859 2067; x_wconf 90' lang='lat' dir='ltr'>sunt.</span> <span class='ocrx_word' id='word_1_463' title='bbox 2893 2013 3072 2068; x_wconf 76' lang='lat' dir='ltr'>Iudas</span> <span class='ocrx_word' id='word_1_464' title='bbox 3110 2019 3295 2069; x_wconf 89' lang='lat' dir='ltr'>tamen</span> <span class='ocrx_word' id='word_1_465' title='bbox 3332 2017 3636 2086; x_wconf 83' lang='lat' dir='ltr'>apostolus</span> 
     </span>
    </p>
   </div>
   <div class='ocr_carea' id='block_1_65' title="bbox 1995 2095 3637 2175">
    <p class='ocr_par' dir='ltr' id='par_1_65' title="bbox 1995 2095 3637 2175">
     <span class='ocr_line' id='line_1_65' title="bbox 1995 2095 3637 2175; baseline 0.008 -26"><span class='ocrx_word' id='word_1_466' title='bbox 1995 2095 2047 2150; x_wconf 93' lang='lat' dir='ltr'>in</span> <span class='ocrx_word' id='word_1_467' title='bbox 2073 2097 2318 2167; x_wconf 89' lang='lat' dir='ltr'>epistola</span> <span class='ocrx_word' id='word_1_468' title='bbox 2345 2113 2444 2153; x_wconf 90' lang='lat' dir='ltr'>sua</span> <span class='ocrx_word' id='word_1_469' title='bbox 2475 2099 2800 2169; x_wconf 89' lang='lat' dir='ltr'>exemplum</span> <span class='ocrx_word' id='word_1_470' title='bbox 2825 2101 2896 2155; x_wconf 87' lang='lat' dir='ltr'>de</span> <span class='ocrx_word' id='word_1_471' title='bbox 2926 2101 3084 2157; x_wconf 89' lang='lat' dir='ltr'>illius</span> <span class='ocrx_word' id='word_1_472' title='bbox 3116 2103 3289 2158; x_wconf 89' lang='lat' dir='ltr'>dictis</span> <span class='ocrx_word' id='word_1_473' title='bbox 3313 2105 3492 2175; x_wconf 92' lang='lat' dir='ltr'>ponit.</span> <span class='ocrx_word' id='word_1_474' title='bbox 3521 2107 3637 2162; x_wconf 87' lang='lat' dir='ltr'>Hac</span> 
     </span>
    </p>
   </div>
   <div class='ocr_carea' id='block_1_66' title="bbox 1991 2186 3633 2261">
    <p class='ocr_par' dir='ltr' id='par_1_66' title="bbox 1991 2186 3633 2261">
     <span class='ocr_line' id='line_1_66' title="bbox 1991 2186 3633 2261; baseline 0.005 -23"><span class='ocrx_word' id='word_1_475' title='bbox 1991 2186 2367 2253; x_wconf 87' lang='lat' dir='ltr'>generatione</span> <span class='ocrx_word' id='word_1_476' title='bbox 2408 2187 2828 2257; x_wconf 85' lang='lat' dir='ltr'>concupierunt</span> <span class='ocrx_word' id='word_1_477' title='bbox 2867 2188 2965 2242; x_wconf 84' lang='lat' dir='ltr'>ﬁlii</span> <span class='ocrx_word' id='word_1_478' title='bbox 2999 2190 3096 2242; x_wconf 83' lang='lat' dir='ltr'>Dei</span> <span class='ocrx_word' id='word_1_479' title='bbox 3142 2189 3286 2244; x_wconf 83' lang='lat' dir='ltr'>tilias</span> <span class='ocrx_word' id='word_1_480' title='bbox 3320 2191 3633 2261; x_wconf 91' lang='lat' dir='ltr'>hominum,</span> 
     </span>
    </p>
   </div>
   <div class='ocr_carea' id='block_1_67' title="bbox 1995 2274 2894 2330">
    <p class='ocr_par' dir='ltr' id='par_1_67' title="bbox 1995 2274 2894 2330">
     <span class='ocr_line' id='line_1_67' title="bbox 1995 2274 2894 2330; baseline 0.003 -3"><span class='ocrx_word' id='word_1_481' title='bbox 1995 2275 2101 2329; x_wconf 90' lang='lat' dir='ltr'>hoc</span> <span class='ocrx_word' id='word_1_482' title='bbox 2134 2279 2223 2328; x_wconf 89' lang='lat' dir='ltr'>est</span> <span class='ocrx_word' id='word_1_483' title='bbox 2259 2275 2356 2328; x_wconf 85' lang='lat' dir='ltr'>ﬁlii</span> <span class='ocrx_word' id='word_1_484' title='bbox 2392 2274 2524 2328; x_wconf 87' lang='lat' dir='ltr'>Seth</span> <span class='ocrx_word' id='word_1_485' title='bbox 2562 2274 2709 2330; x_wconf 80' lang='lat' dir='ltr'>tilias</span> <span class='ocrx_word' id='word_1_486' title='bbox 2738 2276 2894 2330; x_wconf 87' lang='lat' dir='ltr'>Cain.</span> 
     </span>
    </p>
   </div>
   <div class='ocr_carea' id='block_1_68' title="bbox 2001 2362 3632 2439">
    <p class='ocr_par' dir='ltr' id='par_1_68' title="bbox 2001 2362 3632 2439">
     <span class='ocr_line' id='line_1_68' title="bbox 2001 2362 3632 2439; baseline 0.005 -23"><span class='ocrx_word' id='word_1_487' title='bbox 2001 2433 2004 2435; x_wconf 5' lang='grc' dir='ltr'><em>ἓ</em></span> <span class='ocrx_word' id='word_1_488' title='bbox 2066 2362 2438 2417; x_wconf 80' lang='lat' dir='ltr'>Mathusalem</span> <span class='ocrx_word' id='word_1_489' title='bbox 2491 2377 2637 2417; x_wconf 89' lang='lat' dir='ltr'>anno</span> <span class='ocrx_word' id='word_1_490' title='bbox 2661 2364 2794 2417; x_wconf 60' lang='lat' dir='ltr'>vitae</span> <span class='ocrx_word' id='word_1_491' title='bbox 2825 2380 2945 2420; x_wconf 79' lang='lat' dir='ltr'>suae</span> <span class='ocrx_word' id='word_1_492' title='bbox 3007 2368 3105 2420; x_wconf 82' lang='lat'>187</span> <span class='ocrx_word' id='word_1_493' title='bbox 3141 2369 3343 2434; x_wconf 88' lang='lat' dir='ltr'>genuit</span> <span class='ocrx_word' id='word_1_494' title='bbox 3377 2369 3632 2439; x_wconf 85' lang='lat' dir='ltr'>Lamech,</span> 
     </span>
    </p>
   </div>
   <div class='ocr_carea' id='block_1_69' title="bbox 1994 2449 3636 2511">
    <p class='ocr_par' dir='ltr' id='par_1_69' title="bbox 1994 2449 3636 2511">
     <span class='ocr_line' id='line_1_69' title="bbox 1994 2449 3636 2511; baseline 0.005 -10"><span class='ocrx_word' id='word_1_495' title='bbox 1994 2449 2179 2503; x_wconf 88' lang='lat' dir='ltr'>adhuc</span> <span class='ocrx_word' id='word_1_496' title='bbox 2216 2449 2390 2504; x_wconf 79' lang='lat' dir='ltr'>Adam</span> <span class='ocrx_word' id='word_1_497' title='bbox 2440 2449 2668 2503; x_wconf 85' lang='lat' dir='ltr'>vivente</span> <span class='ocrx_word' id='word_1_498' title='bbox 2698 2456 2756 2504; x_wconf 90' lang='lat' dir='ltr'>et</span> <span class='ocrx_word' id='word_1_499' title='bbox 2789 2466 2970 2506; x_wconf 81' lang='grc'><strong>(1111108</strong></span> <span class='ocrx_word' id='word_1_500' title='bbox 3017 2454 3121 2507; x_wconf 82' lang='grc'>874</span> <span class='ocrx_word' id='word_1_501' title='bbox 3169 2453 3436 2508; x_wconf 86' lang='lat' dir='ltr'>habente.</span> <span class='ocrx_word' id='word_1_502' title='bbox 3475 2457 3636 2511; x_wconf 84' lang='lat' dir='ltr'>Anno</span> 
     </span>
    </p>
   </div>
   <div class='ocr_carea' id='block_1_70' title="bbox 1995 2537 3633 2607">
    <p class='ocr_par' dir='ltr' id='par_1_70' title="bbox 1995 2537 3633 2607">
     <span class='ocr_line' id='line_1_70' title="bbox 1995 2537 3633 2607; baseline 0.004 -17"><span class='ocrx_word' id='word_1_503' title='bbox 1995 2545 2184 2591; x_wconf 89' lang='lat' dir='ltr'>autem</span> <span class='ocrx_word' id='word_1_504' title='bbox 2222 2537 2553 2592; x_wconf 73' lang='lat' dir='ltr'>Mathusala)</span> <span class='ocrx_word' id='word_1_505' title='bbox 2576 2541 2699 2605; x_wconf 79' lang='grc'><strong>213,</strong></span> <span class='ocrx_word' id='word_1_506' title='bbox 2732 2554 2860 2592; x_wconf 86' lang='grc'><strong>011111</strong></span> <span class='ocrx_word' id='word_1_507' title='bbox 2895 2539 3047 2594; x_wconf 83' lang='grc'><strong>1111118</strong></span> <span class='ocrx_word' id='word_1_508' title='bbox 3067 2541 3190 2607; x_wconf 89' lang='lat' dir='ltr'>ejus</span> <span class='ocrx_word' id='word_1_509' title='bbox 3215 2542 3453 2598; x_wconf 82' lang='lat' dir='ltr'>Lamech</span> <span class='ocrx_word' id='word_1_510' title='bbox 3478 2549 3633 2598; x_wconf 84' lang='lat' dir='ltr'>esset</span> 
     </span>
    </p>
   </div>
   <div class='ocr_carea' id='block_1_71' title="bbox 1995 2627 3631 2686">
    <p class='ocr_par' dir='ltr' id='par_1_71' title="bbox 1995 2627 3631 2686">
     <span class='ocr_line' id='line_1_71' title="bbox 1995 2627 3631 2686; baseline 0.005 -8"><span class='ocrx_word' id='word_1_511' title='bbox 1995 2640 2272 2680; x_wconf 89' lang='lat' dir='ltr'>annorum</span> <span class='ocrx_word' id='word_1_512' title='bbox 2308 2629 2392 2684; x_wconf 72' lang='grc'><strong>116,</strong></span> <span class='ocrx_word' id='word_1_513' title='bbox 2422 2630 2685 2681; x_wconf 89' lang='lat' dir='ltr'>mortuus</span> <span class='ocrx_word' id='word_1_514' title='bbox 2715 2631 2804 2681; x_wconf 86' lang='lat' dir='ltr'>est</span> <span class='ocrx_word' id='word_1_515' title='bbox 2832 2627 3006 2682; x_wconf 84' lang='lat' dir='ltr'>Adam</span> <span class='ocrx_word' id='word_1_516' title='bbox 3040 2643 3188 2683; x_wconf 90' lang='lat' dir='ltr'>anno</span> <span class='ocrx_word' id='word_1_517' title='bbox 3213 2630 3344 2684; x_wconf 66' lang='lat' dir='ltr'>vita)</span> <span class='ocrx_word' id='word_1_518' title='bbox 3369 2644 3488 2685; x_wconf 68' lang='lat' dir='ltr'>sua:</span> <span class='ocrx_word' id='word_1_519' title='bbox 3510 2633 3631 2686; x_wconf 85' lang='grc'><strong>930.</strong></span> 
     </span>
    </p>
   </div>
   <div class='ocr_carea' id='block_1_72' title="bbox 1996 2715 3636 2787">
    <p class='ocr_par' dir='ltr' id='par_1_72' title="bbox 1996 2715 3636 2787">
     <span class='ocr_line' id='line_1_72' title="bbox 1996 2715 3636 2787; baseline 0.002 -20"><span class='ocrx_word' id='word_1_520' title='bbox 1996 2715 2108 2767; x_wconf 88' lang='lat' dir='ltr'>Hac</span> <span class='ocrx_word' id='word_1_521' title='bbox 2140 2715 2518 2781; x_wconf 83' lang='lat' dir='ltr'>generatione</span> <span class='ocrx_word' id='word_1_522' title='bbox 2567 2715 2682 2768; x_wconf 88' lang='lat' dir='ltr'>uati</span> <span class='ocrx_word' id='word_1_523' title='bbox 2717 2719 2848 2769; x_wconf 89' lang='lat' dir='ltr'>sunt</span> <span class='ocrx_word' id='word_1_524' title='bbox 2899 2720 3197 2783; x_wconf 77' lang='lat' dir='ltr'>gygantes.</span> <span class='ocrx_word' id='word_1_525' title='bbox 3261 2719 3376 2772; x_wconf 88' lang='lat' dir='ltr'>Hac</span> <span class='ocrx_word' id='word_1_526' title='bbox 3407 2731 3636 2787; x_wconf 91' lang='lat' dir='ltr'>quoque</span> 
     </span>
    </p>
   </div>
   <div class='ocr_carea' id='block_1_73' title="bbox 1992 2803 3637 2871">
    <p class='ocr_par' dir='ltr' id='par_1_73' title="bbox 1992 2803 3637 2871">
     <span class='ocr_line' id='line_1_73' title="bbox 1992 2803 3637 2871; baseline 0.004 -16"><span class='ocrx_word' id='word_1_527' title='bbox 1992 2806 2165 2856; x_wconf 63' lang='lat' dir='ltr'>(etate</span> <span class='ocrx_word' id='word_1_528' title='bbox 2193 2803 2380 2869; x_wconf 88' lang='lat' dir='ltr'>Jubal,</span> <span class='ocrx_word' id='word_1_529' title='bbox 2419 2803 2512 2871; x_wconf 88' lang='lat' dir='ltr'>qui</span> <span class='ocrx_word' id='word_1_530' title='bbox 2547 2809 2670 2857; x_wconf 90' lang='lat' dir='ltr'>erat</span> <span class='ocrx_word' id='word_1_531' title='bbox 2707 2804 2775 2857; x_wconf 87' lang='lat' dir='ltr'>de</span> <span class='ocrx_word' id='word_1_532' title='bbox 2807 2819 3019 2871; x_wconf 78' lang='lat' dir='ltr'>genere</span> <span class='ocrx_word' id='word_1_533' title='bbox 3053 2805 3207 2868; x_wconf 86' lang='lat' dir='ltr'>Cain,</span> <span class='ocrx_word' id='word_1_534' title='bbox 3245 2809 3426 2860; x_wconf 88' lang='lat' dir='ltr'>artem</span> <span class='ocrx_word' id='word_1_535' title='bbox 3463 2806 3637 2861; x_wconf 91' lang='lat' dir='ltr'>musi-</span> 
     </span>
    </p>
   </div>
   <div class='ocr_carea' id='block_1_74' title="bbox 1993 2891 3637 2960">
    <p class='ocr_par' dir='ltr' id='par_1_74' title="bbox 1993 2891 3637 2960">
     <span class='ocr_line' id='line_1_74' title="bbox 1993 2891 3637 2960; baseline 0.004 -17"><span class='ocrx_word' id='word_1_536' title='bbox 1993 2905 2114 2943; x_wconf 85' lang='lat' dir='ltr'>cam</span> <span class='ocrx_word' id='word_1_537' title='bbox 2148 2891 2384 2960; x_wconf 54' lang='lat' dir='ltr'>reperit,</span> <span class='ocrx_word' id='word_1_538' title='bbox 2413 2891 2580 2959; x_wconf 88' lang='lat' dir='ltr'>cujus</span> <span class='ocrx_word' id='word_1_539' title='bbox 2609 2892 2780 2946; x_wconf 90' lang='lat' dir='ltr'>etiam</span> <span class='ocrx_word' id='word_1_540' title='bbox 2818 2893 2998 2946; x_wconf 85' lang='lat' dir='ltr'>frater</span> <span class='ocrx_word' id='word_1_541' title='bbox 3027 2893 3338 2948; x_wconf 87' lang='lat' dir='ltr'>Tubalcain</span> <span class='ocrx_word' id='word_1_542' title='bbox 3371 2893 3637 2949; x_wconf 74' lang='grc'><strong>10118101-</strong></span> 
     </span>
    </p>
   </div>
   <div class='ocr_carea' id='block_1_75' title="bbox 1998 2976 3639 3052">
    <p class='ocr_par' dir='ltr' id='par_1_75' title="bbox 1998 2976 3639 3052">
     <span class='ocr_line' id='line_1_75' title="bbox 1998 2976 3639 3052; baseline 0.005 -23"><span class='ocrx_word' id='word_1_543' title='bbox 1998 2976 2158 3046; x_wconf 89' lang='lat' dir='ltr'>rique</span> <span class='ocrx_word' id='word_1_544' title='bbox 2187 2977 2454 3032; x_wconf 88' lang='lat' dir='ltr'>inventor</span> <span class='ocrx_word' id='word_1_545' title='bbox 2480 2979 2602 3032; x_wconf 89' lang='lat' dir='ltr'>fuit.</span> <span class='ocrx_word' id='word_1_546' title='bbox 2626 2981 3002 3035; x_wconf 87' lang='lat' dir='ltr'>Mathusalem</span> <span class='ocrx_word' id='word_1_547' title='bbox 3030 2981 3384 3050; x_wconf 70' lang='lat' dir='ltr'>igitur-juxta</span> <span class='ocrx_word' id='word_1_548' title='bbox 3411 2986 3639 3052; x_wconf 89' lang='lat' dir='ltr'>septua-</span> 
     </span>
    </p>
   </div>
   <div class='ocr_carea' id='block_1_76' title="bbox 1991 3065 3639 3140">
    <p class='ocr_par' dir='ltr' id='par_1_76' title="bbox 1991 3065 3639 3140">
     <span class='ocr_line' id='line_1_76' title="bbox 1991 3065 3639 3140; baseline 0.004 -22"><span class='ocrx_word' id='word_1_549' title='bbox 1991 3065 2149 3133; x_wconf 84' lang='lat' dir='ltr'>ginta</span> <span class='ocrx_word' id='word_1_550' title='bbox 2178 3067 3071 3138; x_wconf 83' lang='lat' dir='ltr'>lntcrprctumcomputationem</span> <span class='ocrx_word' id='word_1_551' title='bbox 3098 3070 3390 3140; x_wconf 88' lang='lat' dir='ltr'>reperitur</span> <span class='ocrx_word' id='word_1_552' title='bbox 3422 3069 3639 3126; x_wconf 83' lang='lat' dir='ltr'>vixisse</span> 
     </span>
    </p>
   </div>
   <div class='ocr_carea' id='block_1_77' title="bbox 1996 3152 3636 3228">
    <p class='ocr_par' dir='ltr' id='par_1_77' title="bbox 1996 3152 3636 3228">
     <span class='ocr_line' id='line_1_77' title="bbox 1996 3152 3636 3228; baseline 0.004 -22"><span class='ocrx_word' id='word_1_553' title='bbox 1996 3157 2126 3222; x_wconf 91' lang='lat' dir='ltr'>post</span> <span class='ocrx_word' id='word_1_554' title='bbox 2153 3152 2430 3209; x_wconf 87' lang='lat' dir='ltr'>diluvium</span> <span class='ocrx_word' id='word_1_555' title='bbox 2457 3169 2634 3210; x_wconf 87' lang='lat' dir='ltr'>annos</span> <span class='ocrx_word' id='word_1_556' title='bbox 2668 3159 2745 3222; x_wconf 78' lang='grc'><strong>14,</strong></span> <span class='ocrx_word' id='word_1_557' title='bbox 2775 3163 3015 3227; x_wconf 75' lang='lat' dir='ltr'>propter</span> <span class='ocrx_word' id='word_1_558' title='bbox 3039 3158 3188 3228; x_wconf 92' lang='lat' dir='ltr'>quod</span> <span class='ocrx_word' id='word_1_559' title='bbox 3224 3157 3484 3212; x_wconf 91' lang='lat' dir='ltr'>nonnulli</span> <span class='ocrx_word' id='word_1_560' title='bbox 3507 3173 3636 3214; x_wconf 90' lang='lat' dir='ltr'>eum</span> 
     </span>
    </p>
   </div>
   <div class='ocr_carea' id='block_1_78' title="bbox 1995 3245 3638 3316">
    <p class='ocr_par' dir='ltr' id='par_1_78' title="bbox 1995 3245 3638 3316">
     <span class='ocr_line' id='line_1_78' title="bbox 1995 3245 3638 3316; baseline 0.004 -21"><span class='ocrx_word' id='word_1_561' title='bbox 1995 3256 2122 3295; x_wconf 86' lang='lat' dir='ltr'>eum</span> <span class='ocrx_word' id='word_1_562' title='bbox 2152 3247 2314 3311; x_wconf 90' lang='lat' dir='ltr'>patre</span> <span class='ocrx_word' id='word_1_563' title='bbox 2339 3257 2444 3297; x_wconf 87' lang='lat' dir='ltr'>suo</span> <span class='ocrx_word' id='word_1_564' title='bbox 2469 3245 2679 3312; x_wconf 84' lang='lat' dir='ltr'>Euoeh,</span> <span class='ocrx_word' id='word_1_565' title='bbox 2709 3245 2803 3313; x_wconf 88' lang='lat' dir='ltr'>qui</span> <span class='ocrx_word' id='word_1_566' title='bbox 2831 3245 3154 3300; x_wconf 87' lang='lat' dir='ltr'>translatus</span> <span class='ocrx_word' id='word_1_567' title='bbox 3175 3251 3282 3314; x_wconf 91' lang='lat' dir='ltr'>est,</span> <span class='ocrx_word' id='word_1_568' title='bbox 3312 3246 3638 3316; x_wconf 89' lang='lat' dir='ltr'>aliquantu-</span> 
     </span>
    </p>
   </div>
   <div class='ocr_carea' id='block_1_79' title="bbox 1994 3328 3636 3405">
    <p class='ocr_par' dir='ltr' id='par_1_79' title="bbox 1994 3328 3636 3405">
     <span class='ocr_line' id='line_1_79' title="bbox 1994 3328 3636 3405; baseline 0.005 -24"><span class='ocrx_word' id='word_1_569' title='bbox 1994 3328 2106 3384; x_wconf 91' lang='lat' dir='ltr'>lum</span> <span class='ocrx_word' id='word_1_570' title='bbox 2129 3329 2328 3396; x_wconf 80' lang='lat' dir='ltr'>fuisse,</span> <span class='ocrx_word' id='word_1_571' title='bbox 2347 3331 2530 3386; x_wconf 90' lang='lat' dir='ltr'>donec</span> <span class='ocrx_word' id='word_1_572' title='bbox 2548 3333 2827 3387; x_wconf 86' lang='lat' dir='ltr'>diluvium</span> <span class='ocrx_word' id='word_1_573' title='bbox 2850 3334 3184 3402; x_wconf 88' lang='lat' dir='ltr'>preteriret,</span> <span class='ocrx_word' id='word_1_574' title='bbox 3207 3334 3343 3388; x_wconf 88' lang='lat' dir='ltr'>falsa</span> <span class='ocrx_word' id='word_1_575' title='bbox 3361 3335 3636 3405; x_wconf 88' lang='lat' dir='ltr'>opinione</span> 
     </span>
    </p>
   </div>
   <div class='ocr_carea' id='block_1_80' title="bbox 1993 3417 3637 3491">
    <p class='ocr_par' dir='ltr' id='par_1_80' title="bbox 1993 3417 3637 3491">
     <span class='ocr_line' id='line_1_80' title="bbox 1993 3417 3637 3491; baseline 0.003 -20"><span class='ocrx_word' id='word_1_576' title='bbox 1993 3417 2347 3471; x_wconf 88' lang='lat' dir='ltr'>existimant.</span> <span class='ocrx_word' id='word_1_577' title='bbox 2378 3421 2608 3474; x_wconf 83' lang='lat' dir='ltr'>Certum</span> <span class='ocrx_word' id='word_1_578' title='bbox 2631 3426 2818 3474; x_wconf 89' lang='lat' dir='ltr'>tamen</span> <span class='ocrx_word' id='word_1_579' title='bbox 2854 3427 2962 3488; x_wconf 90' lang='lat' dir='ltr'>est,</span> <span class='ocrx_word' id='word_1_580' title='bbox 2999 3430 3056 3476; x_wconf 89' lang='lat' dir='ltr'>ut</span> <span class='ocrx_word' id='word_1_581' title='bbox 3093 3429 3332 3477; x_wconf 90' lang='lat' dir='ltr'>sanctus</span> <span class='ocrx_word' id='word_1_582' title='bbox 3364 3423 3637 3491; x_wconf 86' lang='lat' dir='ltr'>Augusti-</span> 
     </span>
    </p>
   </div>
   <div class='ocr_carea' id='block_1_81' title="bbox 1994 3503 3634 3582">
    <p class='ocr_par' dir='ltr' id='par_1_81' title="bbox 1994 3503 3634 3582">
     <span class='ocr_line' id='line_1_81' title="bbox 1994 3503 3634 3582; baseline 0.005 -24"><span class='ocrx_word' id='word_1_583' title='bbox 1994 3520 2099 3559; x_wconf 85' lang='lat' dir='ltr'>nus</span> <span class='ocrx_word' id='word_1_584' title='bbox 2135 3505 2188 3558; x_wconf 89' lang='lat' dir='ltr'>in</span> <span class='ocrx_word' id='word_1_585' title='bbox 2223 3503 2371 3560; x_wconf 88' lang='lat' dir='ltr'>libro</span> <span class='ocrx_word' id='word_1_586' title='bbox 2404 3506 2472 3562; x_wconf 88' lang='lat' dir='ltr'>de</span> <span class='ocrx_word' id='word_1_587' title='bbox 2505 3509 2750 3563; x_wconf 81' lang='lat' dir='ltr'>Civitate</span> <span class='ocrx_word' id='word_1_588' title='bbox 2783 3509 3003 3564; x_wconf 90' lang='lat' dir='ltr'>Domini</span> <span class='ocrx_word' id='word_1_589' title='bbox 3039 3510 3152 3579; x_wconf 79' lang='lat' dir='ltr'>(xv,</span> <span class='ocrx_word' id='word_1_590' title='bbox 3191 3514 3275 3582; x_wconf 88' lang='grc'>11)</span> <span class='ocrx_word' id='word_1_591' title='bbox 3308 3511 3468 3580; x_wconf 83' lang='lat' dir='ltr'>dicit,</span> <span class='ocrx_word' id='word_1_592' title='bbox 3506 3525 3634 3566; x_wconf 91' lang='lat' dir='ltr'>eum</span> 
     </span>
    </p>
   </div>
   <div class='ocr_carea' id='block_1_82' title="bbox 1993 3595 3636 3669">
    <p class='ocr_par' dir='ltr' id='par_1_82' title="bbox 1993 3595 3636 3669">
     <span class='ocr_line' id='line_1_82' title="bbox 1993 3595 3636 3669; baseline 0.002 -19"><span class='ocrx_word' id='word_1_593' title='bbox 1993 3599 2122 3665; x_wconf 88' lang='lat' dir='ltr'>post</span> <span class='ocrx_word' id='word_1_594' title='bbox 2160 3595 2439 3654; x_wconf 88' lang='lat' dir='ltr'>diluvium</span> <span class='ocrx_word' id='word_1_595' title='bbox 2474 3612 2582 3651; x_wconf 90' lang='lat' dir='ltr'>non</span> <span class='ocrx_word' id='word_1_596' title='bbox 2645 3598 2881 3660; x_wconf 82' lang='lat' dir='ltr'>vixisse.</span> <span class='ocrx_word' id='word_1_597' title='bbox 2939 3599 3037 3652; x_wconf 90' lang='lat' dir='ltr'>sed</span> <span class='ocrx_word' id='word_1_598' title='bbox 3073 3598 3126 3653; x_wconf 91' lang='lat' dir='ltr'>in</span> <span class='ocrx_word' id='word_1_599' title='bbox 3162 3599 3286 3668; x_wconf 89' lang='lat' dir='ltr'>ipso</span> <span class='ocrx_word' id='word_1_600' title='bbox 3319 3614 3466 3654; x_wconf 88' lang='lat' dir='ltr'>anno</span> <span class='ocrx_word' id='word_1_601' title='bbox 3523 3613 3636 3669; x_wconf 91' lang='lat' dir='ltr'>quo</span> 
     </span>
    </p>
   </div>
   <div class='ocr_carea' id='block_1_83' title="bbox 1993 3687 3636 3756">
    <p class='ocr_par' dir='ltr' id='par_1_83' title="bbox 1993 3687 3636 3756">
     <span class='ocr_line' id='line_1_83' title="bbox 1993 3687 3636 3756; baseline 0.002 -16"><span class='ocrx_word' id='word_1_602' title='bbox 1993 3687 2272 3742; x_wconf 89' lang='lat' dir='ltr'>diluvium</span> <span class='ocrx_word' id='word_1_603' title='bbox 2335 3688 2546 3741; x_wconf 85' lang='lat' dir='ltr'>factum</span> <span class='ocrx_word' id='word_1_604' title='bbox 2605 3692 2693 3740; x_wconf 89' lang='lat' dir='ltr'>est</span> <span class='ocrx_word' id='word_1_605' title='bbox 2775 3692 3062 3742; x_wconf 90' lang='lat' dir='ltr'>mortuum</span> <span class='ocrx_word' id='word_1_606' title='bbox 3121 3702 3270 3756; x_wconf 87' lang='lat' dir='ltr'>esse,</span> <span class='ocrx_word' id='word_1_607' title='bbox 3333 3688 3636 3743; x_wconf 87' lang='lat' dir='ltr'>habentem</span> 
     </span>
    </p>
   </div>
   <div class='ocr_carea' id='block_1_84' title="bbox 1991 3775 3118 3844">
    <p class='ocr_par' dir='ltr' id='par_1_84' title="bbox 1991 3775 3118 3844">
     <span class='ocr_line' id='line_1_84' title="bbox 1991 3775 3118 3844; baseline 0 -16"><span class='ocrx_word' id='word_1_608' title='bbox 1991 3790 2172 3830; x_wconf 89' lang='lat' dir='ltr'>annos</span> <span class='ocrx_word' id='word_1_609' title='bbox 2206 3781 2528 3844; x_wconf 80' lang='lat' dir='ltr'>nongentos</span> <span class='ocrx_word' id='word_1_610' title='bbox 2558 3775 2858 3842; x_wconf 79' lang='lat' dir='ltr'>sexaginta</span> <span class='ocrx_word' id='word_1_611' title='bbox 2894 3789 3118 3830; x_wconf 87' lang='lat' dir='ltr'>novem.</span> 
     </span>
    </p>
   </div>
   <div class='ocr_carea' id='block_1_85' title="bbox 2065 3864 3641 3932">
    <p class='ocr_par' dir='ltr' id='par_1_85' title="bbox 2065 3864 3641 3932">
     <span class='ocr_line' id='line_1_85' title="bbox 2065 3864 3641 3932; baseline 0.003 -16"><span class='ocrx_word' id='word_1_612' title='bbox 2065 3864 2306 3919; x_wconf 80' lang='lat' dir='ltr'>Lamech</span> <span class='ocrx_word' id='word_1_613' title='bbox 2351 3880 2498 3918; x_wconf 88' lang='lat' dir='ltr'>anno</span> <span class='ocrx_word' id='word_1_614' title='bbox 2551 3864 2683 3919; x_wconf 75' lang='lat' dir='ltr'>vitae</span> <span class='ocrx_word' id='word_1_615' title='bbox 2718 3878 2834 3918; x_wconf 77' lang='lat' dir='ltr'>suze</span> <span class='ocrx_word' id='word_1_616' title='bbox 2873 3867 2970 3917; x_wconf 88' lang='lat'>182</span> <span class='ocrx_word' id='word_1_617' title='bbox 3000 3865 3202 3931; x_wconf 85' lang='lat' dir='ltr'>genuit</span> <span class='ocrx_word' id='word_1_618' title='bbox 3233 3865 3370 3932; x_wconf 80' lang='lat' dir='ltr'>Noe,</span> <span class='ocrx_word' id='word_1_619' title='bbox 3433 3864 3525 3920; x_wconf 91' lang='lat' dir='ltr'>cui</span> <span class='ocrx_word' id='word_1_620' title='bbox 3558 3865 3641 3920; x_wconf 88' lang='lat' dir='ltr'>di-</span> 
     </span>
    </p>
   </div>
   <div class='ocr_carea' id='block_1_86' title="bbox 1996 3951 3643 4021">
    <p class='ocr_par' dir='ltr' id='par_1_86' title="bbox 1996 3951 3643 4021">
     <span class='ocr_line' id='line_1_86' title="bbox 1996 3951 3643 4021; baseline 0.001 -15"><span class='ocrx_word' id='word_1_621' title='bbox 1996 3952 2126 4007; x_wconf 91' lang='lat' dir='ltr'>vino</span> <span class='ocrx_word' id='word_1_622' title='bbox 2154 3954 2396 4021; x_wconf 86' lang='lat' dir='ltr'>jubetur</span> <span class='ocrx_word' id='word_1_623' title='bbox 2437 3951 2674 4007; x_wconf 88' lang='lat' dir='ltr'>oraculo</span> <span class='ocrx_word' id='word_1_624' title='bbox 2724 3952 3015 4007; x_wconf 55' lang='lat' dir='ltr'>aediﬁcare</span> <span class='ocrx_word' id='word_1_625' title='bbox 3047 3968 3237 4008; x_wconf 90' lang='lat' dir='ltr'>arcam</span> <span class='ocrx_word' id='word_1_626' title='bbox 3272 3967 3419 4008; x_wconf 91' lang='lat' dir='ltr'>anno</span> <span class='ocrx_word' id='word_1_627' title='bbox 3451 3953 3643 4008; x_wconf 74' lang='lat' dir='ltr'>aetatis</span> 
     </span>
    </p>
   </div>
   <div class='ocr_carea' id='block_1_87' title="bbox 1995 4040 3643 4110">
    <p class='ocr_par' dir='ltr' id='par_1_87' title="bbox 1995 4040 3643 4110">
     <span class='ocr_line' id='line_1_87' title="bbox 1995 4040 3643 4110; baseline 0 -15"><span class='ocrx_word' id='word_1_628' title='bbox 1995 4056 2114 4095; x_wconf 60' lang='lat' dir='ltr'>suae</span> <span class='ocrx_word' id='word_1_629' title='bbox 2138 4040 2626 4109; x_wconf 75' lang='lat' dir='ltr'>quingentesimo,</span> <span class='ocrx_word' id='word_1_630' title='bbox 2654 4056 2780 4093; x_wconf 86' lang='lat' dir='ltr'>cum</span> <span class='ocrx_word' id='word_1_631' title='bbox 2800 4042 2945 4095; x_wconf 87' lang='lat' dir='ltr'>Deus</span> <span class='ocrx_word' id='word_1_632' title='bbox 2970 4040 3166 4095; x_wconf 86' lang='lat' dir='ltr'>delere</span> <span class='ocrx_word' id='word_1_633' title='bbox 3191 4041 3527 4110; x_wconf 88' lang='lat' dir='ltr'>disponeret</span> <span class='ocrx_word' id='word_1_634' title='bbox 3549 4042 3643 4095; x_wconf 89' lang='lat' dir='ltr'>ho-</span> 
     </span>
    </p>
   </div>
   <div class='ocr_carea' id='block_1_88' title="bbox 1995 4127 3637 4200">
    <p class='ocr_par' dir='ltr' id='par_1_88' title="bbox 1995 4127 3637 4200">
     <span class='ocr_line' id='line_1_88' title="bbox 1995 4127 3637 4200; baseline 0.001 -18"><span class='ocrx_word' id='word_1_635' title='bbox 1995 4129 2174 4182; x_wconf 87' lang='lat' dir='ltr'>mines</span> <span class='ocrx_word' id='word_1_636' title='bbox 2201 4134 2443 4197; x_wconf 85' lang='lat' dir='ltr'>propter</span> <span class='ocrx_word' id='word_1_637' title='bbox 2469 4127 2748 4181; x_wconf 85' lang='lat' dir='ltr'>malieiam</span> <span class='ocrx_word' id='word_1_638' title='bbox 2784 4143 2980 4182; x_wconf 89' lang='lat' dir='ltr'>eorum</span> <span class='ocrx_word' id='word_1_639' title='bbox 3009 4128 3164 4195; x_wconf 85' lang='grc'><strong>(1811).</strong></span> <span class='ocrx_word' id='word_1_640' title='bbox 3187 4145 3201 4193; x_wconf 90' lang='grc'>;</span> <span class='ocrx_word' id='word_1_641' title='bbox 3224 4131 3436 4183; x_wconf 66' lang='grc'><strong>,10811111</strong></span> <span class='ocrx_word' id='word_1_642' title='bbox 3495 4144 3530 4195; x_wconf 92' lang='grc'>1,</span> <span class='ocrx_word' id='word_1_643' title='bbox 3564 4131 3637 4200; x_wconf 78' lang='grc'>4).</span> 
     </span>
    </p>
   </div>
   <div class='ocr_carea' id='block_1_89' title="bbox 1993 4215 3641 4286">
    <p class='ocr_par' dir='ltr' id='par_1_89' title="bbox 1993 4215 3641 4286">
     <span class='ocr_line' id='line_1_89' title="bbox 1993 4215 3641 4286; baseline 0.002 -17"><span class='ocrx_word' id='word_1_644' title='bbox 1993 4218 2263 4270; x_wconf 75' lang='lat' dir='ltr'>Homines</span> <span class='ocrx_word' id='word_1_645' title='bbox 2313 4222 2504 4270; x_wconf 84' lang='lat' dir='ltr'>autem</span> <span class='ocrx_word' id='word_1_646' title='bbox 2539 4215 2695 4270; x_wconf 88' lang='lat' dir='ltr'>illius</span> <span class='ocrx_word' id='word_1_647' title='bbox 2744 4216 3043 4285; x_wconf 83' lang='lat' dir='ltr'>temporis,</span> <span class='ocrx_word' id='word_1_648' title='bbox 3081 4217 3176 4285; x_wconf 85' lang='lat' dir='ltr'>qui</span> <span class='ocrx_word' id='word_1_649' title='bbox 3217 4231 3317 4285; x_wconf 86' lang='lat' dir='ltr'>per</span> <span class='ocrx_word' id='word_1_650' title='bbox 3350 4216 3641 4286; x_wconf 83' lang='lat' dir='ltr'>ingenium</span> 
     </span>
    </p>
   </div>
   <div class='ocr_carea' id='block_1_90' title="bbox 1993 4305 3646 4376">
    <p class='ocr_par' dir='ltr' id='par_1_90' title="bbox 1993 4305 3646 4376">
     <span class='ocr_line' id='line_1_90' title="bbox 1993 4305 3646 4376; baseline 0.001 -17"><span class='ocrx_word' id='word_1_651' title='bbox 1993 4305 2273 4360; x_wconf 89' lang='lat' dir='ltr'>divinitus</span> <span class='ocrx_word' id='word_1_652' title='bbox 2302 4305 2582 4358; x_wconf 86' lang='lat' dir='ltr'>traditum</span> <span class='ocrx_word' id='word_1_653' title='bbox 2632 4319 2736 4372; x_wconf 83' lang='lat' dir='ltr'>per</span> <span class='ocrx_word' id='word_1_654' title='bbox 2759 4310 2838 4358; x_wconf 82' lang='lat' dir='ltr'>tot</span> <span class='ocrx_word' id='word_1_655' title='bbox 2866 4318 3144 4359; x_wconf 88' lang='lat' dir='ltr'>annorum</span> <span class='ocrx_word' id='word_1_656' title='bbox 3172 4305 3304 4360; x_wconf 68' lang='lat' dir='ltr'>vitae</span> <span class='ocrx_word' id='word_1_657' title='bbox 3335 4307 3532 4376; x_wconf 89' lang='lat' dir='ltr'>spacia</span> <span class='ocrx_word' id='word_1_658' title='bbox 3561 4306 3646 4362; x_wconf 83' lang='lat' dir='ltr'>di-</span> 
     </span>
    </p>
   </div>
   <div class='ocr_carea' id='block_1_91' title="bbox 1994 4391 3639 4464">
    <p class='ocr_par' dir='ltr' id='par_1_91' title="bbox 1994 4391 3639 4464">
     <span class='ocr_line' id='line_1_91' title="bbox 1994 4391 3639 4464; baseline 0.002 -16"><span class='ocrx_word' id='word_1_659' title='bbox 1994 4408 2290 4448; x_wconf 84' lang='lat' dir='ltr'>versarum</span> <span class='ocrx_word' id='word_1_660' title='bbox 2309 4392 2520 4446; x_wconf 85' lang='lat' dir='ltr'>artium</span> <span class='ocrx_word' id='word_1_661' title='bbox 2547 4397 2602 4444; x_wconf 85' lang='lat' dir='ltr'>et</span> <span class='ocrx_word' id='word_1_662' title='bbox 2639 4391 3076 4460; x_wconf 68' lang='lat' dir='ltr'>(.Iiseiplinarum</span> <span class='ocrx_word' id='word_1_663' title='bbox 3097 4398 3427 4462; x_wconf 84' lang='lat' dir='ltr'>repertores</span> <span class='ocrx_word' id='word_1_664' title='bbox 3450 4400 3639 4464; x_wconf 87' lang='lat' dir='ltr'>erant,</span> 
     </span>
    </p>
   </div>
   <div class='ocr_carea' id='block_1_92' title="bbox 1995 4479 3644 4551">
    <p class='ocr_par' dir='ltr' id='par_1_92' title="bbox 1995 4479 3644 4551">
     <span class='ocr_line' id='line_1_92' title="bbox 1995 4479 3644 4551; baseline 0.002 -16"><span class='ocrx_word' id='word_1_665' title='bbox 1995 4498 2120 4537; x_wconf 87' lang='lat' dir='ltr'>cum</span> <span class='ocrx_word' id='word_1_666' title='bbox 2152 4481 2495 4551; x_wconf 85' lang='lat' dir='ltr'>predixissct</span> <span class='ocrx_word' id='word_1_667' title='bbox 2524 4481 2609 4533; x_wconf 82' lang='lat' dir='ltr'>cis</span> <span class='ocrx_word' id='word_1_668' title='bbox 2646 4479 2818 4533; x_wconf 83' lang='lat' dir='ltr'>Adam</span> <span class='ocrx_word' id='word_1_669' title='bbox 2847 4479 3054 4549; x_wconf 82' lang='lat' dir='ltr'>spiritu</span> <span class='ocrx_word' id='word_1_670' title='bbox 3085 4481 3181 4534; x_wconf 87' lang='lat' dir='ltr'>Dei</span> <span class='ocrx_word' id='word_1_671' title='bbox 3201 4481 3424 4550; x_wconf 88' lang='lat' dir='ltr'>plenus,</span> <span class='ocrx_word' id='word_1_672' title='bbox 3450 4488 3644 4538; x_wconf 86' lang='lat' dir='ltr'>exter-</span> 
     </span>
    </p>
   </div>
   <div class='ocr_carea' id='block_1_93' title="bbox 1997 4569 3641 4641">
    <p class='ocr_par' dir='ltr' id='par_1_93' title="bbox 1997 4569 3641 4641">
     <span class='ocr_line' id='line_1_93' title="bbox 1997 4569 3641 4641; baseline 0.001 -16"><span class='ocrx_word' id='word_1_673' title='bbox 1997 4571 2366 4625; x_wconf 88' lang='lat' dir='ltr'>minationem</span> <span class='ocrx_word' id='word_1_674' title='bbox 2400 4569 2650 4623; x_wconf 86' lang='lat' dir='ltr'>omnium</span> <span class='ocrx_word' id='word_1_675' title='bbox 2704 4583 2916 4632; x_wconf 88' lang='lat' dir='ltr'>rerum,</span> <span class='ocrx_word' id='word_1_676' title='bbox 2958 4584 3122 4624; x_wconf 74' lang='lat' dir='ltr'>unam</span> <span class='ocrx_word' id='word_1_677' title='bbox 3187 4569 3337 4638; x_wconf 83' lang='lat' dir='ltr'>ignis</span> <span class='ocrx_word' id='word_1_678' title='bbox 3397 4571 3641 4641; x_wconf 82' lang='lat' dir='ltr'>virtute,</span> 
     </span>
    </p>
   </div>
   <div class='ocr_carea' id='block_1_94' title="bbox 229 4646 3638 4730">
    <p class='ocr_par' dir='ltr' id='par_1_94' title="bbox 229 4646 3638 4730">
     <span class='ocr_line' id='line_1_94' title="bbox 229 4646 3638 4730; baseline 0.002 -23"><span class='ocrx_word' id='word_1_679' title='bbox 229 4668 442 4712; x_wconf 86' lang='lat' dir='ltr'>vocare</span> <span class='ocrx_word' id='word_1_680' title='bbox 475 4673 679 4713; x_wconf 90' lang='lat' dir='ltr'>nomen</span> <span class='ocrx_word' id='word_1_681' title='bbox 711 4659 954 4713; x_wconf 91' lang='lat' dir='ltr'>Domini.</span> <span class='ocrx_word' id='word_1_682' title='bbox 994 4661 1248 4730; x_wconf 89' lang='lat' dir='ltr'>Cumque</span> <span class='ocrx_word' id='word_1_683' title='bbox 1273 4662 1881 4719; x_wconf 66' lang='grc' dir='ltr'><strong>γ1χ188018011111111108</strong></span> <span class='ocrx_word' id='word_1_684' title='bbox 1913 4646 1961 4702; x_wconf 77' lang='grc' dir='ltr'><strong>Ῐ)</strong></span> <span class='ocrx_word' id='word_1_685' title='bbox 1995 4661 2236 4714; x_wconf 88' lang='lat' dir='ltr'>alteram</span> <span class='ocrx_word' id='word_1_686' title='bbox 2274 4674 2551 4728; x_wconf 85' lang='lat' dir='ltr'>aquarum</span> <span class='ocrx_word' id='word_1_687' title='bbox 2582 4657 2634 4711; x_wconf 91' lang='lat' dir='ltr'>vi</span> <span class='ocrx_word' id='word_1_688' title='bbox 2661 4673 2724 4712; x_wconf 88' lang='lat' dir='ltr'>ac</span> <span class='ocrx_word' id='word_1_689' title='bbox 2760 4657 3132 4712; x_wconf 89' lang='lat' dir='ltr'>multitudine</span> <span class='ocrx_word' id='word_1_690' title='bbox 3159 4658 3280 4712; x_wconf 85' lang='lat' dir='ltr'>fore</span> <span class='ocrx_word' id='word_1_691' title='bbox 3311 4664 3638 4728; x_wconf 86' lang='lat' dir='ltr'>venturam,</span> 
     </span>
    </p>
   </div>
   <div class='ocr_carea' id='block_1_95' title="bbox 229 4745 786 4813">
    <p class='ocr_par' dir='ltr' id='par_1_95' title="bbox 229 4745 786 4813">
     <span class='ocr_line' id='line_1_95' title="bbox 229 4745 786 4813; baseline 0.014 -18"><span class='ocrx_word' id='word_1_692' title='bbox 229 4745 350 4813; x_wconf 86' lang='grc'><strong>912,</strong></span> <span class='ocrx_word' id='word_1_693' title='bbox 385 4752 654 4802; x_wconf 88' lang='lat' dir='ltr'>mortuus</span> <span class='ocrx_word' id='word_1_694' title='bbox 679 4754 786 4803; x_wconf 87' lang='lat' dir='ltr'>est.</span> 
     </span>
    </p>
   </div>
   <div class='ocr_carea' id='block_1_96' title="bbox 301 4834 1880 4909">
    <p class='ocr_par' dir='ltr' id='par_1_96' title="bbox 301 4834 1880 4909">
     <span class='ocr_line' id='line_1_96' title="bbox 301 4834 1880 4909; baseline 0.004 -21"><span class='ocrx_word' id='word_1_695' title='bbox 301 4834 495 4906; x_wconf 82' lang='grc'><strong>(1811).)</strong></span> <span class='ocrx_word' id='word_1_696' title='bbox 542 4837 690 4892; x_wconf 86' lang='lat' dir='ltr'>Enos</span> <span class='ocrx_word' id='word_1_697' title='bbox 743 4853 891 4894; x_wconf 91' lang='lat' dir='ltr'>anno</span> <span class='ocrx_word' id='word_1_698' title='bbox 925 4840 1060 4894; x_wconf 52' lang='lat' dir='ltr'>vitae</span> <span class='ocrx_word' id='word_1_699' title='bbox 1092 4855 1211 4894; x_wconf 69' lang='lat' dir='ltr'>suae</span> <span class='ocrx_word' id='word_1_700' title='bbox 1273 4841 1647 4907; x_wconf 63' lang='lat' dir='ltr'>nonagisimo</span> <span class='ocrx_word' id='word_1_701' title='bbox 1679 4842 1880 4909; x_wconf 85' lang='lat' dir='ltr'>genuit</span> 
     </span>
    </p>
   </div>
   <div class='ocr_carea' id='block_1_97' title="bbox 233 4918 1876 4996">
    <p class='ocr_par' dir='ltr' id='par_1_97' title="bbox 233 4918 1876 4996">
     <span class='ocr_line' id='line_1_97' title="bbox 233 4918 1876 4996; baseline 0.007 -24"><span class='ocrx_word' id='word_1_702' title='bbox 233 4918 466 4992; x_wconf 89' lang='lat' dir='ltr'>Cainan,</span> <span class='ocrx_word' id='word_1_703' title='bbox 485 4924 580 4993; x_wconf 90' lang='lat' dir='ltr'>qui</span> <span class='ocrx_word' id='word_1_704' title='bbox 603 4924 1024 4996; x_wconf 88' lang='lat' dir='ltr'>interpretatur</span> <span class='ocrx_word' id='word_1_705' title='bbox 1046 4929 1269 4983; x_wconf 68' lang='lat' dir='ltr'>natura</span> <span class='ocrx_word' id='word_1_706' title='bbox 1287 4929 1418 4994; x_wconf 76' lang='lat' dir='ltr'>Dei,</span> <span class='ocrx_word' id='word_1_707' title='bbox 1447 4929 1675 4982; x_wconf 88' lang='lat' dir='ltr'>vivente</span> <span class='ocrx_word' id='word_1_708' title='bbox 1702 4928 1876 4984; x_wconf 86' lang='lat' dir='ltr'>Adam</span> 
     </span>
    </p>
   </div>
   <div class='ocr_carea' id='block_1_98' title="bbox 228 5007 1876 5084">
    <p class='ocr_par' dir='ltr' id='par_1_98' title="bbox 228 5007 1876 5084">
     <span class='ocr_line' id='line_1_98' title="bbox 228 5007 1876 5084; baseline 0.008 -27"><span class='ocrx_word' id='word_1_709' title='bbox 228 5011 284 5058; x_wconf 91' lang='lat' dir='ltr'>et</span> <span class='ocrx_word' id='word_1_710' title='bbox 317 5007 564 5067; x_wconf 89' lang='lat' dir='ltr'>habente</span> <span class='ocrx_word' id='word_1_711' title='bbox 598 5028 781 5068; x_wconf 89' lang='lat' dir='ltr'>annos</span> <span class='ocrx_word' id='word_1_712' title='bbox 804 5017 926 5068; x_wconf 73' lang='lat'>3235.</span> <span class='ocrx_word' id='word_1_713' title='bbox 959 5017 1214 5084; x_wconf 84' lang='lat' dir='ltr'>Cumque</span> <span class='ocrx_word' id='word_1_714' title='bbox 1241 5021 1401 5069; x_wconf 81' lang='lat' dir='ltr'>esset</span> <span class='ocrx_word' id='word_1_715' title='bbox 1427 5018 1574 5072; x_wconf 81' lang='lat' dir='ltr'>Euos</span> <span class='ocrx_word' id='word_1_716' title='bbox 1599 5031 1876 5072; x_wconf 89' lang='lat' dir='ltr'>annorum</span> 
     </span>
    </p>
   </div>
   <div class='ocr_carea' id='block_1_99' title="bbox 227 5097 797 5164">
    <p class='ocr_par' dir='ltr' id='par_1_99' title="bbox 227 5097 797 5164">
     <span class='ocr_line' id='line_1_99' title="bbox 227 5097 797 5164; baseline 0.018 -18"><span class='ocrx_word' id='word_1_717' title='bbox 227 5097 653 5164; x_wconf 72' lang='lat' dir='ltr'>905,‘mortuus</span> <span class='ocrx_word' id='word_1_718' title='bbox 680 5107 797 5157; x_wconf 87' lang='lat' dir='ltr'>est.</span> 
     </span>
    </p>
   </div>
   <div class='ocr_carea' id='block_1_100' title="bbox 1996 4747 3637 4818">
    <p class='ocr_par' dir='ltr' id='par_1_100' title="bbox 1996 4747 3637 4818">
     <span class='ocr_line' id='line_1_100' title="bbox 1996 4747 3637 4818; baseline 0 -15"><span class='ocrx_word' id='word_1_719' title='bbox 1996 4749 2433 4803; x_wconf 81' lang='lat' dir='ltr'>l‘arientcsduas</span> <span class='ocrx_word' id='word_1_720' title='bbox 2463 4749 2785 4814; x_wconf 87' lang='lat' dir='ltr'>columnas,</span> <span class='ocrx_word' id='word_1_721' title='bbox 2807 4761 2974 4800; x_wconf 88' lang='lat' dir='ltr'>unam</span> <span class='ocrx_word' id='word_1_722' title='bbox 3001 4747 3229 4816; x_wconf 88' lang='lat' dir='ltr'>quidem</span> <span class='ocrx_word' id='word_1_723' title='bbox 3247 4747 3637 4818; x_wconf 84' lang='lat' dir='ltr'>exlatcrihus,</span> 
     </span>
    </p>
   </div>
   <div class='ocr_carea' id='block_1_101' title="bbox 1994 4835 3642 4908">
    <p class='ocr_par' dir='ltr' id='par_1_101' title="bbox 1994 4835 3642 4908">
     <span class='ocr_line' id='line_1_101' title="bbox 1994 4835 3642 4908; baseline -0.001 -15"><span class='ocrx_word' id='word_1_724' title='bbox 1994 4839 2234 4893; x_wconf 81' lang='lat' dir='ltr'>alteram</span> <span class='ocrx_word' id='word_1_725' title='bbox 2268 4853 2334 4892; x_wconf 88' lang='lat' dir='ltr'>ex</span> <span class='ocrx_word' id='word_1_726' title='bbox 2393 4837 2701 4908; x_wconf 89' lang='lat' dir='ltr'>lapidibus,</span> <span class='ocrx_word' id='word_1_727' title='bbox 2754 4835 2966 4890; x_wconf 88' lang='lat' dir='ltr'>studiis</span> <span class='ocrx_word' id='word_1_728' title='bbox 3018 4835 3140 4889; x_wconf 89' lang='lat' dir='ltr'>suis</span> <span class='ocrx_word' id='word_1_729' title='bbox 3198 4836 3429 4890; x_wconf 88' lang='lat' dir='ltr'>inventa</span> <span class='ocrx_word' id='word_1_730' title='bbox 3462 4835 3516 4890; x_wconf 90' lang='lat' dir='ltr'>in</span> <span class='ocrx_word' id='word_1_731' title='bbox 3549 4837 3642 4892; x_wconf 92' lang='lat' dir='ltr'>his</span> 
     </span>
    </p>
   </div>
   <div class='ocr_carea' id='block_1_102' title="bbox 1992 4923 3642 4995">
    <p class='ocr_par' dir='ltr' id='par_1_102' title="bbox 1992 4923 3642 4995">
     <span class='ocr_line' id='line_1_102' title="bbox 1992 4923 3642 4995; baseline -0.002 -14"><span class='ocrx_word' id='word_1_732' title='bbox 1992 4926 2491 4995; x_wconf 87' lang='lat' dir='ltr'>conscripserunt,</span> <span class='ocrx_word' id='word_1_733' title='bbox 2520 4939 2587 4979; x_wconf 88' lang='lat' dir='ltr'>ne</span> <span class='ocrx_word' id='word_1_734' title='bbox 2613 4923 3241 4978; x_wconf 70' lang='lat' dir='ltr'>delerenturmemoria</span> <span class='ocrx_word' id='word_1_735' title='bbox 3270 4938 3395 4993; x_wconf 70' lang='lat' dir='ltr'>quae</span> <span class='ocrx_word' id='word_1_736' title='bbox 3415 4923 3642 4993; x_wconf 89' lang='lat' dir='ltr'>sapien-</span> 
     </span>
    </p>
   </div>
   <div class='ocr_carea' id='block_1_103' title="bbox 1992 5011 3629 5081">
    <p class='ocr_par' dir='ltr' id='par_1_103' title="bbox 1992 5011 3629 5081">
     <span class='ocr_line' id='line_1_103' title="bbox 1992 5011 3629 5081; baseline -0.001 -13"><span class='ocrx_word' id='word_1_737' title='bbox 1992 5023 2081 5068; x_wconf 85' lang='lat' dir='ltr'>ter</span> <span class='ocrx_word' id='word_1_738' title='bbox 2113 5015 2474 5068; x_wconf 90' lang='lat' dir='ltr'>invenerunt.</span> <span class='ocrx_word' id='word_1_739' title='bbox 2535 5013 2785 5077; x_wconf 87' lang='lat' dir='ltr'>Quarum</span> <span class='ocrx_word' id='word_1_740' title='bbox 2848 5011 3072 5081; x_wconf 88' lang='lat' dir='ltr'>lapidea</span> <span class='ocrx_word' id='word_1_741' title='bbox 3132 5012 3314 5066; x_wconf 79' lang='lat' dir='ltr'>fertur</span> <span class='ocrx_word' id='word_1_742' title='bbox 3345 5011 3629 5067; x_wconf 88' lang='lat' dir='ltr'>diluvium</span> 
     </span>
    </p>
   </div>
   <div class='ocr_carea' id='block_1_104' title="bbox 1991 5100 3650 5172">
    <p class='ocr_par' dir='ltr' id='par_1_104' title="bbox 1991 5100 3650 5172">
     <span class='ocr_line' id='line_1_104' title="bbox 1991 5100 3650 5172; baseline -0.002 -13"><span class='ocrx_word' id='word_1_743' title='bbox 1991 5103 2244 5159; x_wconf 89' lang='lat' dir='ltr'>evasisse</span> <span class='ocrx_word' id='word_1_744' title='bbox 2277 5107 2336 5155; x_wconf 89' lang='lat' dir='ltr'>et</span> <span class='ocrx_word' id='word_1_745' title='bbox 2370 5102 2650 5156; x_wconf 81' lang='lat' dir='ltr'>hactenus</span> <span class='ocrx_word' id='word_1_746' title='bbox 2674 5101 2726 5154; x_wconf 90' lang='lat' dir='ltr'>in</span> <span class='ocrx_word' id='word_1_747' title='bbox 2754 5100 2912 5172; x_wconf 81' lang='lat' dir='ltr'>Syria</span> <span class='ocrx_word' id='word_1_748' title='bbox 2939 5115 3299 5170; x_wconf 87' lang='lat' dir='ltr'>permanere.</span> <span class='ocrx_word' id='word_1_749' title='bbox 3339 5101 3522 5169; x_wconf 88' lang='grc'><strong>(1811).)</strong></span> <span class='ocrx_word' id='word_1_750' title='bbox 3551 5102 3650 5155; x_wconf 87' lang='lat' dir='ltr'>La-</span> 
     </span>
    </p>
   </div>
   <div class='ocr_carea' id='block_1_105' title="bbox 1589 5229 2260 5286">
    <p class='ocr_par' dir='ltr' id='par_1_105' title="bbox 1589 5229 2260 5286">
     <span class='ocr_line' id='line_1_105' title="bbox 1589 5229 2260 5286; baseline -0.001 -4"><span class='ocrx_word' id='word_1_751' title='bbox 1589 5229 1821 5284; x_wconf 54' lang='grc'><strong>11111141</strong></span> <span class='ocrx_word' id='word_1_752' title='bbox 1864 5231 1992 5286; x_wconf 76' lang='grc' dir='ltr'>Ι,Εο</span> <span class='ocrx_word' id='word_1_753' title='bbox 2008 5230 2260 5285; x_wconf 74' lang='lat' dir='ltr'>I‘IONES.</span> 
     </span>
    </p>
   </div>
   <div class='ocr_carea' id='block_1_106' title="bbox 293 5321 955 5388">
    <p class='ocr_par' dir='ltr' id='par_1_106' title="bbox 293 5321 955 5388">
     <span class='ocr_line' id='line_1_106' title="bbox 293 5321 955 5388; baseline 0.006 -6"><span class='ocrx_word' id='word_1_754' title='bbox 293 5321 337 5356; x_wconf 77' lang='lat'>&#39;°</span> <span class='ocrx_word' id='word_1_755' title='bbox 367 5341 396 5382; x_wconf 88' lang='lat' dir='ltr'>e</span> <span class='ocrx_word' id='word_1_756' title='bbox 426 5343 574 5386; x_wconf 73' lang='lat' dir='ltr'>corr.</span> <span class='ocrx_word' id='word_1_757' title='bbox 612 5336 652 5384; x_wconf 84' lang='lat'>1.</span> <span class='ocrx_word' id='word_1_758' title='bbox 688 5331 756 5386; x_wconf 84' lang='lat' dir='ltr'>VI</span> <span class='ocrx_word' id='word_1_759' title='bbox 785 5333 955 5388; x_wconf 77' lang='lat' dir='ltr'>Hier.</span> 
     </span>
    </p>
   </div>
   <div class='ocr_carea' id='block_1_107' title="bbox 1063 5332 1957 5391">
    <p class='ocr_par' dir='ltr' id='par_1_107' title="bbox 1063 5332 1957 5391">
     <span class='ocr_line' id='line_1_107' title="bbox 1063 5332 1957 5391; baseline 0.001 -2"><span class='ocrx_word' id='word_1_760' title='bbox 1063 5332 1106 5364; x_wconf 82' lang='grc'>⁸³⁷</span> <span class='ocrx_word' id='word_1_761' title='bbox 1151 5335 1244 5389; x_wconf 87' lang='lat' dir='ltr'>VII</span> <span class='ocrx_word' id='word_1_762' title='bbox 1293 5349 1319 5388; x_wconf 87' lang='lat' dir='ltr'>e</span> <span class='ocrx_word' id='word_1_763' title='bbox 1347 5348 1495 5390; x_wconf 71' lang='lat' dir='ltr'>corr.</span> <span class='ocrx_word' id='word_1_764' title='bbox 1536 5340 1581 5390; x_wconf 92' lang='lat'>1.</span> <span class='ocrx_word' id='word_1_765' title='bbox 1638 5337 1755 5389; x_wconf 86' lang='lat' dir='ltr'><strong>VIII</strong></span> <span class='ocrx_word' id='word_1_766' title='bbox 1790 5338 1957 5391; x_wconf 73' lang='lat' dir='ltr'>Hier.</span> 
     </span>
    </p>
   </div>
   <div class='ocr_carea' id='block_1_108' title="bbox 2065 5331 3637 5391">
    <p class='ocr_par' dir='ltr' id='par_1_108' title="bbox 2065 5331 3637 5391">
     <span class='ocr_line' id='line_1_108' title="bbox 2065 5331 3637 5391; baseline -0.002 0"><span class='ocrx_word' id='word_1_767' title='bbox 2065 5335 2108 5367; x_wconf 74' lang='grc'><strong>9⁸</strong></span> <span class='ocrx_word' id='word_1_768' title='bbox 2147 5334 2436 5391; x_wconf 85' lang='lat' dir='ltr'>semirade</span> <span class='ocrx_word' id='word_1_769' title='bbox 2472 5340 2517 5388; x_wconf 87' lang='lat'>1.</span> <span class='ocrx_word' id='word_1_770' title='bbox 2624 5332 2667 5364; x_wconf 70' lang='lat'>9’</span> <span class='ocrx_word' id='word_1_771' title='bbox 2692 5331 2807 5386; x_wconf 90' lang='lat' dir='ltr'>duo</span> <span class='ocrx_word' id='word_1_772' title='bbox 2857 5331 2987 5386; x_wconf 81' lang='lat' dir='ltr'>anni</span> <span class='ocrx_word' id='word_1_773' title='bbox 3022 5344 3051 5386; x_wconf 75' lang='grc' dir='ltr'><strong><em>ε</em></strong></span> <span class='ocrx_word' id='word_1_774' title='bbox 3082 5345 3230 5386; x_wconf 66' lang='grc' dir='ltr'><em>σῡνγ.</em></span> <span class='ocrx_word' id='word_1_775' title='bbox 3276 5335 3319 5385; x_wconf 94' lang='grc'><strong>1.</strong></span> <span class='ocrx_word' id='word_1_776' title='bbox 3358 5331 3427 5385; x_wconf 88' lang='lat' dir='ltr'>IV</span> <span class='ocrx_word' id='word_1_777' title='bbox 3462 5332 3637 5388; x_wconf 79' lang='lat' dir='ltr'>Hier.</span> 
     </span>
    </p>
   </div>
   <div class='ocr_carea' id='block_1_109' title="bbox 229 5391 1927 5478">
    <p class='ocr_par' dir='ltr' id='par_1_109' title="bbox 229 5391 1927 5478">
     <span class='ocr_line' id='line_1_109' title="bbox 229 5391 1927 5478; baseline 0.004 -24"><span class='ocrx_word' id='word_1_778' title='bbox 229 5391 295 5478; x_wconf 46' lang='grc' dir='ltr'>ξοδ)</span> <span class='ocrx_word' id='word_1_779' title='bbox 325 5410 376 5466; x_wconf 90' lang='lat' dir='ltr'>q.</span> <span class='ocrx_word' id='word_1_780' title='bbox 412 5414 456 5455; x_wconf 89' lang='lat' dir='ltr'>s.</span> <span class='ocrx_word' id='word_1_781' title='bbox 491 5415 690 5478; x_wconf 55' lang='grc' dir='ltr'>θεοῖν.</span> <span class='ocrx_word' id='word_1_782' title='bbox 730 5408 800 5478; x_wconf 30' lang='grc'>1.,</span> <span class='ocrx_word' id='word_1_783' title='bbox 876 5403 941 5435; x_wconf 72' lang='grc' dir='ltr'>ίοί</span> <span class='ocrx_word' id='word_1_784' title='bbox 975 5404 1162 5459; x_wconf 74' lang='lat' dir='ltr'>Addit</span> <span class='ocrx_word' id='word_1_785' title='bbox 1187 5410 1236 5460; x_wconf 79' lang='grc'>5.</span> <span class='ocrx_word' id='word_1_786' title='bbox 1269 5405 1517 5478; x_wconf 68' lang='lat' dir='ltr'>mbram</span> <span class='ocrx_word' id='word_1_787' title='bbox 1551 5425 1562 5463; x_wconf 92' lang='lat'>:</span> <span class='ocrx_word' id='word_1_788' title='bbox 1602 5407 1804 5478; x_wconf 85' lang='lat' dir='ltr'>Incipit</span> <span class='ocrx_word' id='word_1_789' title='bbox 1843 5408 1927 5461; x_wconf 82' lang='lat' dir='ltr'>lib</span> 
     </span>
    </p>
   </div>
   <div class='ocr_carea' id='block_1_110' title="bbox 2054 5391 3643 5478">
    <p class='ocr_par' dir='ltr' id='par_1_110' title="bbox 2060 5401 3643 5473">
     <span class='ocr_line' id='line_1_110' title="bbox 2060 5401 3643 5473; baseline -0.002 -11"><span class='ocrx_word' id='word_1_790' title='bbox 2060 5408 2110 5463; x_wconf 88' lang='lat' dir='ltr'>ui</span> <span class='ocrx_word' id='word_1_791' title='bbox 2149 5407 2379 5461; x_wconf 86' lang='lat' dir='ltr'>dicetur</span> <span class='ocrx_word' id='word_1_792' title='bbox 2411 5405 2774 5460; x_wconf 82' lang='grc'><strong>01011100111111</strong></span> <span class='ocrx_word' id='word_1_793' title='bbox 2809 5403 2931 5457; x_wconf 87' lang='lat' dir='ltr'>sive</span> <span class='ocrx_word' id='word_1_794' title='bbox 2965 5401 3213 5456; x_wconf 88' lang='lat' dir='ltr'>annalis.</span> <span class='ocrx_word' id='word_1_795' title='bbox 3317 5401 3383 5434; x_wconf 75' lang='grc'>¹⁰²</span> <span class='ocrx_word' id='word_1_796' title='bbox 3418 5402 3552 5473; x_wconf 88' lang='lat' dir='ltr'>quia</span> <span class='ocrx_word' id='word_1_797' title='bbox 3587 5404 3643 5460; x_wconf 92' lang='lat' dir='ltr'>in</span> 
     </span>
    </p>
   </div>
   <div class='ocr_carea' id='block_1_111' title="bbox 234 5469 1338 5544">
    <p class='ocr_par' dir='ltr' id='par_1_111' title="bbox 234 5469 1338 5544">
     <span class='ocr_line' id='line_1_111' title="bbox 234 5469 1338 5544; baseline 0.013 -26"><span class='ocrx_word' id='word_1_798' title='bbox 234 5469 326 5520; x_wconf 88' lang='lat' dir='ltr'>teo</span> <span class='ocrx_word' id='word_1_799' title='bbox 359 5481 388 5524; x_wconf 86' lang='lat' dir='ltr'>e</span> <span class='ocrx_word' id='word_1_800' title='bbox 417 5485 567 5529; x_wconf 69' lang='lat' dir='ltr'>corr.</span> <span class='ocrx_word' id='word_1_801' title='bbox 603 5477 650 5526; x_wconf 84' lang='lat'>1.</span> <span class='ocrx_word' id='word_1_802' title='bbox 761 5473 804 5505; x_wconf 67' lang='grc' dir='ltr'>ιο</span> <span class='ocrx_word' id='word_1_803' title='bbox 835 5479 1126 5544; x_wconf 74' lang='lat' dir='ltr'>suscepta:</span> <span class='ocrx_word' id='word_1_804' title='bbox 1152 5481 1199 5530; x_wconf 88' lang='lat'>1.</span> <span class='ocrx_word' id='word_1_805' title='bbox 1235 5477 1338 5532; x_wconf 77' lang='lat' dir='ltr'>etc.</span> 
     </span>
    </p>
   </div>
   <div class='ocr_carea' id='block_1_112' title="bbox 1835 5568 2060 5621">
    <p class='ocr_par' dir='ltr' id='par_1_112' title="bbox 1835 5568 2060 5621">
     <span class='ocr_line' id='line_1_112' title="bbox 1835 5568 2060 5621; baseline 0.009 -2"><span class='ocrx_word' id='word_1_806' title='bbox 1835 5568 2033 5621; x_wconf 61' lang='lat' dir='ltr'>NOTJE-</span> <span class='ocrx_word' id='word_1_807' title='bbox 2048 5607 2060 5621; x_wconf 92' lang='lat'>.</span> 
     </span>
    </p>
   </div>
   <div class='ocr_carea' id='block_1_113' title="bbox 304 5666 3653 5747">
    <p class='ocr_par' dir='ltr' id='par_1_113' title="bbox 304 5666 3653 5747">
     <span class='ocr_line' id='line_1_113' title="bbox 304 5666 3653 5747; baseline 0.002 -23"><span class='ocrx_word' id='word_1_808' title='bbox 304 5666 450 5747; x_wconf 85' lang='grc'><strong>(193)</strong></span> <span class='ocrx_word' id='word_1_809' title='bbox 510 5673 688 5740; x_wconf 90' lang='lat' dir='ltr'>Cujus</span> <span class='ocrx_word' id='word_1_810' title='bbox 743 5675 1075 5747; x_wconf 87' lang='lat' dir='ltr'>chronicam</span> <span class='ocrx_word' id='word_1_811' title='bbox 1112 5677 1167 5730; x_wconf 93' lang='lat' dir='ltr'>in</span> <span class='ocrx_word' id='word_1_812' title='bbox 1227 5677 1433 5733; x_wconf 87' lang='lat' dir='ltr'>Chron.</span> <span class='ocrx_word' id='word_1_813' title='bbox 1494 5680 1928 5747; x_wconf 86' lang='lat' dir='ltr'>Wirzburgensi</span> <span class='ocrx_word' id='word_1_814' title='bbox 1980 5681 2044 5734; x_wconf 90' lang='lat' dir='ltr'>ad</span> <span class='ocrx_word' id='word_1_815' title='bbox 2099 5678 2340 5734; x_wconf 87' lang='lat' dir='ltr'>verbum</span> <span class='ocrx_word' id='word_1_816' title='bbox 2400 5674 2750 5744; x_wconf 85' lang='lat' dir='ltr'>exscriptam</span> <span class='ocrx_word' id='word_1_817' title='bbox 2788 5672 2923 5726; x_wconf 87' lang='lat' dir='ltr'>dixi.</span> <span class='ocrx_word' id='word_1_818' title='bbox 2987 5673 3120 5728; x_wconf 83' lang='lat' dir='ltr'>Ekk.</span> <span class='ocrx_word' id='word_1_819' title='bbox 3185 5690 3322 5730; x_wconf 87' lang='lat' dir='ltr'>vero</span> <span class='ocrx_word' id='word_1_820' title='bbox 3379 5674 3472 5731; x_wconf 88' lang='lat' dir='ltr'>hic</span> <span class='ocrx_word' id='word_1_821' title='bbox 3522 5676 3653 5746; x_wconf 87' lang='lat' dir='ltr'>ejus</span> 
     </span>
    </p>
   </div>
   <div class='ocr_carea' id='block_1_114' title="bbox 241 5744 1733 5821">
    <p class='ocr_par' dir='ltr' id='par_1_114' title="bbox 241 5744 1733 5821">
     <span class='ocr_line' id='line_1_114' title="bbox 241 5744 1733 5821; baseline 0.009 -33"><span class='ocrx_word' id='word_1_822' title='bbox 241 5744 629 5800; x_wconf 86' lang='lat' dir='ltr'>narrationem</span> <span class='ocrx_word' id='word_1_823' title='bbox 663 5761 731 5799; x_wconf 86' lang='lat' dir='ltr'>ex</span> <span class='ocrx_word' id='word_1_824' title='bbox 766 5745 895 5801; x_wconf 90' lang='lat' dir='ltr'>aliis</span> <span class='ocrx_word' id='word_1_825' title='bbox 931 5748 1189 5803; x_wconf 88' lang='lat' dir='ltr'>fontibus</span> <span class='ocrx_word' id='word_1_826' title='bbox 1222 5748 1385 5803; x_wconf 89' lang='lat' dir='ltr'>valde</span> <span class='ocrx_word' id='word_1_827' title='bbox 1414 5751 1733 5821; x_wconf 88' lang='lat' dir='ltr'>ampliavit.</span> 
     </span>
    </p>
   </div>
  </div>
