3932 6410
371 372 490 436 503

1536 378 2023 443 EKKEHARDI
2065 380 2627 447 URAUGIENSIS

3671 382 3813 449 504

375 505 539 565 mech
571 522 711 567 vero
760 525 889 568 cum
920 515 1079 569 esset
1104 526 1384 572 annorum
1416 520 1539 586 777,
1575 514 1832 589 quinque
1859 519 2026 578 annis
2057 513 2103 576 A
2139 534 2326 590 usque
2356 519 2426 577 ad
2478 519 2598 577 Noe
2629 523 2689 576 et
2738 515 3039 587 diluvium,
3101 516 3408 577 continens
3439 535 3620 579 annos
3653 520 3813 580 1656

376 602 509 653 ante
543 599 823 657 diluvium
854 608 1122 659 mortuus
1151 608 1259 660 est.
1307 606 1389 660 Ex
1419 620 1590 677 supra
1624 606 1800 663 dictis
1830 614 2023 666 autem

2138 609 2459 666 secundum
2511 610 2755 679 Hebros,
2784 606 2949 678 juxta
2995 606 3372 679 septuaginta
3405 610 3808 683 Interpretes,

376 684 595 756 liquido
623 688 826 759 claret,
884 688 1185 747 exordium
1220 692 1547 751 litterarum
1581 697 1653 752 ab
1682 696 1811 768 ipso
1844 698 2027 769 primo
2137 703 2295 755 2262.
2334 696 2437 765 (Cf.
2490 699 2626 754 Aes.
2690 696 2934 767 Chron.)
2968 695 3102 751 Dein
3163 698 3419 753 secunda
3470 704 3615 756 aetas
3648 700 3812 756 inci-

373 774 601 831 homine
644 778 913 848 coepisse,
977 782 1071 849 qui
1103 781 1291 837 adhuc
1346 788 1606 854 superat,
1666 786 1896 855 quando
1926 786 2026 843 ﬁlii

374 862 501 932 ejus
533 864 585 919 in
618 867 920 937 sapientia:
952 870 1149 927 studio
1184 872 1508 930 fervebant.

444 952 559 1008 Noe
590 969 720 1010 cum
780 957 1233 1027 quingentorum
1268 966 1425 1017 esset
1488 977 1788 1033 annorum,
1825 966 2027 1034 genuit

374 1041 523 1111 Sem,
560 1043 733 1101 Cham
764 1051 825 1101 et
862 1048 1071 1120 Japhet
1102 1048 1189 1122 ¹⁰⁸,
1222 1056 1458 1108 centum
1514 1053 1685 1109 annis
1716 1057 1851 1109 ante
1884 1052 2032 1111 dilu-

374 1128 548 1195 vium,
612 1132 667 1188 in
715 1136 928 1205 quibus
979 1140 1154 1195 etiam
1205 1141 1373 1197 annis
1428 1155 1622 1198 arcam
1679 1141 2029 1208 fabricavit;

375 1223 806 1281 sexcentesimo
838 1232 1032 1283 autem
1064 1228 1192 1298 ejus
1225 1244 1373 1285 anno
1399 1229 1679 1287 diluvium
1706 1230 2027 1288 inundavit.

373 1308 428 1362 ln
464 1308 553 1366 his
604 1326 745 1382 ergo
776 1316 1259 1383 generationibus
1293 1318 1489 1374 decem
1524 1321 1595 1376 ab
1625 1319 1799 1375 inicio
1833 1314 2030 1374 mundi

374 1411 560 1468 usque
592 1400 663 1454 ad
717 1401 996 1459 diluvium
1023 1404 1190 1475 juxta
1254 1407 1629 1477 septuaginta
1665 1409 2032 1479 Interpretes

372 1492 793 1558 computantur
825 1493 956 1547 anni
980 1496 1141 1563 2262,
1159 1494 1322 1563 juxta
1355 1496 1697 1551 llebraicam
1720 1511 1861 1552 vero
1884 1495 2033 1551 veri-

374 1578 554 1631 tatem
592 1580 745 1649 1656,
799 1585 861 1635 ut
894 1587 1133 1638 sanctus
1167 1584 1531 1653 Augustinus
1561 1588 1836 1640 testatur.
1871 1585 2035 1640 Iose-

375 1663 527 1732 phus
541 1671 734 1722 autem
758 1670 865 1737 (De
885 1671 1010 1726 ant.
1037 1671 1179 1727 Jnd.
1199 1687 1237 1741 ι,
1255 1687 1307 1741 c,
1325 1672 1402 1741 5.)
1428 1672 1569 1728 dicit
1596 1672 1709 1729 duo
1734 1672 1890 1729 milia
1907 1675 2030 1726 656-

373 1755 477 1821 Qui
508 1755 682 1812 etiam
710 1757 852 1813 dicit
887 1776 899 1811 :
925 1758 1149 1815 Nullus
1163 1760 1371 1829 itaque
1382 1760 1795 1831 perserutetur
1801 1762 2034 1831 prisco-

2139 787 2246 859 pit.
2280 786 2384 849 (Cf.
2420 786 2581 858 lsm.)

2214 875 2398 946 (1510.)
2430 876 2555 930 Sem
2589 890 2719 931 cum
2775 880 2931 931 esset
2983 890 3261 932 annorum
3292 879 3547 947 centum,
3583 877 3815 947 genuit

2143 965 2439 1037 Arphaxat
2473 963 2703 1020 biennio
2730 967 2858 1034 post
2884 964 3186 1021 diluvium.

2216 1053 2507 1123 Arphaxat
2538 1067 2687 1108 anno
2732 1057 2798 1108 35
2859 1053 3041 1124 [alias
3073 1057 3173 1109 135
3220 1051 3307 1125 ¹⁰⁶1
3340 1055 3541 1125 genuit
3576 1054 3739 1127 Sale,
3780 1071 3813 1112 a

2144 1155 2256 1210 quo
2289 1140 2511 1209 antiqui
2544 1141 2864 1196 Samaritm.

2215 1216 2523 1285 Sale‘anno
2555 1232 2624 1284 30
2654 1229 2855 1299 genuit
2885 1228 3095 1299 Heher,
3148 1244 3179 1286 a
3211 1246 3325 1302 quo
3388 1232 3600 1288 Hebrei
3653 1232 3811 1289 dicti

2146 1322 2301 1373 sunt.

2220 1408 2408 1461 [leber
2437 1422 2586 1463 anno
2618 1411 2687 1463 34
2709 1407 2901 1479 [alias
2934 1409 3035 1463 134
3066 1406 3160 1479 ¹⁰⁸]
3187 1408 3387 1478 genuit
3421 1408 3649 1467 Falcch.
3692 1412 3811 1468 Cu-

2141 1496 2236 1564 jus
2270 1497 2630 1567 temporibus
2688 1496 2975 1552 :ediﬁcata
3029 1500 3122 1552 est
3152 1498 3350 1567 turris,
3389 1498 3670 1556 incitante
3704 1501 3815 1556 ho-

2150 1586 2332 1641 mines
2366 1586 2435 1641 ad
2488 1585 2754 1654 injuriam
2783 1588 2842 1640 et
2875 1590 3272 1657 contemptum
3330 1588 3429 1643 Dei
3479 1590 3811 1667 Nembroth

2146 1678 2418 1743 gygantc,
2442 1680 2650 1745 nepote
2681 1676 2817 1743 Nec,
2855 1674 2972 1729 filio
3004 1674 3227 1730 scilicet
3261 1676 3436 1742 Chus,
3470 1676 3573 1732 filii
3598 1677 3809 1748 Cham,

2150 1761 2248 1816 filii
2275 1764 2407 1817 Noe.
2429 1762 2608 1831 llujus
2622 1768 2813 1819 autem
2830 1762 3079 1818 altitudo
3100 1762 3281 1819 turris
3300 1764 3518 1821 dicitur
3538 1766 3812 1823 tenuisse

372 1847 987 1917 rumﬂnes,7nantam
1002 1849 1437 1917 cummis/iliis
1451 1850 2041 1921 eorumgneaeisant
2066 1873 2116 1932 Β
2150 1867 2450 1907 numerum
2476 1852 2731 1922 quinque
2771 1851 2988 1921 milium
3022 1866 3298 1923 passuum
3330 1856 3383 1908 et
3421 1856 3543 1924 174,
3598 1855 3810 1927 paula-

376 1934 577 1992 atam's
631 1949 803 1992 suam
852 1937 991 2006 anis
1015 1937 1361 1994 extenderet
1383 1938 1631 2008 (etatem,
1655 1940 1761 1997 sed
1801 1940 2035 1996 tantum

374 2024 570 2080 ortum
597 2039 798 2082 eorum
826 2026 885 2081 et
901 2027 1323 2097 generationes
1353 2029 1645 2085 attendat.

448 2113 557 2169 Sed
594 2128 698 2170 nec
739 2113 846 2170 hos
874 2115 1048 2175 solos.
1078 2116 1174 2186 qui
1206 2117 1261 2172 in
1292 2117 1400 2173 hoc
1429 2118 1634 2174 ordine
1667 2118 2028 2188 scribuntur,

375 2206 726 2271 genuerunt,
761 2218 889 2259 cum
942 2204 1228 2275 scriptum
1260 2206 1335 2261 sit
1368 2205 1439 2261 de
1496 2206 1744 2277 singulis
1782 2208 2039 2279 :genm’t

363 2290 535 2358 ﬁlios
555 2291 816 2361 etﬂlias,
845 2306 1045 2348 verum
1087 2292 1143 2347 hi
1176 2297 1400 2350 tantum
1428 2299 1803 2351 assumuntur
1825 2310 1853 2351 a
1887 2296 2035 2352 veri-

379 2379 511 2435 dico
562 2379 1056 2452 hystoriographo
1101 2382 1313 2453 Moyse,
1379 2397 1451 2439 ex
1511 2384 1726 2453 quibus
1758 2386 1873 2441 Noe
1902 2400 2030 2442 cum

380 2467 653 2525 filiissuis
668 2469 920 2525 ducebat
944 2470 1248 2540 originem,
1268 2486 1371 2541 per
1390 2487 1539 2542 quos
1560 2478 1620 2527 et
1637 2472 1887 2530 mundus
1905 2479 2036 2545 post

377 2562 709 2613 ceterorum
744 2558 1039 2615 hominum
1067 2560 1450 2631 perditionem
1471 2561 1526 2615 in
1552 2561 1771 2618 diluvio
1795 2567 1919 2617 erat
1946 2576 2036 2617 re-

378 2646 732 2703 staurandus
764 2648 867 2715 (Cf.
905 2650 1045 2705 Auc.
1080 2650 1167 2705 De
1196 2650 1307 2706 cie.
1344 2651 1474 2720 Dei,
1509 2664 1597 2719 XL,
1634 2652 1743 2721 15).

450 2736 632 2806 (lsm.)
663 2737 980 2792 Transacto
1006 2744 1198 2794 autem
1233 2738 1472 2808 diluvio,
1510 2754 1645 2795 arca
1663 2740 1782 2795 Noe
1808 2740 2034 2797 sedisse

383 2824 705 2879 referturin
731 2825 1029 2880 montibus
1046 2826 1330 2882 Armeniae
1356 2826 2031 2896 quidicunturArarath.

383 2913 635 2967 Fuerunt
665 2917 859 2968 autem
922 2912 1023 2968 ﬁlii
1059 2914 1176 2969 Noe
1205 2919 1346 2984 tres,
1382 2930 1453 2971 ex
1485 2914 1698 2984 quibus
1728 2920 1796 2972 72
1827 2922 2034 2985 gentes

381 3004 526 3056 ortas
550 3007 703 3070 sunt,
732 3000 789 3055 id
808 3004 895 3057 est
932 3001 1000 3057 de
1021 3002 1224 3072 Japhet
1261 3006 1346 3072 15,
1383 3002 1453 3058 de
1478 3003 1650 3059 Cham
1680 3008 1766 3073 30,
1803 3004 1873 3062 de
1906 3007 2031 3061 Sem

378 3092 465 3143 27.
502 3088 658 3144 Vixit
717 3094 908 3146 autem
944 3092 1058 3145 Noe
1119 3096 1248 3161 post
1280 3090 1559 3148 diluvium
1594 3096 1697 3149 350
1753 3094 1941 3165 annis,
1976 3099 2036 3149 et

382 3181 647 3235 mortuus
677 3183 770 3233 est
801 3193 1081 3235 annorum
1110 3184 1229 3235 950.

455 3268 636 3335 (Jonn.
678 3269 757 3323 Cf.
813 3269 1056 3339 BEDAM.)
1092 3271 1134 3325 A
1166 3269 1335 3338 cujus
1369 3270 1648 3337 regimine
1680 3271 1769 3326 vel
1801 3272 1874 3328 ab
1907 3273 2032 3344 ipso

382 3355 601 3412 diluvio
634 3371 815 3427 usque
849 3357 917 3411 ad
954 3357 1297 3413 divisionem
1350 3358 1697 3429 linguarum,
1732 3374 1861 3431 quae
1894 3362 2031 3418 item

378 3447 451 3501 ob
475 3444 687 3502 delicta
748 3446 1162 3502 zediiicantium
1194 3446 1403 3503 turrim
1437 3447 1493 3502 in
1523 3462 1729 3519 campo
1780 3452 2034 3507 Sennaar

385 3534 532 3589 facta
560 3539 673 3597 est.
697 3539 757 3590 et
786 3549 971 3604 usque
1002 3536 1214 3604 lleher,
1241 3535 1295 3590 in
1321 3551 1436 3605 quo
1461 3537 1818 3594 Hebrcorum
1842 3546 1900 3595 et
1933 3539 2035 3594 lin-

381 3636 492 3690 gua
518 3623 706 3693 prisca
735 3624 1033 3693 remansit,
1058 3624 1191 3693 quia
1224 3638 1330 3678 nec
1359 3623 1415 3678 in
1450 3624 1547 3678 illa
1603 3628 2033 3697 conspiratione

382 3709 706 3765 aedificandi
760 3710 1051 3778 interfuit,
1084 3717 1219 3768 sunt
1253 3712 1385 3768 anni
1421 3714 1741 3770 secundum
1774 3717 2033 3773 Hebreos

382 3803 613 3854 centum
644 3804 703 3854 et
748 3814 916 3869 unus,
974 3801 1140 3870 juxta
1175 3799 1321 3856 alios
1351 3816 1489 3857 vero
1520 3806 1641 3872 531,
1707 3805 1801 3874 qui
1832 3805 2033 3877 plures

383 3903 565 3943 annos
584 3888 795 3958 cuique
818 3890 1182 3957 generationi
1199 3891 1612 3963 attribuentes,
1628 3894 1803 3950 etiam
1820 3896 2031 3951 Cainan

385 3977 670 4046 quendam
712 3977 865 4033 inter
922 3978 1220 4049 Arphaxat
1251 3984 1311 4035 et
1344 3980 1472 4036 Sale
1530 3988 1773 4053 ponunt,
1804 3984 1898 4040 cui
1936 3986 2035 4041 125

384 4064 867 4133 annostribuunt,
884 4065 1170 4133 dicentes,
1193 4068 1485 4140 Arphaxat
1509 4071 1781 4139 genuisse
1797 4072 2031 4141 Cainan,

387 4154 598 4209 Cainan
651 4169 790 4211 vero
824 4154 971 4211 Sale.
1028 4156 1086 4211 In
1119 4156 1225 4212 hac
1258 4158 1530 4229 opinione
1590 4162 1770 4217 Lucas
1803 4176 2035 4232 quoque

384 4243 743 4311 evangelista
761 4248 997 4301 secutus
1011 4246 1377 4316 septuaginta
1395 4248 2034 4319 lnterpretes,eundem

386 4330 600 4386 Cainan
635 4331 689 4386 in
737 4332 942 4388 ordine
986 4334 1341 4403 geneaIOgim
1374 4342 1602 4405 patrum
1636 4337 1689 4392 in
1723 4338 2035 4405 Evangelio

278 4450 285 4463 ι
385 4434 489 4475 suo
514 4420 920 4490 ponitdicens:
952 4423 2037 4498 Q-nifm’tSale,qzeifuitC'ainan,qut

368 4508 866 4581 faitArplzaxat,
901 4512 1160 4584 quifm’t
1200 4514 1359 4579 Sem,
1396 4516 1639 4571 sanctus
1674 4514 2037 4584 Augustinus

2146 1940 2249 1994 tim
2284 1939 2686 2001 inaltioribus
2717 1945 3001 2011 coartata,
3038 1944 3099 1997 ut
3132 1940 3359 2013 pondus
3388 1941 3699 2000 imminens
3727 1944 3812 2000 fa-

2145 2027 2317 2084 cilius
2351 2028 2667 2085 sustineret
2730 2029 2834 2097 (Cf.
2902 2030 3042 2088 Gen.
3088 2032 3414 2103 x.—-Ism.)
3470 2031 3810 2089 Divisiones

2147 2123 2338 2173 autem
2360 2116 2685 2187 linguarum
2712 2121 2779 2173 72
2804 2117 2982 2173 fuisse.
3012 2118 3290 2188 hystoriae
3323 2117 3646 2190 declarant,
3686 2136 3809 2178 non

2146 2206 2297 2275 quod
2320 2205 2685 2262 solummodo
2718 2211 2807 2262 tot
2832 2206 3096 2263 homines
3132 2212 3269 2264 tunc
3316 2208 3564 2264 fuissent
3594 2212 3651 2265 et
3688 2224 3810 2266 non

2146 2293 2377 2365 plures;
2412 2294 2510 2350 sed
2546 2299 2636 2350 tot
2674 2294 2791 2365 jam
2828 2295 3123 2367 principes
3183 2296 3527 2353 familiarum
3559 2312 3631 2353 ex
3659 2297 3810 2355 ﬁliis

2148 2383 2264 2437 Noe
2300 2388 2643 2454 procreatos
2698 2384 2979 2454 ostendit,
3038 2384 3136 2456 qui
3192 2384 3439 2457 populos
3484 2390 3542 2442 et
3589 2392 3810 2457 gentes

2144 2471 2537 2527 condiderunt
2587 2471 2692 2541 (Cf.
2724 2473 2967 2543 Bsow.)

2219 2563 2261 2614 A
2292 2560 2632 2617 confusione
2668 2576 2804 2617 vero
2855 2559 3183 2630 linguarum
3237 2565 3296 2618 et
3327 2561 3575 2634 primatu
3610 2564 3813 2620 Hebcr

2149 2664 2332 2717 usque
2364 2648 2432 2703 ad
2484 2648 2852 2705 nativitatem
2886 2649 3152 2720 Abrahae,
3190 2649 3286 2720 qui
3323 2654 3494 2706 natus
3525 2655 3617 2705 est
3649 2664 3808 2707 anno

2148 2740 2242 2792 430
2274 2737 2400 2793 Nini
2434 2737 2589 2806 regis
2630 2738 3025 2809 Assyriorum,
3060 2741 3471 2809 computantur
3524 2739 3656 2795 anni
3695 2744 3797 2796 191

2146 2825 2463 2881 secundum
2512 2825 2851 2882 Hebraicam
2912 2826 3242 2897 veritatem,
3299 2828 3617 2885 secundum
3649 2827 3804 2886 alios

2148 2914 2360 2986 anno.)
2394 2930 2531 2970 vero
2561 2917 2683 2970 541.

2219 3002 2423 3058 Faleeh
2458 3017 2607 3059 anno
2639 3004 2774 3060 vitze
2804 3018 2924 3060 suae
2968 3008 3037 3059 30
3067 3002 3267 3073 [alias
3319 3002 3545 3075 130105]
3596 3009 3804 3074 genuit

2149 3093 2289 3149 Reu.
2347 3091 2532 3163 (1511).)
2562 3092 2663 3147 His
2698 3092 3062 3164 temporibus
3120 3092 3365 3163 primum
3416 3091 3628 3164 templa
3662 3108 3804 3149 con-

2146 3184 2371 3237 structa
2420 3184 2576 3248 sunt,
2615 3185 2678 3237 ut
2708 3181 2940 3251 quidam
2975 3180 3203 3251 dicunt,
3237 3186 3296 3237 et
3328 3180 3560 3253 quidam
3587 3181 3803 3253 princi-

2093 3271 2113 3293 ”
2146 3285 2249 3341 pes
2278 3268 2536 3339 gentium
2567 3273 2839 3340 tanquam
2863 3269 2939 3325 dii
2977 3268 3210 3326 adorari
3241 3274 3563 3342 coeperunt.

2220 3359 2325 3414 [tui
2360 3374 2507 3414 anno
2540 3358 2733 3414 aetatis
2764 3374 2881 3414 suae
2914 3363 2981 3414 32
3005 3357 3200 3430 [altas
3228 3363 3328 3415 130
3350 3358 3445 3430 10⁸⁵]
3477 3358 3676 3428 genuit
3704 3360 3802 3415 Sa-

2148 3447 2311 3509 ruch,
2349 3448 2459 3503 sub
2507 3462 2621 3517 quo
2682 3447 3022 3516 Scytharum
3083 3462 3322 3517 regnum
3379 3452 3647 3504 exortum
3680 3455 3797 3517 est,

2152 3536 2245 3591 ubi
2280 3537 2501 3606 primus
2538 3536 2803 3605 regnavit
2831 3535 3075 3592 Thanus.

2220 3625 2440 3681 Saruch
2474 3640 2622 3680 anno
2675 3625 2810 3681 vitae
2844 3639 2963 3680 sua:
2997 3629 3065 3680 30
3120 3622 3312 3695 [alias
3348 3629 3445 3681 130
3468 3622 3562 3696 1°‘]
3594 3624 3797 3694 genuit

2148 3714 2393 3769 Nachnr.

2217 3802 2445 3857 Nachor
2476 3816 2627 3857 anno
2657 3801 2852 3862 :ctatis
2885 3816 3005 3858 suae
3035 3805 3123 3872 20,
3160 3800 3281 3857 sive
3308 3805 3368 3858 ut
3397 3800 3492 3857 alii
3519 3800 3667 3872 (195)
3701 3817 3799 3858 vo-

2150 3888 2272 3945 lunt
2308 3894 2395 3952 79,
2427 3890 2627 3960 genuit
2659 3890 2863 3960 Thare,
2888 3892 2997 3947 sub
3021 3905 3135 3961 quo
3165 3904 3403 3960 regnum
3432 3890 3794 3961 Assyriorum

2147 3983 2205 4034 et
2239 3978 2621 4034 Sieioniorum
2655 3980 2939 4035 exoritur.

2221 4068 2385 4137 (Are.
2435 4067 2585 4124 ibid.
2619 4083 2731 4138 XVI,
2781 4084 2829 4123 c.
2872 4067 2939 4138 1.)
2974 4067 3155 4124 Tharc
3214 4081 3363 4124 anno
3393 4066 3530 4123 vita;
3560 4081 3680 4123 sua:
3711 4081 3796 4122 se-

2150 4157 2514 4228 ptuagesimo
2544 4158 2743 4227 genuit
2776 4157 3083 4227 Abraham,
3120 4171 3268 4213 anno
3291 4156 3417 4212 Nini
3443 4148 3596 4226 regis
3627 4157 3794 4226 Assy-

2152 4247 2367 4302 riorum
2403 4250 2516 4316 430,
2554 4246 2647 4316 qui
2701 4245 2766 4279 ¹⁰⁶
2803 4252 2893 4302 est
2951 4262 3135 4303 annus
3163 4245 3401 4301 circiter
3456 4243 3796 4300 millesimus

2148 4338 2311 4389 238³⁸
2343 4341 2475 4391 ante
2508 4335 2802 4391 conditam
2832 4336 3086 4404 Romam,
3121 4333 3280 4390 velut
3303 4333 3546 4389 alteram
3568 4332 3623 4387 in
3646 4331 3795 4388 occi-

2152 4423 2324 4479 dente
2353 4424 2744 4495 Babyloniam.

2223 4514 2303 4568 Eo
2335 4516 2526 4569 autem
2559 4517 2817 4585 tempore
2850 4526 2963 4583 quo
2996 4516 3167 4568 natus
3204 4515 3297 4567 est
3331 4510 3617 4566 Abraham
3649 4508 3788 4564 emi-

384 4597 496 4668 (De
524 4599 633 4655 etv.
687 4600 818 4669 Dei,
851 4616 965 4670 xvr,
1029 4604 1117 4672 10)
1149 4600 1322 4656 etiam
1379 4604 1434 4655 et
1469 4601 1742 4657 Iordanis
1793 4602 1959 4669 (Men.
1997 4620 2035 4673 ι,
2069 4591 2121 4652 D
2155 4602 2344 4657 nentia
2369 4602 2631 4670 gentium
2656 4616 2831 4671 regna
2855 4604 3022 4657 erant
3046 4600 3181 4671 tria,
3209 4598 3798 4669 Sicioniorum,)Egy-

387 4701 436 4755 p.
474 4686 600 4755 222)
635 4686 952 4757 episcopus
985 4688 1230 4744 eundem
1264 4687 1626 4743 similimodo
1643 4694 1884 4759 ponunt,
1910 4706 2037 4747 cum

386 4774 440 4830 in
475 4773 827 4831 bibliotheca
857 4778 1001 4847 (194)
1029 4776 1218 4831 sancti
1244 4775 1558 4831 Hieronimi
1584 4777 1900 4833 secundum
1936 4781 2041 4835 He-

385 4862 640 4919 braicam
665 4863 970 4919 veritatem
1001 4879 1108 4919 non
1134 4864 1439 4931 habeatur,
1468 4864 1566 4919 sed
1600 4866 1895 4937 Arpliaxat
1911 4868 2039 4923 Sale

381 4951 655 5017 genuisse
680 4952 932 5021 dicatur,
957 4956 1057 5007 aut
1094 4952 1217 5022 ipso
1246 4952 1572 5009 llicronimo
1603 4956 1801 5011 nescio
1827 4973 1935 5026 qua
1955 4973 2043 5013 ra-

387 5038 540 5095 tione
563 5040 774 5095 Cainan
825 5044 1227 5110 pretcreunte,
1263 5044 1358 5096 aut
1406 5042 1759 5112 scriptorum
1786 5045 1928 5099 vitio
1960 5045 2041 5099 ni-

383 5128 558 5181 mium
611 5133 1009 5199 permanente.
1046 5128 1211 5184 Ratio
1269 5145 1407 5185 vero
1466 5145 1746 5188 annorum
1806 5134 1950 5188 satis
1986 5133 2037 5187 in

383 5214 489 5271 hoc
523 5217 931 5272 conturbatur.

456 5304 644 5360 Prima
680 5310 872 5362 autem
910 5304 1107 5361 mundi
1138 5310 1285 5363 aetas
1342 5313 1685 5365 numeratur
1738 5309 1812 5365 ab
1860 5310 2038 5365 Adam

2156 4690 2431 4761 ptiorum,
2474 4690 2881 4761 Assyriorum;
2922 4688 3021 4745 sed
3057 4688 3424 4759 Assyriorum
3458 4684 3639 4743 multo
3672 4689 3797 4741 erat

2157 4778 2455 4848 potentius
2503 4782 2677 4848 atque
2719 4777 3050 4849 sublimius,
3088 4776 3183 4847 qui
3210 4775 3426 4833 rexillc
3450 4775 3645 4844 Ninus,
3680 4772 3797 4829 Beli

2154 4867 2330 4933 ﬁlius,
2349 4867 2634 4925 universae
2666 4867 2812 4924 Asiae
2845 4866 3090 4938 populos
3106 4868 3351 4936 excepta
3377 4864 3534 4920 india
3558 4862 3693 4919 huic
3718 4877 3803 4916 rc-

2150 4972 2262 5026 gno
2280 4955 2883 5025 subjugaverat.Undc
2903 4961 2958 5010 et
2977 4955 3061 5026 pri
3076 4970 3199 5011 mus
3216 4953 3269 5008 in
3289 4951 3500 5009 mundo
3516 4966 3796 5021 regnasse

2153 5044 2387 5111 dicitur,
2416 5060 2527 5098 non
2580 5043 2732 5114 quod
2757 5044 2852 5098 ille
2879 5044 3100 5114 primus
3124 5058 3225 5098 rex
3256 5045 3435 5109 esset,
3469 5056 3598 5097 cum
3634 5044 3799 5110 pater

2151 5132 2311 5188 illius
2342 5132 2512 5188 Belus
2570 5138 2704 5188 ante
2763 5132 2922 5188 illum
2953 5136 3020 5188 63
3054 5134 3382 5200 regnasset,
3416 5129 3514 5183 sed
3548 5127 3680 5198 quia
3717 5142 3797 5181 re-

2149 5220 2362 5290 gnandi
2386 5220 2708 5292 cupiditate
2732 5235 2906 5289 regna
2930 5224 3174 5275 externa
3197 5217 3526 5274 invasisset.
3554 5214 3611 5270 lu
3635 5217 3802 5283 Assy-

2154 5310 2236 5365 ria
2271 5309 2450 5379 igitur
2475 5309 2868 5381 prevaluerat,
2904 5308 3236 5365 dominatus
3269 5306 3457 5379 impia)
3489 5304 3748 5362 civitatis
3784 5316 3794 5351 :

525 5450 551 5460 -
1751 5407 1987 5464 VARIE
2028 5407 2429 5462 LECTIONES.

452 5489 517 5523 ¹⁰⁴
548 5492 638 5549 ita
668 5497 710 5548 ι.
793 5492 859 5525 ¹⁰⁶
891 5493 982 5551 ita
1010 5494 1077 5551 in
1105 5496 1381 5566 margine
1414 5500 1462 5551 1.
1544 5494 1611 5529 ¹⁰⁶
1642 5495 1738 5568 qui
1765 5497 2175 5553 CCXXXVIIIW
2204 5510 2233 5553 e
2263 5509 2412 5554 corr.
2452 5502 2503 5552 1.

1980 5624 2022 5677 Ν
2033 5621 2202 5678 ΟΤᾸΕ.

455 5706 603 5775 (194)
639 5704 695 5761 Id
729 5711 816 5761 est
848 5705 1049 5763 Biblia.

2219 5710 2368 5780 (195)
2399 5710 2481 5765 Ita
2515 5721 2746 5779 semper
2781 5705 3060 5764 Isidorus.
