3932 6418
237 415 353 485 557
1116 420 1557 489 CHRONICA.
1588 456 1670 471 --
1712 416 2187 488 CHRONICON
2230 416 2775 488 UNIVERSALE.
3524 422 3645 489 558

240 554 346 639 des
366 558 457 639 92‘,
483 552 693 639 inquit,
714 553 1018 639 occidetur
1041 556 1328 639 Christus,
1354 560 1554 639 etnon
1579 557 1694 639 erit
1715 554 2134 639 ejus‘populus,
2161 557 2258 629 qui
2289 572 2421 639 eum
2446 562 2763 639 aegaturus
2782 559 2952 639 est.)
2976 555 3097 613 Non
3120 571 3261 639 ergo
3285 557 3645 639 statim_post

242 630 312 683 6‘2
331 626 708 695 ebdomadas,
745 626 848 683 sed
879 627 933 699 in
968 627 1079 683 line
1108 626 1552 699 septuagesima
1583 626 1923 686 ebdomadis
1945 626 2194 685 occisus
2217 634 2305 686 est
2339 626 2624 693 Christus,
2652 641 2829 699 quam
2862 627 3037 699 ideo,“
3063 632 3342 697 quantum
3375 626 3646 686 conicere

245 712 581 771 possumus,
607 698 939 771 segregavit
970 713 999 753 a
1023 697 1257 771 ceteris,
1282 699 1413 771 quia
1438 700 1508 755 de
1533 701 1637 756 hac
1659 706 1786 755 erat
1811 700 1977 771 plura
2000 699 2336 767 locuturus;
2366 715 2494 754 nam
2528 704 2583 753 et
2605 698 2872 771 Christus
2897 697 2951 752 in
2984 697 3077 752 illa
3103 699 3421 771 crucifixus
3445 706 3553 770 est,
3588 706 3650 756 et

247 766 278 822 ἐι
303 766 519 839 populo
543 766 769 841 perfido
792 766 904 824 non
928 769 1097 824 modo
1131 771 1185 841 in
1212 766 1478 840 passione
1510 785 1709 827 verum
1740 766 2017 827 continuo
2048 786 2121 825 ex
2149 786 2262 841 quo
2292 786 2323 825 a
2353 771 2611 841 Johanne
2644 769 2978 841 baptizatus
3010 769 3314 841 predicare
3344 766 3651 841 cecpit’ne-

245 844 420 964 ﬁatus
441 838 554 917 est.
591 838 754 918 Qued
782 846 972 894 autem
1003 838 1302 924 sequitur:
1335 859 1362 890 (ι
1388 843 1452 920 Et
1485 841 1780 897 civitatein
1804 847 1865 896 et
1897 838 2292 921 sanctuarium
2326 840 2631 911 dissipabit
2668 839 2917 910 populus
2948 854 3079 918 eum
3111 839 3257 895 duce
3285 838 3554 920 venturo,
3577 847 3648 922 et

289 923 381 964 nis
409 923 535 964 eius
560 914 827 964 vastitas.
862 913 920 964 et
955 915 1087 964 nost
1113 920 1280 964 tinem
1306 912 1439 964 belli
1470 916 1690 964 statuta
1722 912 2033 964 desolatio.
2059 931 2086 964 »
2114 926 2225 964 non
2258 910 2329 964 ad
2359 917 2429 964 70
2446 909 2797 964 ebdomadas
2820 913 3074 964 pertinet
3099 926 3112 964 :
3140 911 3464 964 uredictum
3496 927 3647 964 enim

289 910 381 964 nis
409 908 535 978 ejus
560 908 827 980 vastitas.
862 913 920 964 et
942 908 1280 980 epost‘tinem
1306 912 1439 966 belli
1470 916 1690 967 statuta
1722 912 2033 980 desolatio,
2059 931 2086 964 »
2114 926 2225 966 non
2258 910 2329 965 ad
2359 917 2429 966 70
2446 908 2797 965 ebdomadas
2820 909 3112 979 pertinet;
3140 911 3464 980 predictum
3496 913 3647 968 enim

250 980 461 1053 fuerat,
495 980 656 1053 quod
679 979 819 1049 ipsae
843 979 1197 1053 ebdomades
1222 996 1403 1051 usque
1421 982 1492 1037 ad
1522 982 1733 1037 Christi
1766 979 2040 1039 ducatum
2073 982 2493 1053 pertingerent,
2529 980 2632 1035 sed
2663 980 2977 1049 scriptura,
3012 979 3276 1049 predicto
3309 981 3561 1053 adventu
3590 988 3652 1037 et

248 1049 525 1123 passione
546 1050 754 1120 ipsius,
791 1050 1136 1123 quidetiam
1160 1049 1467 1123 post—hanc
1501 1053 1716 1122 populo
1744 1053 1839 1123 qui
1873 1067 2002 1108 eum
2038 1049 2301 1122 recipere
2333 1052 2521 1123 nollet
2546 1055 2890 1123 eventurum
2919 1055 3107 1123 esset,
3128 1051 3404 1123 ostendit.
3442 1054 3649 1123 Ducem

249 1119 405 1175 enim
429 1119 739 1193 venturum
772 1121 913 1193 dicit
941 1119 1270 1193 Titum,‘qui
1296 1119 1738 1191 quadragesimo
1762 1119 1918 1178 anno
1940 1119 2244 1177 dominicae
2268 1122 2559 1193 passionis
2588 1121 2666 1193 ita
2687 1134 2816 1175 cum
2843 1119 3056 1193 populo
3081 1121 3334 1193 Romano
3354 1120 3650 1193 civitatem

249 1196 308 1246 et
341 1190 737 1263 sanctuarium
771 1191 1100 1263 dissipavit,
1125 1196 1187 1248 ut
1210 1190 1329 1247 non
1354 1199 1682 1248 remaneret
1702 1193 1850 1263 lapis
1872 1207 2047 1262 super
2069 1190 2340 1263 lapidein.
2375 1195 2581 1263 Verum
2608 1191 2697 1246 his
2720 1205 2821 1263 per
2850 1191 3323 1260 anticipationem
3350 1192 3654 1263 prelibatis

251 1275 389 1344 mox
410 1261 481 1344 ad
504 1262 909 1344 exponendum
932 1262 1288 1344 ebdomadae,
1326 1261 2004 1344 quamomiserathredit
2040 1261 2344 1344 eventum.
2367 1281 2395 1314 α
2429 1261 2806 1344 confirmabit
2835 1266 3027 1344 autem
3064 1266 3293 1344 paetum
3325 1261 3527 1344 multis
3557 1265 3654 1344 eb:

250 1331 497 1404 domada
533 1345 664 1404 una,
692 1350 720 1383 »
741 1332 849 1386 hoc
872 1336 964 1387 est
988 1332 1109 1403 ipsa
1135 1331 1470 1403 novissima,
1499 1332 1552 1387 in
1577 1349 1685 1403 qua
1712 1331 2112 1390 vel'Johannes
2140 1334 2390 1404 baptista
2412 1332 2501 1389 vel
2536 1332 2808 1404 Dominus
2830 1335 2890 1404 et
2921 1332 3549 1404 apostoliprcdicando
3580 1333 3651 1388 ad

250 1401 423 1458 ﬁdem
448 1401 666 1457 multos
683 1401 1121 1457 converterunt.
1162 1427 1187 1452 α
1221 1405 1290 1458 Et
1312 1404 1365 1458 in
1391 1401 1629 1459 dimidio
1658 1404 1998 1460 ebdomadis
2018 1401 2248 1459 deficiet
2282 1403 2475 1459 hostia
2507 1407 2564 1459 et
2597 1401 2963 1458 sacrificium.
2991 1422 3018 1453 »
3054 1401 3359 1457 Dimidium
3382 1404 3653 1459 ebdoma-

251 1473 347 1528 dis
375 1472 548 1540 bujus
574 1471 812 1596 (animus
834 1472 1094 1528 decimus
1130 1489 1314 1529 annus
1336 1475 1563 1543 Tyberii
1583 1476 1821 1531 caesaris
1849 1480 1996 1544 erat,
2033 1476 2262 1544 quando
2294 1474 2564 1529 inchoato
2595 1472 2809 1528 Christi
2839 1472 3188 1540 baptismate
3208 1474 3527 1528 hostiarum
3553 1489 3655 1543 pu-

252 1542 507 1596 riﬁcatio
539 1541 571 1596 li
619 1541 810 1596 elibus
841 1542 1116 1596 paulatim
1139 1545 1422 1596 vilescere
1451 1545 1648 1596 cmnit.
1686 1547 1826 1596 Item
1852 1547 2004 1596 anod
2030 1546 2328 1596 senuitur:
2353 1563 2380 1595 α
2412 1549 2470 1596 et
2502 1546 2556 1596 in
2591 1543 2807 1596 temnlo
2830 1542 2945 1596 erit
2966 1543 3319 1596 abominatio
3344 1544 3655 1596 desolatio-

252 1542 507 1615 riticatio
539 1541 810 1615 fidelibus
840 1542 1116 1612 paulatim
1139 1541 1422 1600 vilescere
1451 1545 1648 1615 cmpit.
1686 1547 1826 1600 Item
1852 1541 2005 1615 quod
2030 1541 2328 1615 sequitur:
2353 1563 2380 1595 α
2412 1549 2470 1598 et
2502 1546 2556 1615 in
2591 1542 2945 1615 temploerit
2966 1543 3319 1598 abominatio
3344 1541 3656 1601 desolatio-

252 1613 367 1682 nis,
390 1617 450 1685 et
482 1627 667 1685 usque
690 1613 759 1685 ad
784 1615 1338 1685 consummationem
1362 1620 1420 1669 et
1441 1613 1608 1669 ﬁnem
1633 1613 2032 1685 perseverabit
2062 1613 2369 1683 desolatio,
2393 1637 2419 1662 ι
2455 1614 2527 1669 ad
2560 1613 2862 1683 sequentia
2899 1619 3155 1682 tempora
3188 1616 3447 1685 respicit.
3477 1616 3653 1685 Cujus

253 1682 581 1755 prophetia:
615 1683 922 1738 veritatem
954 1688 1010 1738 et
1046 1683 1303 1754 hystoria
1331 1690 1593 1740 veterum
1622 1682 1681 1740 et
1704 1691 2034 1741 nostrorum
2058 1685 2344 1755 hodieque
2369 1682 2693 1755 temporum
2718 1686 2974 1755 testatur
2997 1687 3259 1755 eventus.

253 1753 290 1881 ὲ
330 1753 1163 1879 [castdiveasaeexprisjtoeum
1196 1756 1518 1811 sententias
1549 1755 1620 1810 de
1651 1757 2073 1813 ebdomadihus
2106 1755 2161 1810 in
2192 1753 2426 1811 Daniele
2456 1753 2695 1826 scriptis
2727 1754 2857 1808 ideo
2890 1754 3079 1825 posui,
3116 1761 3175 1809 ut
3209 1753 3439 1825 sapiens
3470 1759 3657 1811 atten-

299 1837 441 1881 a.e
502 1839 597 1881 aui
672 1839 818 1881 eiga
872 1840 925 1877 vi
971 1839 1085 1879 ea.

299 1830 379 1892 at,
412 1830 469 1879 et
502 1830 640 1892 quid
672 1830 849 1892 eligat
872 1830 1085 1879 videat.

338 1839 360 1879 ι
412 1839 469 1879 et
584 1839 640 1878 ia
672 1839 744 1878 eu
790 1839 1085 1879 atviueat.

331 1839 806 1966 (l’lmnSuHucqu
821 1910 888 1949 ue
922 1895 1113 1950 divina
1165 1895 1458 1965 scriptura
1503 1898 1829 1966 temporum
1863 1897 2073 1952 seriem
2105 1896 2397 1962 continet;
2428 1910 2555 1965 quae
2587 1909 2724 1950 vero
2755 1893 3043 1966 posthaec
3077 1894 3229 1963 apud
3256 1895 3489 1951 Iudaeos
3522 1901 3658 1951 sunt

256 1972 446 2038 gesta,
480 1964 550 2020 de
574 1965 1198 2038 librisMachabeorum
1218 1971 1276 2019 et
1295 1966 1529 2036 Joscphi
1559 1964 1734 2038 atque
1760 1966 2012 2022 Africani
2033 1967 2270 2038 scriptis
2294 1964 2663 2038 exhibentur,
2688 1966 2783 2034 qui
2813 1964 3090 2038 deinceps
3116 1965 3441 2038 universam
3466 1968 3658 2035 hysto-

258 2034 406 2091 riam
432 2034 709 2108 usquead
730 2036 977 2108 Romana
1002 2041 1264 2108 tempora
1290 2034 1589 2106 prosecuti
1614 2034 1770 2108 sunt.
1801 2038 1985 2106 (UIER.
2010 2039 2075 2094 in
2098 2034 2251 2093 Dim.
2277 2053 2328 2091 c.
2356 2040 2457 2107 IX.)
2483 2036 2761 2105 Equidem
2794 2034 3170 2090 Africanusin
3209 2036 3410 2105 quinto
3441 2034 3660 2108 tenipo-

256 2121 390 2162 rum
407 2105 699 2162 volumine
723 2106 892 2174 hujus
914 2105 1196 2177 temporis
1222 2105 1301 2161 ita
1325 2108 1582 2161 meminit
1607 2107 1897 2163 scribens:
1925 2109 2128 2163 Mansit
2156 2110 2353 2177 itaque
2387 2105 2787 2177 imperfectum
2821 2120 2967 2177 opus
2990 2120 3170 2175 usque
3195 2108 3265 2161 ad
3291 2105 3577 2162 Neemiam
3598 2112 3657 2163 et

257 2177 600 2248 vicesimum
625 2191 833 2231 annum
858 2176 1013 2246 regis
1042 2175 1432 2248 Artarxersis,
1466 2192 1578 2247 quo
1605 2183 1863 2247 tempore
1896 2179 2055 2246 regni
2091 2175 2393 2234 Persarum
2428 2175 2658 2233 centum
2690 2181 2753 2231 et
2782 2175 3061 2231 tredecim
3092 2177 3224 2230 anni
3254 2183 3389 2232 sunt
3411 2179 3653 2248 evoluti,

257 2246 626 2319 captivitatis
657 2253 849 2303 autem
880 2247 1238 2319 Hierusalem
1270 2251 1428 2319 173‘"
1459 2246 1649 2319 annus
1672 2254 1819 2318 erat,
1857 2255 1917 2304 et
1947 2264 2020 2304 ex
2051 2248 2150 2303 illo
2182 2257 2444 2318 tempore
2477 2248 2525 2303 si
2558 2261 2864 2303 numerare
2895 2247 3044 2302 velis
3072 2252 3143 2301 70
3172 2262 3451 2304 annorum
3483 2246 3659 2305 ebdo-

257 2317 484 2399 madas,
519 2318 810 2399 usquead
840 2318 1130 2399 Christum
1159 2318 1741 2399 poterispervenire.

334 2386 534 2457 (Onus.
562 2386 624 2457 tr,
647 2389 758 2457 12.)
785 2390 945 2443 Anno
969 2390 1041 2443 ab
1072 2386 1224 2444 Urbe
1258 2386 1492 2445 condita
1516 2394 1665 2457 290°,
1694 2387 1789 2457 qui
1809 2391 1900 2444 est
1922 2389 2145 2445 tercius
2178 2389 2335 2458 regis
2359 2387 2745 2457 Artarxersis,
2774 2401 3063 2458 suspenso
3089 2386 3158 2442 ad
3189 2388 3478 2446 modicum
3505 2391 3659 2447 bello

260 2474 379 2531 quo
408 2459 647 2531 Romani
682 2458 1251 2531 diulaboraverunt,
1297 2460 1494 2527 gravis
1527 2459 1857 2530 pestilentia
1921 2474 2022 2531 per
2059 2457 2382 2515 universam
2417 2461 2617 2514 urbem
2673 2457 2960 2515 violenter
2990 2459 3308 2530 incanduit,
3367 2476 3494 2531 qua:
3527 2476 3657 2518 cum

260 2529 468 2599 magna
501 2529 877 2585 multitudine
907 2531 1106 2585 ambos
1135 2530 1408 2585 consules
1441 2529 1710 2585 Ebhtium
1743 2538 1800 2585 et
1831 2529 2135 2586 Servilium
2167 2530 2436 2585 extinxit.

334 2598 606 2657 Proximo
639 2600 1027 2671 dehincranno
1065 2600 1225 2656 cives
1258 2601 1462 2656 exules
1495 2601 1765 2670 servique
1798 2601 2046 2671 fugitivi,
2081 2601 2227 2656 duce
2259 2600 2550 2656 Herbonio
2583 2598 2826 2669 quodam
2857 2600 3086 2667 Sabino,
3124 2600 3460 2657 invaserunt
3495 2607 3553 2657 et
3587 2604 3667 2659 in-

260 2672 589 2728 cenderunt
619 2670 998 2741 Capitolium;
1033 2671 1244 2741 quibus
1265 2687 1395 2727 cum
1423 2671 1685 2727 Valerius
1715 2672 1917 2727 consul
1949 2676 2007 2726 et
2034 2670 2300 2727 dictator
2324 2672 2558 2727 fortiter
2588 2671 2911 2733 resisteret,
2948 2670 3177 2726 occisus
3206 2678 3315 2726 est.

362 2743 438 2797 Η.
462 2742 567 2812 m.)
600 2741 873 2814 Sequenti
901 2757 1051 2814 anno
1079 2742 1242 2814 {Equi
1275 2742 1586 2814 Veulscique
1618 2742 1924 2798 Minucium
1957 2742 2253 2798 consulem
2286 2742 2340 2796 in
2375 2741 2578 2811 prmlio
2610 2745 2985 2812 superarunt,
3023 2741 3452 2814 fugientemque
3488 2747 3542 2801 in
3575 2748 3668 2804 Al-

261 2812 402 2888 gido
434 2817 649 2888 mente,
676 2813 872 2888 qui_l_2
906 2813 1082 2888 ferme
1115 2812 1365 2888 miliario
1395 2814 1559 2888 abest
1592 2815 1663 2868 ab
1693 2815 1858 2888 urbe,
1894 2815 2045 2888 ferro
2076 2815 2336 2888 fameque
2366 2813 3032 2888 cinxcrtint,_actuinque
3061 2818 3217 2888 esset
3254 2812 3581 2888 infeliciter,
3609 2821 3664 2874 ni

264 2884 479 2959 Lucius
501 2883 750 2959 Quintus
775 2882 1640 2959 Cineinnatus,ille‘precipuus
1673 2884 1944 2959 dictator,
1979 2882 2338 2939 obsidionem
2360 2882 2650 2959 solvisset.
2680 2882 2856 2936 Hicin
2880 2896 3016 2959 rure
3042 2885 3513 2955 quatuorjugera
3543 2882 3666 2959 pos-

266 2955 488 3023 sidens,
526 2954 792 3009 manibus
824 2953 946 3009 suis
977 2954 1282 3025 excolebat
1302 2951 1687 3023 inventusque
1718 2956 1772 3009 in
1799 2954 1925 3024 ipso
1957 2969 2132 3025 opere
2157 2969 2347 3021 arans,
2369 2955 2440 3008 ab
2470 2957 2667 3025 aratro
2690 2951 3036 3025 accersitus,
3062 2960 3253 3021 togam
3275 2951 3665 3025 pi'ete-xta'tam

265 3022 526 3100 accepit;
557 3040 688 3080 mox
714 3031 949 3100 sumpto
979 3024 1197 3100 honore
1230 3022 1639 3100 instructoque
1667 3022 1953 3100 exercitu,
1987 3022 2158 3100 caesis
2178 3025 2466 3093 hostibus,
2501 3024 2689 3100 victor
2724 3022 2917 3100 rediit,
2945 3022 3470 3094 jugumque'boum
3500 3031 3667 3100 equis

266 3093 567 3166 imposuit,
602 3102 658 3150 et
695 3093 999 3150 victoriam
1034 3095 1195 3165 quasi
1228 3096 1435 3151 stivam
1466 3093 1690 3157 tenens.
1727 3096 2069 3166 subjugatos
2099 3096 2303 3150 hostes
2331 3110 2430 3165 pre
2463 3108 2524 3166 se
2557 3096 2775 3164 primus
2807 3093 2948 3162 egit.

338 3164 501 3222 Nono
532 3164 739 3222 dehinc
758 3180 925 3234 anno,
953 3164 1173 3235 quiest
1221 3166 1292 3221 ab
1312 3168 1462 3221 Urbe
1494 3166 1730 3222 condita
1761 3164 1942 3234 30f“,
1976 3166 2279 3236 imperium
2311 3164 2620 3221 consulare
2652 3166 2928 3233 cessavit,
2977 3169 3037 3219 et
3074 3180 3176 3234 pro
3210 3166 3437 3223 duobus
3469 3170 3666 3227 decem

267 3238 406 3310 facti
429 3241 562 3310 sunt
585 3252 777 3310 rerum
811 3243 1102 3310 potentes,
1130 3238 1276 3306 quia
1304 3252 1543 3292 numero
1568 3238 1880 3310 decemviri
1909 3237 2184 3310 nominati
2218 3241 2375 3303 sunt,
2410 3250 2538 3305 quae
2571 3250 2665 3310 res
2689 3248 2950 3302 magnam
2979 3236 3293 3310 perniciem
3316 3238 3397 3292 rei
3423 3241 3668 3310 publica}

265 3308 575 3388 dedittﬂ.
602 3309 761 3388 λῖς-τ
794 3306 873 3388 Ητ
906 3308 1010 3387 nt.)
1046 3309 1177 3388 Nam
1210 3323 1348 3388 cum
1379 3309 1560 3388 primo
1583 3322 1741 3388 anne
1768 3309 1913 3387 bene
1944 3308 2231 3388 egissent,
2260 3306 2692 3388 anno‘seeunde
2728 3320 2875 3361 unus
2902 3306 3093 3385 ex'his
3121 3309 3344 3388 Appius
3368 3306 3665 3388 Claudius,

265 3375 614 3435 cedentibus
644 3378 754 3451 sibi
786 3375 1020 3451 ceteris,
1048 3378 1209 3451 solus
1239 3378 1349 3433 sibi
1380 3375 1750 3451 continuavit
1774 3375 2111 3449 imperium;
2142 3376 2351 3451 deinde
2383 3380 2580 3432 statim
2603 3377 2846 3451 aliorum
2871 3375 3196 3451 eunjuratid
3217 3375 3533 3451 subsecuta
3555 3375 3664 3451 est,

231 3454 332 3506 ἰη
364 3454 604 3521 repente
636 3450 1174 3521 singuliregalibus
1207 3464 1349 3521 cum,
1371 3450 1625 3521 fascibus
1662 3447 2067 3519 procederent,
2103 3449 2408 3521 omniaque
2440 3452 2691 3521 superbo
2725 3447 3228 3521 fastusecunduin
3262 3448 3491 3505 libitum
3522 3447 3669 3507 faceé

267 3517 618 3591 rent,'Unde
640 3526 698 3576 et
721 3517 1268 3591 Appius’predictus
1295 3520 1427 3588 Virg
1456 3520 1531 3575 nii
1564 3517 1866 3590 cujusdam
1897 3520 2122 3575 honesti
2154 3519 2401 3574 hominis
2434 3518 2607 3591 tiliam
2641 3517 3060 3591 stupravit,pro
3092 3532 3200 3587 qua
3227 3533 3299 3591 re
3349 3525 3512 3589 pater
3537 3524 3671 3578 ada-

264 3588 412 3647 ctus
433 3590 639 3647 dolore
661 3588 953 3646 liber—tatis
967 3588 1029 3645 et
1050 3592 1271 3661 pudore
1305 3588 1983 3661 dedecoris,‘protactam
2012 3591 2081 3645 ad
2104 3591 2448 3661 servitutem
2480 3589 2653 3643 filiam
2688 3588 2743 3642 in
2766 3596 3086 3661 consuectu
3108 3590 3303 3659 populi
3327 3588 3664 3649 trucidavit.

268 3662 393 3728 Qua
416 3663 499 3717 rei
522 3663 839 3718 atrocitate
863 3659 1112 3732 populus
1132 3669 1447 3731 permotus,
1468 3667 1527 3717 et
1549 3659 1807 3732 periculo
1827 3662 2116 3717 libertatis
2129 3660 2503 3729 ammonitus,
2534 3665 2784 3732 montem
2801 3659 3143 3732 Aventinum
3163 3663 3471 3731 occupavit
3487 3678 3670 3720 arma-

263 3738 389 3800 tus,
417 3733 696 3790 nectueri
721 3730 1051 3788 libertatein
1074 3730 1235 3803 prius
1268 3730 1515 3799 destitit,
1550 3730 1721 3802 quam
1756 3749 1785 3789 a
1818 3732 2165 3789 decemviris
2202 3736 2466 3803 potestas
2491 3731 2683 3803 ablata
2717 3736 2827 3798 est,
2862 3730 3090 3803 ipsique
3114 3730 3405 3803 dampnati
3441 3740 3594 3788 sunt.

342 3806 485 3860 Post
507 3820 539 3859 ν
564 3804 710 3874 ginti
742 3803 949 3860 deinde
980 3800 1182 3873 annos,
1219 3804 1273 3858 id
1303 3809 1392 3859 est
1425 3807 1520 3859 35°
1551 3800 1919 3859 ArtarXerss
1951 3818 2118 3872 anno,
2155 3800 2471 3871 VL-gentani
2506 3800 2941 3874 rebellavcrunt
2970 3800 3261 3874 Romanis,
3296 3809 3499 3858 contra
3526 3820 3671 3874 quos

268 3875 485 3931 missus
509 3871 714 3931 Furius
737 3874 1013 3930 Camillus
1032 3871 1287 3930 dictator
1309 3876 1523 3931 devicit
1545 3890 1662 3943 eos,
1688 3875 2038 3943 inventaque
2061 3874 2113 3928 in
2138 3874 2377 3927 civitate
2396 3878 2587 3927 statua
2611 3873 2852 3926 lunonis
2876 3873 3133 3943 Moneta).
3156 3871 3467 3941 jussiteam
3484 3871 3674 3931 trans-

270 3945 414 4001 ferri
438 3947 691 4003 Romam.
718 3947 872 4001 Tunc
895 3958 1042 4001 unus
1072 3960 1142 4001 ex
1165 3945 1447 4001 militibus
1476 3960 1578 4016 per
1602 3942 1798 4014 jucum
1848 3942 2236 4013 interrogavit
2264 3942 2701 4016 Simulachrum,
2725 3957 2797 4016 an
2829 3942 3003 4016 vellet
3053 3943 3136 3996 ire
3165 3944 3418 4006 Romam,
3454 3948 3677 4003 statim-

271 4031 388 4088 que
411 4017 713 4088 respondit
741 4036 753 4070 :
798 4018 942 4088 Vale.
980 4018 1186 4072 Postea
1220 4012 1636 4088 idemManlius
1664 4017 1819 4086 cepit
1853 4021 1908 4071 et
1935 4012 2363 4088 Faliscos,non
2397 4014 2585 4069 minus
2611 4012 2861 4088 nobilem
2892 4013 3219 4088 civitatem;
3252 4019 3349 4088 sed
3384 4020 3670 4072 commota

271 4083 362 4145 est
396 4087 448 4143 ei
482 4083 720 4157 ibvidia,
746 4086 912 4157 quasi
939 4089 1173 4159 predam
1196 4088 1341 4143 male
1361 4083 2171 4159 divisisset,dampnatusque
2188 4083 2261 4140 οι)
2281 4100 2404 4140 eam
2435 4083 2969 4159 causamexpulsus
2993 4089 3139 4159 e_st_a
3163 4085 3423 4159 civitate.

346 4159 530 4227 Igitur
553 4151 996 4227 Galli'Senone‘s,
1018 4159 1166 4214 duce
1188 4160 1411 4214 Brenno
1432 4151 1987 4224 ltaliamintrahtes,
2021 4151 2210 4211 omnia
2240 4159 2638 4227 vastaverunt.
2665 4151 2822 4227 Quos
2851 4168 2980 4227 cum
3008 4154 3434 4227 Fabiusconsul
3470 4157 3676 4215 obvius

271 4224 595 4300 exciperet,
621 4232 693 4284 ab
716 4229 801 4284 eis
823 4224 1053 4285 occisus
1075 4233 1182 4285 est.
1211 4230 1468 4294 Quicum
1497 4229 1734 4300 Romam
1759 4227 2004 4296 ingressi
2026 4226 2290 4293 fuissent,
2318 4240 2363 4280 c.
2389 4224 2461 4280 de
2491 4229 2550 4300 et
2580 4224 2847 4300 ineendio
2879 4224 3079 4300 urbem
3111 4225 3509 4300 repleverunt,
3531 4230 3680 4285 occi-

274 4294 477 4371 sisque
501 4294 894 4370 senatoribus,
920 4300 1215 4371 reliquam,
1234 4298 1665 4355 multitudinem
1693 4294 2186 4371 juve'num,gquam
2214 4301 2446 4371 constat
2469 4294 2564 4349 vix
2588 4294 2743 4371 mille
2769 4294 3062 4371 hominum
3080 4294 3217 4371 tunc
3243 4297 3435 4362 fuisse,
3463 4294 3517 4353 in
3544 4312 3677 4355 arce

276 4365 588 4445 Capitolini
619 4372 831 4445 montis
859 4365 1138 4445 latentem
1166 4370 1479 4445 obsidione
1496 4365 2096 4445 concluserunteQua
2126 4367 2477 4424 necessitate
2511 4369 2820 4419 revocatus
2852 4365 3095 4445 Manlius
3125 4366 3673 4445 (296)”supervenit,

275 4436 612 4514 occisisque
633 4456 704 4498 ex
719 4442 993 4514 hostibus
1012 4441 1232 4511 multis,
1260 4442 1607 4513 Capitolium
1631 4441 1917 4514 ascendit.
1941 4440 2250 4514 Galli‘vero
2275 4453 2376 4514 per
2399 4444 2626 4514 noctem
2651 4436 3037 4514 ascendentes
3058 4436 3405 4514 Capitolium
3424 4442 3571 4514 pede
3586 4436 3680 4514 ee-

318 4506 652 4583 eruntfnisi
677 4513 830 4584 quod
853 4512 1095 4568 Manlius
1116 4506 1255 4568 voce
1273 4506 1498 4568 anseris
1527 4512 1820 4568 excitatus
1841 4511 1928 4566 eis
1953 4506 2287 4584 obstiterat.
2314 4508 2421 4564 Sed
2438 4522 2578 4584 cum
2600 4520 2703 4584 eos
2722 4506 2819 4560 diu
2851 4506 3207 4584 obsiderent,
3243 4506 3500 4584 acceptis
3524 4511 3679 4566 mille

318 4530 515 4583 erunt,
541 4530 652 4570 nlSl
677 4530 830 4584 quoa
853 4530 1095 4568 manuus
1116 4530 1255 4568 V006
1273 4530 1498 4568 anseris
1527 4530 1820 4568 excuatus
1841 4530 1928 4566 815
1953 4530 2286 4566 ODStlLeraL.
2314 4530 2421 4564 aeu
2447 4530 2578 4563 cum
2600 4530 2703 4561 cus
2722 4530 2819 4560 υιιι
2851 4530 3156 4561 υυδιυυιύη
3169 4530 3207 4574 ι,
3243 4530 3500 4578 acceptis
3524 4530 3679 4566 mille

275 4530 450 4641 fibris
471 4584 597 4641 auri
621 4584 1022 4656 prodiscessu,
1050 4584 1337 4639 abierunt.
1364 4583 1607 4639 Manlius
1629 4597 1766 4638 vero
1790 4584 2089 4656 insecutus
2104 4597 2225 4656 eos,
2249 4580 2327 4636 ita
2346 4580 2613 4656 cedebat,
2636 4581 2699 4632 ut
2719 4592 2919 4656 aurum
2950 4581 3134 4632 totum
3157 4579 3465 4656 reciperet,
3490 4584 3546 4635 et
3564 4596 3682 4637 om-

275 4655 375 4711 nia
411 4648 681 4712 militaria
712 4655 896 4725 signa,
928 4648 1056 4725 quae
1087 4659 1385 4725 ceperant.
1422 4656 1752 4710 reduceret.
1788 4654 1872 4708 Ita
1902 4652 2090 4709 tercio
2122 4648 2486 4723 triumphans
2519 4649 2716 4707 urbem
2750 4648 3067 4718 ingressus,
3104 4649 3434 4718 appellatus
3465 4655 3556 4705 est
3591 4667 3682 4708 se-

277 4728 512 4784 cundus
537 4726 838 4797 Romulus,
874 4726 1038 4797 quasi
1068 4729 1127 4781 et
1158 4729 1282 4797 ipse
1314 4725 1475 4783 urbis
1506 4725 1792 4783 conditor.

278 4801 475 4848 Persar.
507 4798 689 4847 Maced.

354 4863 424 4916 2⁷
566 4864 662 4943 2|.
711 4860 954 4949 mm).
982 4860 1081 4915 "is
1110 4860 1486 4949 temtarist
1507 4862 1904 4949 agnascuner
1933 4851 2889 4949 Ανίειετξιιιξιξ,ιιξξεεδέίξεεθρὶτξξξ».
2908 4852 3682 4949 Eratiraiaﬁlato.0299-

279 4929 514 5004 diarum
547 4926 892 5004 scripturas,
920 4926 1187 5004 Zenonet
1220 4926 1587 5001 Heraclytus,
1624 4930 1929 5004 Ferecides
1963 4928 2680 5004 secundushysturiarum
2713 4926 2991 4996 scriptor,
3025 4926 3340 4996 Sophocles
3373 4931 3431 4980 et
3466 4927 3684 4983 Aristo-

281 5001 507 5075 phanes
538 4998 784 5075 tragedi,
822 5002 1203 5073 Empedocles
1233 5010 1410 5073 atque
1438 4998 1813 5075 Parmenides
1844 5000 2190 5071 phylosophi
2226 4998 2369 5054 clari
2401 4998 2712 5053 habentur.

359 5077 427 5129 35
607 5073 652 5130 1⁷
749 5074 1089 5144 Archelaus,
1128 5088 1230 5128 rex
1260 5073 1632 5130 Macedonum
1666 5077 1809 5143 12ιιε,
1841 5086 1912 5136 re;

749 5074 1089 5144 Archelaus,
1128 5088 1230 5128 rex
1260 5073 1632 5130 Macedonum
1666 5077 1809 5143 12ιιε,
1841 5086 2001 5139 regn.
2037 5085 2149 5127 ann
2202 5074 2288 5144 25.

393 5149 418 5201 1
606 5151 640 5203 2
748 5146 959 5202 Xerses
985 5134 1088 5200 rex
1114 5146 1419 5202 Persarum
1449 5144 1710 5216 regnavit
1744 5134 2041 5199 mEnsi'bus
2092 5142 2338 5198 duobus.
2368 5141 2503 5195 Post
2534 5152 2703 5208 quem
2734 5134 3097 5208 Sogodianus
3149 5136 3445 5195 mensibus
3473 5142 3541 5207 7;
3574 5135 3687 5197 sic-

282 5231 400 5291 que
431 5228 616 5275 annus
646 5217 745 5273 ille
772 5216 1135 5291 transigitur.

395 5295 419 5345 1
475 5320 503 5335 οη
606 5292 640 5344 8
750 5275 989 5357 Darius:
1012 5291 1393 5357 cognomento
1424 5286 1665 5357 Notbus,
1697 5285 1959 5356 regnavit
1993 5282 2372 5357 Persisannis
2400 5287 2486 5357 19,
2512 5296 2540 5336 a
2566 5275 3020 5357 remdiﬁcatione
3044 5279 3244 5357 templi
3275 5293 3423 5338 anno
3454 5285 3541 5338 97.

392 5366 428 5417 2
607 5365 641 5416 9
751 5354 1107 5426 Heroddtus,
1135 5374 1266 5414 cum
1296 5360 1479 5416 libros
1509 5354 1659 5414 suos
1679 5354 1920 5414 Athenis
1950 5357 2005 5411 in
2039 5355 2287 5412 concilio
2320 5354 2582 5424 legisset,
2617 5354 2939 5408 honoratus
2967 5356 3077 5406 est.

393 5436 427 5487 3
574 5433 643 5488 10
750 5430 918 5487 Plato
951 5430 1227 5486 nascitur.

391 5506 428 5560 4
574 5504 632 5558 11
750 5503 1113 5574 Hypocrates
1138 5514 1369 5571 quoque
1402 5497 1682 5574 medicus,
1706 5504 1767 5556 et
1798 5499 2071 5574 Socrates
2102 5495 2519 5574 phylosophus,
2554 5499 2612 5550 et
2637 5492 2851 5574 Zeuxis
2884 5491 3073 5574 pictor
3098 5490 3358 5574 insignes
3376 5492 3685 5574 habentur.

362 5578 429 5633 14
570 5576 635 5629 21
803 5565 854 5630 ’ἱ
964 5565 1213 5631 Rursum
1234 5565 1633 5645 Egyptiorum
1666 5565 1995 5628 renascitur
2018 5565 2290 5642 dinastia,
2316 5565 2373 5624 in
2419 5580 2529 5638 qua
2561 5565 2784 5639 primus
2813 5565 3074 5634 regnavit
3101 5565 3472 5623 Amaritheus
3502 5565 3689 5621 Saites

281 5645 451 5706 annis
477 5656 605 5703 sex.

358 5788 512 5870 (206)
543 5784 924 5851 Ekkehardus
952 5783 1221 5847 Manlium
1251 5792 1312 5848 et
1342 5784 1576 5852 Furium
1610 5707 2103 5848 Camillunlfgtfr
2130 5799 2193 5844 se
2226 5781 2486 5844 confudit
2511 5783 2568 5839 et
2600 5778 2865 5859 quaedam
2887 5776 3036 5837 Hist.
3069 5778 3228 5837 misc.
3262 5776 3494 5851 adjecit.
3532 5854 3533 5857 η
