3932 6412
184 352 306 420 565

1064 351 1501 418 CHRONICA.
1536 385 1615 399 -—
1644 343 2132 417 CHRONICON
2180 353 2730 427 UNIVERSALE.

3486 371 3607 437 566

377 489 477 549 illa
517 510 529 547 :
553 489 704 588 Etsi
717 488 1053 588 boscidero,
1069 504 1184 588 non
1207 454 1721 588 sicutproplietam
1739 489 1850 588 aut
1873 482 1932 546 A
1966 493 2199 588 factum.
2225 494 2331 588 Qui
2356 495 2434 552 ait
2462 515 2474 552 :
2499 498 2632 588 Rep
2651 498 2968 572 Pliglippe,
2983 501 3263 562 nascetur
3282 501 3395 563 tibi
3400 506 3601 588 ﬁlius,

191 584 492 649 divinum,
527 582 690 639 sicut
729 581 901 638 deum
947 580 1000 637 te
1038 579 1314 638 adorabo.
1361 579 1460 637 His
1511 579 1704 649 dictis,
1742 581 1848 636 Ne-

190 674 485 731 ctanebus
516 672 661 728 exiit
691 670 970 728 continuo
1022 669 1078 725 in
1123 669 1439 741 desertum,
1474 668 1847 740 evellensque

190 764 409 822 herbas
456 765 516 817 et
565 761 899 833 exprimens
947 774 1169 829 sucum,
1208 759 1338 815 fecit
1394 758 1847 814 incantationem

194 851 534 924 Olimpiadi,
570 854 631 907 ut
664 850 968 907 videretur
997 848 1079 903 illi
1112 847 1277 919 quasi
1312 861 1412 919 per
1440 848 1722 904 somnium
1754 863 1850 904 ve-

192 942 415 999 raciter
433 942 803 996 Hammonem
830 939 1000 994 deum
1013 937 1399 993 concumbere
1414 951 1628 993 secum.
1649 938 1850 993 Necta-

192 1031 383 1088 nebus
410 1042 551 1087 vero
578 1027 897 1085 concubuit
929 1042 1057 1083 cum
1087 1041 1173 1081 ea.
1210 1025 1316 1092 Qui
1348 1041 1477 1080 cum
1529 1025 1850 1081 surexisset

193 1121 268 1177 ab
289 1134 377 1189 ea,
395 1118 544 1175 dixit
560 1116 642 1172 illi
661 1136 674 1172 :
690 1115 934 1185 Mulier,
952 1115 1267 1186 concepisti
1282 1113 1647 1187 defensorem
1661 1114 1844 1183 tuum,

192 1210 358 1265 Mane
393 1210 585 1263 autem
613 1205 788 1273 facto,
814 1219 945 1260 cum
970 1203 1065 1258 illa
1089 1202 1443 1259 surrexisset
1465 1217 1491 1256 a
1515 1201 1692 1271 lecto,
1712 1201 1846 1257 fecit

193 1297 397 1353 venire
432 1295 503 1351 ad
548 1309 609 1351 se
659 1293 1077 1360 Nectanebum,
1124 1291 1379 1348 recitans
1429 1289 1513 1346 illi
1562 1289 1847 1349 somnium

197 1385 351 1456 quod
385 1383 632 1441 viderat.
662 1380 853 1437 Atille
884 1381 1035 1437 dixit
1068 1399 1080 1434 :
1116 1381 1327 1438 Omnia
1356 1382 1495 1439 scio.
1529 1378 1849 1437 Faciamus

196 1472 453 1544 aliquod
463 1470 804 1539 arbitrium,
822 1472 971 1543 quia
984 1469 1146 1528 illud
1157 1467 1682 1537 estoeritas,aliud
1697 1481 1848 1527 som-

194 1564 384 1622 nium.
404 1562 526 1620 Iste
537 1561 681 1618 deus
693 1559 931 1633 quando
942 1559 1233 1616 cenietad
1243 1560 1315 1627 te,
1324 1560 1596 1631 ﬁguram
1608 1555 1855 1614 habebit

197 1654 497 1721 draconis,
509 1651 714 1722 postea
733 1648 1059 1707 humanam
1064 1649 1334 1722 formam
1347 1648 1413 1706 in
1422 1648 1540 1704 mei
1558 1647 1700 1704 simi
1707 1646 1845 1702 litu-

197 1744 357 1802 dine.
387 1743 457 1797 At
483 1740 578 1797 illa
610 1741 689 1796 ait
725 1759 737 1795 :
771 1742 930 1797 Bene
952 1738 1186 1805 dixisti,
1202 1735 1516 1810 preplieta,
1537 1737 1730 1806 recipe
1750 1749 1844 1792 cu-

1960 587 2069 657 qui
2089 585 2259 643 debet
2271 601 2528 659 regnare
2549 586 2607 646 et
2627 591 2887 649 circuire
2906 592 3091 650 totum
3109 595 3395 653 mundum
3405 585 3608 670 subju-

1953 675 2157 745 gando
2194 690 2407 745 omnes,
2442 678 2502 735 et
2542 678 2866 750 antequam
2900 682 3243 739 revertatur
3277 685 3343 740 in
3387 685 3609 744 terram

1959 776 2152 833 suam,
2182 765 2487 821 morietur.
2527 768 3026 839 Appropinquavit
3069 774 3262 827 autem
3295 772 3605 844 Olimpiadi

1963 855 2191 922 tempus
2215 852 2561 923 pariendi,et
2587 870 2715 910 cum
2742 855 3344 931 doleretuteruscjus,
3364 861 3607 919 fecitve—

1962 938 2088 994 nire
2114 939 2183 995 ad
2202 955 2262 996 se
2281 940 2693 999 Nectanebum.
2720 944 2977 1011 Quicum
3001 947 3285 1018 inciperet
3308 956 3609 1021 computa-

1962 1041 2044 1097 re,
2065 1028 2209 1085 dixit
2238 1049 2250 1084 :
2278 1030 2622 1103 Paupulnm
2636 1033 2691 1088 te
2703 1032 2811 1089 sub
2825 1035 2964 1103 ’eca,
2984 1035 3365 1107 Olimpiades,
3385 1038 3454 1095 de
3472 1040 3610 1098 sede

1963 1118 2087 1186 tua,
2116 1119 2266 1188 quia
2288 1118 2401 1176 bac
2428 1118 2575 1176 liora
2604 1121 2919 1178 conturbat
2943 1124 3037 1180 sol
3058 1125 3259 1182 omnia
3297 1126 3602 1186 elementa.

1964 1206 2031 1261 Et
2064 1210 2194 1277 post
2228 1206 2525 1278 paululum
2559 1210 2791 1280 peperit
2822 1211 3196 1282 Olimpiades,
3232 1217 3292 1269 et
3333 1214 3427 1269 ubi
3464 1231 3609 1287 puer

1959 1294 2178 1351 cecidit
2210 1296 2265 1351 in
2299 1300 2537 1367 terram,
2572 1299 2770 1353 statim
2811 1297 2968 1355 facta
3003 1307 3140 1356 sunt
3172 1301 3397 1370 fulgura
3432 1308 3609 1375 atque

1961 1384 2218 1440 tonitrua
2261 1392 2320 1441 et
2363 1389 2734 1444 terremotus.
2763 1388 2924 1455 Quod
2955 1404 3083 1445 cum
3116 1390 3360 1446 vidisset
3381 1391 3611 1464 Pbylip-

1962 1488 2070 1545 pus
2096 1473 2241 1529 dixit
2272 1492 2283 1528 :
2312 1475 2357 1531 0
2375 1475 2613 1543 mulier,
2636 1477 2899 1548 cogitari
2924 1479 2993 1535 in
3020 1479 3192 1535 corde
3217 1494 3341 1536 meo
3363 1480 3611 1538 utnulla

1958 1562 2124 1618 modo
2155 1563 2526 1620 enutriretur
2552 1565 2668 1621 iste
2697 1565 3084 1637 infantulus;
3103 1568 3252 1637 quia
3282 1583 3399 1625 non
3427 1583 3497 1625 es
3520 1583 3613 1626 me

1960 1652 2302 1722 conceptus,-
2318 1652 2422 1708 sed
2451 1654 2599 1723 quia
2627 1652 2909 1724 intellego
2940 1656 3097 1725 quod
3125 1657 3215 1712 est
3239 1658 3545 1727 conceptus
3573 1672 3613 1715 a

1960 1738 2082 1809 deo,
2101 1740 2161 1795 et
2175 1741 2240 1796 in
2249 1740 2443 1809 partu
2464 1742 2593 1812 ejus
2617 1741 2901 1798 elementa
2921 1744 3151 1800 mutari
3171 1745 3357 1814 rideo,
3378 1745 3614 1803 nutria-

199 1830 480 1901 biculum,
498 1830 557 1886 et
572 1843 674 1902 ego
688 1829 744 1886 si
762 1829 962 1887 videro
983 1827 1108 1896 hoc,
1125 1828 1200 1884 ha
1211 1826 1342 1883 bebo
1358 1826 1410 1882 te
1421 1827 1601 1897 quasi
1608 1825 1846 1897 patrem
1873 1835 1927 1896 Β
1960 1826 2058 1883 tur
2078 1828 2145 1883 in
2158 1830 2501 1885 memoriam
2513 1830 2649 1899 mei,
2670 1830 2850 1900 quasi
2861 1832 3145 1906 proprius
3155 1833 3242 1890 sit
3236 1834 3417 1904 filius
3427 1847 3610 1905 meus,

190 1921 389 1992 pueri.
413 1918 576 1985 Quod
615 1933 744 1975 eum
783 1918 995 1973 factum
1026 1920 1202 1985 esset,
1227 1930 1355 1972 cum
1389 1913 1744 1971 surrexisset
1773 1913 1844 1967 ab

196 2024 289 2078 ea,
307 2007 594 2081 percussit
632 2020 801 2061 manu
840 2005 999 2061 illius
1025 2001 1847 2074 uterum,dixitqueilli:Heec

196 2097 500 2168 conceptio
508 2094 962 2164 sitoictorialis,
978 2093 1035 2150 et
1044 2092 1208 2149 nullo
1220 2093 1385 2149 modo
1397 2092 1503 2149 sub
1498 2090 1838 2164 jugabitu/r.

198 2188 342 2243 Cum
377 2188 570 2242 autem
602 2183 884 2254 coepisset
915 2181 1302 2237 intumescere
1335 2186 1541 2236 uterus
1580 2196 1725 2252 ejus,
1749 2196 1845 2236 vo-

197 2280 340 2333 cato
365 2275 697 2332 Nectanebo
720 2271 896 2329 dixit:
922 2271 1241 2342 Propheta,
1265 2270 1417 2342 quid
1419 2271 1710 2343 facturus
1730 2270 1851 2328 erit

194 2366 340 2437 Plip
350 2365 543 2436 lippus
555 2363 610 2421 si
622 2362 906 2420 redierit?
920 2360 1021 2418 Cui
1037 2360 1133 2416 ille
1150 2380 1161 2415 :
1181 2360 1321 2418 Noli
1333 2373 1732 2432 expavescere,
1746 2375 1846 2430 ego

197 2453 315 2512 tibi
332 2451 906 2521 eroinadjutorium.
923 2449 1138 2505 Taliter
1161 2464 1442 2520 persuasa
1468 2448 1843 2519 Olimpiades,

198 2540 532 2599 adulterata
557 2543 648 2595 est
673 2539 744 2595 ab
766 2538 996 2597 homine
1018 2539 1181 2609 quasi
1204 2553 1233 2594 a
1259 2538 1384 2594 deo.
1407 2538 1696 2594 lnterhwc
1712 2537 1848 2593 fecit

198 2629 577 2687 Nectancbus
601 2626 669 2661 1”
693 2627 1139 2698 incantationes,
1165 2631 1221 2684 et
1246 2627 1515 2699 apparuit
1542 2626 1845 2698 Pbylippo,

201 2716 373 2789 quasi
407 2715 630 2772 videret
664 2717 1030 2770 Hammonem
1081 2714 1251 2770 deum
1302 2714 1688 2771 concumbere
1719 2729 1849 2770 cum

201 2804 528 2876 Olimpiade
542 2809 601 2860 et
615 2802 811 2860 dicere
824 2803 874 2859 ei
894 2801 1487 2874 :Mulier,concepisti
1501 2804 1568 2860 in
1580 2802 1746 2860 utero
1760 2802 1853 2860 de-

1956 1915 2414 1987 imponaturque
2445 1919 2500 1975 ei
2545 1933 2754 1975 nomen
2802 1920 3162 1977 Alexander.
3201 1922 3332 1979 Haec
3382 1921 3612 1978 dicente

1955 2003 2257 2075 Phylippo.
2275 2011 2582 2076 coeperunt
2604 2007 2829 2063 nutrire
2855 2009 2965 2064 sub
2988 2009 3140 2065 omni
3158 2009 3454 2080 diligentia
3477 2025 3613 2090 pue-

1955 2108 2103 2149 rum.
2125 2093 2301 2163 Cujus
2324 2094 2507 2164 figura
2530 2110 2717 2166 neque
2747 2097 2899 2168 patri
2923 2111 3110 2167 neque
3134 2098 3304 2154 matri
3331 2099 3618 2161 assimila_

1958 2181 2151 2251 batur,
2169 2197 2330 2238 coma
2357 2183 2570 2255 capitis
2593 2185 2720 2254 ejus
2739 2185 2904 2255 quasi
2931 2185 3134 2257 leonis,
3161 2187 3314 2243 oculi
3339 2187 3465 2257 ejus
3486 2203 3597 2244 non

1957 2270 2365 2327 similabantur
2388 2271 2459 2328 ad
2485 2272 2752 2342 invicem,
2780 2274 2882 2329 sed
2907 2289 3057 2331 unus
3081 2279 3207 2330 erat
3235 2276 3417 2345 niger,
3444 2277 3614 2334 albus

1957 2358 2129 2429 alter,
2165 2359 2372 2415 dentes
2421 2360 2548 2430 ejus
2578 2365 2746 2416 erant
2780 2362 2957 2431 acuti,
2990 2363 3245 2434 impetus
3278 2379 3416 2420 vero
3456 2364 3615 2422 illius

1960 2447 2125 2518 quasi
2162 2447 2350 2503 leonis
2380 2454 2507 2503 erat
2539 2449 2816 2505 fervidus.
2855 2450 3039 2506 Datus
3070 2466 3209 2507 vero
3242 2451 3313 2507 ad
3357 2452 3610 2509 studium

1961 2535 2379 2606 phyIOSOphize,
2406 2551 2535 2592 cum
2587 2536 2825 2593 sedebat
2869 2537 2923 2592 in
2958 2537 3138 2595 scolis
3169 2553 3298 2596 cum
3329 2539 3616 2596 condisci-

1963 2624 2115 2695 pulis
2130 2624 2271 2695 suis,
2291 2640 2428 2696 sepe
2452 2626 2728 2697 pugnavit
2752 2642 2781 2683 c
2795 2642 2885 2683 um
2904 2626 3007 2695 eis,
3026 2642 3241 2698 eosque
3258 2627 3488 2685 devicit.
3507 2629 3613 2686 Ubi

1962 2717 2155 2769 autem
2183 2713 2371 2768 factus
2389 2717 2478 2767 est
2514 2728 2793 2769 annorum
2837 2713 3167 2785 duodecim,
3208 2714 3617 2773 instruebatur

1963 2816 2093 2857 cum
2118 2801 2249 2857 aliis
2273 2800 2558 2858 militibus
2582 2802 2745 2871 quasi
2780 2801 2851 2857 ad
2886 2817 3151 2872 pugnam.
3179 2803 3396 2859 Videns
3422 2808 3613 2860 autem

181 2892 1022 2968 fensoremtuumapalresuo
1037 2891 1357 2963 Plu/lippo,
1373 2896 1431 2947 et
1448 2890 1854 2962 quasivideret
1966 2905 2066 2945 rex
2094 2888 2464 2946 velocitatem
2497 2889 2813 2958 ejus,dixit
2844 2891 2912 2947 ad
2945 2905 3074 2947 eum
3104 2910 3115 2944 :
3143 2891 3287 2961 Fili,
3322 2892 3510 2964 diligo
3529 2907 3614 2949 ce-

196 2981 391 3040 celata
419 2980 581 3054 pueri
605 2979 858 3036 membra
880 2994 1168 3036 consuere
1206 2994 1380 3050 atque
1417 2980 1648 3049 signare
1684 2979 1854 3036 anulo
1968 2978 2266 3037 locitatem
2288 2979 2453 3035 tuam
2480 2979 2661 3050 atque
2690 2980 3014 3051 ingenium,
3039 2979 3145 3038 sed
3174 2981 3371 3039 tristis
3402 2982 3610 3051 eaisto,

196 3070 509 3140 aureo,cui
536 3069 725 3125 inerat
748 3068 897 3140 lapis
921 3069 1143 3125 habens
1164 3068 1515 3140 insculptum
1539 3069 1648 3125 subi
1679 3072 1856 3124 canut
1966 3070 2116 3140 quia
2148 3071 2349 3140 figura
2380 3068 2485 3124 tua
2512 3083 2629 3125 non
2659 3070 3042 3127 assimilatur
3067 3070 3271 3127 michi.
3316 3058 3492 3136 Quem
3534 3070 3616 3125 vi-

199 3157 391 3216 leonis
421 3163 480 3214 et
511 3156 841 3214 claritatem
874 3156 1015 3213 solis
1048 3163 1107 3212 et
1138 3156 1396 3228 gladium
1444 3158 1504 3228 (f.
1542 3160 1687 3230 195).
1724 3159 1856 3214 Haec
1887 3184 1937 3247 Ο
1968 3156 2113 3213 dens
2165 3156 2518 3228 Olimpiades
2560 3156 2809 3226 tristem,
2844 3157 3076 3213 vocavit
3108 3159 3522 3227 Nectanebum,
3555 3164 3615 3214 et

192 3247 405 3304 videas
424 3244 744 3318 Pbylippus
769 3245 1047 3316 surrexit,
1074 3248 1130 3301 et
1163 3247 1506 3302 convocavit
1530 3245 1601 3301 ad
1625 3260 1685 3302 se
1710 3246 1858 3302 ario-

192 3336 338 3406 lum,
374 3335 469 3407 qui
519 3336 1019 3407 interpretaretur
1070 3334 1378 3391 somnium.
1434 3333 1535 3390 Cui
1582 3335 1853 3391 ariolus:

190 3426 398 3493 Scias,
416 3422 731 3495 Pliglippe,
737 3436 842 3492 pro
856 3423 1033 3493 certo,
1049 3423 1198 3494 quia
1216 3423 1479 3495 concepit
1492 3422 1858 3495 Olimpiades

188 3527 314 3572 non
325 3510 401 3570 ab
417 3510 654 3569 nomine
663 3512 770 3569 sed
782 3525 821 3567 a
834 3511 1021 3580 deo,et
1032 3512 1139 3567 ille
1151 3514 1259 3583 qui
1272 3512 1552 3569 nascetur
1561 3513 1865 3584 pertinget

186 3614 386 3673 usque
401 3600 484 3657 ad
502 3600 789 3657 orientem
790 3600 1123 3671 pugnando
1136 3601 1319 3671 atque
1332 3601 1607 3658 civitates
1607 3615 1721 3673 per
1726 3600 1860 3673 gla-

192 3690 367 3749 dium
383 3688 688 3761 capiendo.
717 3691 853 3745 Post
888 3689 1010 3745 hinc
1044 3688 1370 3761 Philippus,
1397 3695 1637 3761 accepta
1663 3693 1860 3746 vecto-

194 3779 282 3835 ria
310 3776 396 3849 “7,
424 3776 596 3833 rediit
619 3777 1139 3848 Macedoniam,cui
1163 3777 1535 3849 Olympiades
1563 3779 1856 3849 processit

195 3866 450 3924 obviam.
478 3864 658 3932 Quam
682 3879 811 3922 cum
836 3863 1225 3933 oscularetur,
1249 3865 1503 3923 intuitus
1523 3880 1648 3923 eam
1674 3866 1853 3924 dixit:

198 3955 317 4014 Cui
331 3955 384 4012 te
397 3954 734 4023 tradidisti,
745 3954 1136 4025 Olimpiades?
1150 3954 1447 4024 Peccasti;
1462 3955 1529 4011 in
1540 3964 1747 4026 quem?
1758 3957 1863 4013 sed

192 4058 315 4101 non
323 4042 610 4115 peccasti,
626 4044 774 4113 quia
793 4043 915 4099 vim
935 4057 973 4099 a
996 4042 1097 4099 deo
1116 4042 1484 4100 sustinuisti.
1505 4044 1633 4113 Ego
1654 4044 1863 4115 itaque

197 4132 387 4189 totum
412 4130 519 4189 lioc
534 4144 651 4203 per
687 4132 982 4188 somnium
1018 4131 1169 4200 vidi,
1202 4131 1455 4202 proinde
1487 4133 1865 4207 inreprehen-

195 4220 403 4280 sibilis
423 4218 808 4277 essentderis.
828 4218 1085 4284 Quadam
1100 4233 1239 4274 vero
1259 4219 1496 4275 discum
1514 4222 1862 4292 epularetur

198 4322 305 4366 rex
327 4311 386 4365 et
410 4306 579 4365 valde
604 4306 776 4363 laetus
797 4314 979 4377 esset,
1006 4308 1376 4363 Nectanebus
1405 4322 1508 4380 per
1532 4315 1718 4368 artem
1748 4330 1863 4371 ma'

197 4397 387 4469 gicam
417 4394 854 4465 transﬂguravit
888 4410 949 4451 se
983 4394 1037 4450 in
1074 4394 1316 4451 formam
1350 4394 1640 4469 draconis,
1666 4406 1724 4456 et
1759 4418 1861 4473 per

201 4484 457 4542 medium
482 4482 803 4540 triclinium
828 4482 1086 4553 transiit,
1112 4497 1180 4539 ac
1204 4483 1552 4540 terribiliter
1576 4487 1855 4560 sibilavit,

202 4572 359 4632 unde
386 4571 649 4629 convivis
677 4572 947 4633 omnibus
979 4586 1253 4644 pavorem
1279 4571 1541 4643 incussit,
1568 4579 1625 4630 et
1652 4591 1859 4649 appro-

202 4661 496 4733 pinquans
528 4658 597 4717 ad
635 4659 1055 4732 Olympiadem,
1076 4660 1274 4731 posuit
1299 4665 1472 4732 caput
1497 4661 1551 4717 in
1572 4665 1855 4732 gremium

203 4749 352 4821 ejus.
388 4748 567 4816 Quem
600 4748 805 4806 videns
836 4747 1176 4821 Phylippus,
1204 4748 1351 4804 dixit
1384 4751 1683 4808 omnibus:
1730 4753 1861 4810 Fere

202 4839 367 4922 Iiunc
379 4837 689 4895 draconem
706 4837 857 4905 ridi,
874 4838 1115 4908 quando
1129 4838 1333 4894 contra
1348 4839 1618 4898 inimicos
1630 4856 1784 4899 meos
1795 4843 1863 4899 in

188 4927 549 5003 praelia/ui.
575 4928 714 4983 Post
741 4940 955 4997 paucos
977 4940 1119 4982 vero
1143 4926 1269 4982 dies
1290 4940 1419 4982 eum
1443 4928 1745 5001 Philippus
1775 4946 1862 4987 se-

204 5016 377 5072 deret
402 5013 585 5085 solus,
603 5029 780 5086 parva
806 5013 1068 5084 quaedam
1092 5013 1211 5070 avis
1234 5014 1499 5070 ascendit
1518 5015 1570 5071 in
1588 5016 1714 5087 ejus
1735 5033 1863 5088 gre-

205 5103 409 5175 mium,
438 5102 783 5175 peperitque
814 5116 1005 5159 ovum.
1028 5101 1189 5169 Quod
1227 5104 1443 5159 cadens
1476 5102 1707 5162 desinu
1738 5108 1865 5179 ejus

206 5192 267 5249 in
301 5196 542 5261 terram,
579 5190 829 5248 divisum
861 5193 975 5258 est,
1006 5195 1066 5246 ct
1112 5190 1255 5246 exiit
1299 5191 1433 5247 inde
1482 5194 1864 5265 parvissimus

207 5295 477 5354 serpens,
502 5294 600 5350 qui
624 5293 840 5351 gyrans
863 5293 1032 5336 ovum
1057 5278 1242 5337 voluit
1268 5279 1488 5337 intrare
1513 5281 1566 5337 in
1583 5281 1746 5353 illud,
1765 5286 1861 5342 sed

212 5374 530 5440 antequam
564 5367 981 5425 intromisisset
1012 5371 1211 5439 caput,
1248 5368 1559 5427 defunctus
1588 5376 1697 5428 est.
1731 5374 1868 5430 Tur”

212 5460 392 5516 batus
424 5460 621 5514 autem
654 5471 759 5512 rex
808 5456 1034 5513 vocavit
1088 5454 1352 5527 ariolum,
1387 5462 1448 5513 et
1495 5460 1768 5517 recitavit
1812 5463 1865 5518 ei

1968 3245 2113 3301 dixit
2132 3246 2184 3302 ei
2204 3265 2216 3300 :
2242 3246 2629 3303 Perscrutare
2650 3245 2709 3301 et
2731 3246 3027 3317 intellege,
3050 3247 3204 3317 quid
3219 3246 3439 3319 cogitet
3455 3246 3616 3318 Phy-

1971 3335 2167 3406 lippus
2180 3335 2395 3407 facere
2424 3334 2493 3390 de
2520 3349 2628 3390 me.

2041 3423 2147 3490 Qui
2171 3428 2519 3494 computans
2543 3422 2688 3479 dixit
2717 3442 2728 3477 :
2757 3421 3054 3495 Cogitatio
3080 3423 3255 3481 illius
3279 3423 3507 3481 munda
3530 3424 3621 3481 est

1970 3527 2114 3585 erga
2137 3513 2223 3579 te;
2242 3513 2333 3570 sol
2353 3514 2509 3568 enim
2528 3511 2778 3583 respicit
2793 3514 2859 3569 in
2871 3512 3435 3583 quandamstellam,
3452 3526 3618 3584 sepa-

1966 3602 2202 3660 rantem
2231 3601 2597 3658 desiderium
2624 3614 2814 3657 suum.
2848 3599 3172 3656 Alexander
3202 3615 3341 3657 vero
3366 3603 3510 3656 tunc
3538 3599 3615 3656 ibi

1969 3695 2114 3748 erat.
2142 3690 2249 3758 Qui
2293 3690 2389 3746 ubi
2421 3690 2531 3746 hoc
2560 3689 2803 3759 audivit,
2839 3689 2985 3745 dixit
3022 3708 3034 3744 :
3069 3690 3273 3759 Pater,
3290 3689 3380 3746 lia
3407 3688 3613 3758 stellae,

1970 3794 2124 3851 quas
2156 3780 2221 3835 tu
2250 3779 2575 3849 computas,
2597 3785 2897 3850 apparent
2918 3780 2985 3835 in
3014 3778 3151 3835 caelo
3170 3777 3193 3831 ?
3215 3776 3315 3833 Cui
3337 3779 3618 3833 Nectaue-

1973 3868 2079 3925 bus
2102 3866 2169 3901 ¹⁰⁸
2189 3868 2268 3922 ait
2287 3867 2543 3937 :Etiam,
2593 3867 2700 3923 illi.
2719 3865 3048 3923 Alexander
3067 3866 3213 3921 dixit
3241 3884 3252 3919 :
3283 3866 3365 3922 Et
3377 3878 3620 3936 possum

1970 3972 2071 4016 eas
2098 3956 2299 4014 cidere
2325 3955 2473 4011 liora
2501 3956 2768 4013 scrotina
2787 3963 2813 4012 7
2835 3953 3205 4011 Nectanebus
3225 3953 3333 4011 ait:
3355 3955 3620 4025 Sequere

1968 4060 2060 4104 me
2085 4045 2377 4102 nocturna
2407 4043 2556 4099 liora
2586 4044 2652 4099 in
2682 4056 2969 4111 campum,
3023 4043 3086 4098 et
3126 4042 3431 4100 ostendam
3483 4041 3613 4099 tibi.

1972 4132 2299 4191 Alexander
2328 4130 2477 4185 dixit
2501 4149 2513 4184 :
2539 4130 2623 4186 Et
2631 4130 2845 4201 fatum
2876 4130 3042 4187 tuum
3060 4132 3362 4201 agnoscis?
3383 4130 3481 4187 Cui
3514 4132 3619 4186 Ne-

1972 4221 2256 4279 ctanebus
2290 4234 2304 4273 ε
2335 4217 2544 4274 Etiam
2575 4216 2854 4288 fortiter.
2909 4216 3238 4274 Alexander
3286 4217 3431 4273 dixit
3459 4236 3472 4271 :
3506 4218 3619 4274 Ars

1974 4311 2122 4369 bona
2139 4308 2226 4368 est
2242 4307 2301 4364 et
2313 4307 2441 4380 opto
2458 4320 2587 4363 eam
2605 4306 2788 4370 scire;
2805 4305 2867 4360 et
2884 4319 3006 4375 qua
3026 4306 3212 4363 morte
3233 4305 3402 4363 debes
3420 4306 3574 4363 mori
3592 4313 3620 4363 .9

1973 4400 2080 4467 Qui
2110 4398 2254 4456 dixit
2292 4416 2303 4451 :
2338 4399 2384 4454 A
2405 4394 2542 4468 filio
2571 4407 2695 4451 meo
2723 4393 2973 4450 moriar.
3003 4394 3133 4448 Haec
3158 4394 3349 4450 omnia
3379 4392 3618 4465 loquen-

1972 4489 2065 4557 do,
2093 4492 2333 4545 secutus
2352 4489 2438 4541 est
2461 4498 2592 4540 eum
2620 4480 2949 4539 Alexander
2972 4496 3074 4552 per
3098 4486 3325 4538 noctem
3349 4487 3514 4539 extra
3538 4483 3618 4539 ci-

1971 4577 2229 4633 vitatem.
2285 4572 2346 4645 (ἰ.
2399 4573 2546 4644 196.)
2598 4569 2697 4626 Cui
2731 4569 2873 4626 dixit
2905 4570 3274 4625 Nectanebus
3310 4569 3499 4639 :‘Fili,
3529 4584 3619 4628 re-

1969 4668 2129 4737 spice
2148 4663 2377 4734 stellas,
2402 4662 2461 4718 et
2478 4661 2614 4718 cide
2634 4659 2870 4717 stellam
2890 4657 3172 4715 Herculis
3183 4657 3466 4730 quomodo
3480 4659 3618 4718 tris-

1972 4755 2050 4812 tis
2064 4754 2185 4821 est;
2199 4752 2376 4810 stella
2393 4762 2529 4808 vero
2542 4749 2753 4805 Hermi
2773 4748 2908 4804 lata
2924 4746 3028 4816 est,
3050 4746 3107 4802 et
3118 4745 3297 4804 stella
3315 4746 3483 4804 Jocis
3497 4748 3618 4805 cla-

1966 4857 2060 4900 ra.
2078 4842 2171 4898 Sic
2185 4854 2415 4897 sursum
2431 4838 2782 4910 respiciente
2796 4833 3471 4904 Nectanebo,aceessitei
3488 4850 3618 4907 pro-

1973 4930 2103 5002 pius
2125 4927 2474 4996 Alexander,
2500 4934 2560 4982 et
2580 4927 2859 4998 impetum
2893 4924 3107 4980 faciens
3129 4922 3182 4978 in
3204 4937 3334 4979 eum
3369 4923 3617 4995 precipi-

1972 5017 2116 5075 tavit
2141 5017 2197 5072 in
2225 5018 2468 5085 foveam,
2494 5014 2694 5071 dicens
2720 5034 2732 5070 :
2757 5013 2905 5071 Cum
2924 5011 3158 5070 nescias
3191 5011 3458 5068 terrenas
3479 5024 3617 5069 cau-

1970 5121 2091 5177 sas,
2107 5118 2298 5177 quare
2308 5102 2557 5160 coluisti
2581 5103 2634 5159 te
2653 5101 3047 5159 intromittere
3068 5100 3136 5157 de
3156 5098 3485 5157 coelestibus
3506 5100 3617 5156 ele-

1971 5197 2185 5253 mentis
2205 5202 2231 5252 7
2254 5193 2355 5250 Cui
2378 5192 2748 5248 Nectanebus
2778 5192 2858 5247 ait
2894 5209 2906 5245 :
2943 5189 3257 5260 Cognitum
3278 5187 3466 5246 miclii
3477 5188 3620 5260 fuit

1974 5282 2098 5355 nec,
2119 5284 2269 5355 quia
2286 5283 2376 5340 sic
2394 5278 2801 5337 debuitmiclii
2821 5279 3057 5336 evenire
3073 5292 3216 5339 :non
3222 5276 3399 5349 potui
3420 5283 3619 5335 tamen

1976 5368 2568 5441 eradere,nisimiclii
2581 5367 2688 5424 hoc
2698 5367 3078 5438 contingeret.
3098 5364 3425 5423 Alexander
3436 5364 3582 5420 dixit
3601 5384 3614 5419 :

1982 5464 2139 5529 Quia
2159 5473 2261 5532 ego
2282 5456 2594 5528 sumjitius
2620 5455 2776 5512 tuus.
2804 5454 2903 5511 Cui
2929 5455 3298 5512 Nectanebus
3312 5453 3421 5509 ait:
3453 5453 3539 5511 Tu
3558 5467 3619 5510 es

1566 5575 1801 5632 VARIE
1842 5576 2137 5634 LECTION
2142 5575 2242 5644 ES,

278 5670 347 5707 1”
378 5670 667 5731 nectabus
704 5674 756 5727 1.
806 5666 874 5701 ¹⁹⁷
904 5667 1068 5727 deest
1095 5673 1149 5726 1.
1189 5667 1256 5702 ¹⁹⁶
1286 5670 1645 5727 nectanebus
1683 5676 1734 5728 l.
