3932 6434
300 5704 313 5741 i

365 398 479 464 56'!
532 420 539 428 ·

1535 398 2021 468 EKKEHARDI
2064 399 2596 470 URAUGENSIS

3570 409 3769 476 .568

366 539 763 615 utrque/llius
780 550 963 599 meus.
989 536 1092 595 Ille
1117 538 1308 596 autem
1334 535 1431 596 ubi
1455 536 1727 608 cognovit
1753 537 1884 609 quia
1918 553 2012 611 pa-
2041 541 2097 603 Α
2127 538 2190 597 et
2205 539 2259 596 te
2284 554 2391 611 per
2424 553 2599 599 arma
2634 537 2958 613 devincam,
2985 539 3048 599 et
3062 538 3341 615 patriam
3380 541 3545 603 tuam
3581 544 3770 605 michi

368 635 460 688 ter
481 632 607 703 ejus
631 635 808 699 esset,
827 630 1119 686 dubitav1t
1143 643 1270 684 eum
1297 627 1592 684 dimittere
1617 628 1673 682 in
1698 628 1881 698 fovea,
1912 628 2013 685 sed

368 721 619 778 elevavit
648 736 778 777 eum
813 721 867 775 in
898 720 1174 777 humeros
1202 734 1359 788 suos,
1396 724 1451 774 et
1486 717 1741 789 portavit
1773 717 1827 773 in
1862 716 2018 788 pala-

370 811 532 867 tium.
551 809 717 878 Quod
742 809 835 865 ubi
863 809 1006 865 vidit
1033 812 1215 865 mater
1238 808 1386 877 ejus,
1405 806 1552 862 dixit
1577 825 1588 860 :
1615 806 1739 863 Fili
1762 807 2018 863 Alexan-

368 902 490 969 der,
524 899 675 971 quid
704 899 794 955 est
818 898 962 954 hoc?
993 897 1093 954 Cui
1125 896 1222 952 ille
1258 916 1269 950 :
1311 896 1532 967 Corpus
1577 894 1873 952 Nectaneb
1911 894 2012 952 est.

296 1056 304 1063 ,
369 990 433 1044 Et
454 989 548 1044 illa
568 1008 579 1043 :
599 987 966 1045 Nectanebus
972 987 1152 1059 pater
1175 988 1311 1043 tuus
1317 985 1473 1057 fuit.
1492 984 1595 1042 Ille
1619 988 1810 1041 autem
1838 984 2014 1041 dixit:

374 1077 664 1145 Quomodo
693 1077 968 1134 stultitia
1008 1076 1113 1133 tua
1128 1076 1304 1149 fecit.

440 1167 500 1236 (f.
540 1166 704 1239 105’.)
739 1166 979 1232 Quidam
1028 1170 1221 1222 autem
1272 1180 1342 1221 ex
1392 1163 1714 1235 Capadocia
1764 1162 2020 1219 adduxe-

369 1261 502 1313 runt
537 1255 819 1328 Pbylippo
858 1254 1183 1327 poledrum,
1220 1252 1278 1309 id
1329 1256 1422 1309 est
1472 1252 1695 1324 pullum
1743 1251 2017 1321 equinum

370 1361 659 1417 magnum,
688 1345 928 1415 ligatum
952 1360 1021 1400 ex
1045 1343 1196 1400 omni
1232 1347 1396 1414 parte
1426 1341 1677 1398 diversis
1706 1341 2016 1411 ligaturis;

366 1435 707 1492 comedebat
740 1433 889 1490 enim
924 1433 1201 1489 homines.
1241 1433 1418 1499 Quem
1457 1431 1630 1501 jussit
1666 1445 1769 1486 rex
1802 1429 2019 1485 includi

367 1523 645 1580 cancellis
695 1522 919 1593 ferreis,
956 1527 1022 1578 ut
1067 1527 1338 1593 raptores
1386 1526 1443 1575 et
1494 1519 1750 1575 latrones
1806 1518 2019 1590 aliique

370 1612 795 1681 malefactorcs,
834 1613 927 1679 qui
965 1610 1101 1666 feris
1132 1610 1579 1681 deputarentur,
1606 1610 1677 1665 ab
1703 1610 1809 1664 hoc
1834 1624 2021 1664 eome-

372 1700 672 1757 derentur.
702 1702 761 1770 (Γ.
789 1702 935 1771 196.)
961 1698 1289 1755 Alexander
1310 1702 1503 1755 autem
1539 1698 1725 1754 audax
1752 1698 1938 1754 factus
1961 1701 2018 1753 et

374 1790 559 1858 fortis,
594 1790 831 1845 transiit
863 1788 1111 1859 quadam
1158 1788 1251 1844 die
1283 1804 1388 1858 per
1420 1802 1547 1844 eum
1582 1787 1768 1844 locum
1801 1786 1898 1843 ubi
1928 1802 2020 1842 ca-

320 1942 327 1948 ,
372 1876 564 1934 ballus
596 1878 694 1934 ille
720 1877 980 1934 inclusus
997 1882 1144 1941 erat,
1169 1876 1491 1947 vidensque
1510 1875 1705 1947 jacere
1731 1879 1864 1931 ante
1888 1891 2017 1931 eum

372 1967 741 2022 summitates
776 1982 1043 2023 manuum
1091 1970 1148 2021 et
1175 1966 1385 2037 pedum
1437 1966 1837 2035 humanorum,
1892 1980 2019 2036 quas

373 2055 484 2110 sibi
536 2055 968 2125 superfuerant,
1010 2054 1257 2109 miratus
1308 2058 1416 2121 est,
1472 2053 1743 2123 misitque
1792 2068 2020 2109 manum

374 2157 534 2199 suam
573 2158 673 2215 per
700 2143 995 2200 cancellos
1046 2143 1115 2198 ad
1162 2157 1312 2199 eum.
1350 2141 1452 2197 llle
1505 2143 1705 2198 statim
1759 2142 2021 2198 extendit

373 2231 583 2287 collum
615 2248 801 2303 suum,
828 2236 888 2287 et
919 2231 1097 2302 cmpit
1127 2231 1385 2286 lambere
1415 2246 1640 2286 manum
1668 2230 1842 2300 illius,
1870 2245 2024 2285 eom-

375 2320 723 2391 plicatisque
756 2320 1003 2392 pedibus
1035 2319 1283 2391 projccit
1313 2334 1373 2374 sc
1406 2318 1460 2374 in
1496 2324 1732 2385 terram,
1761 2323 2025 2375 tornans-

375 2426 486 2482 que
516 2415 693 2480 caput
727 2410 982 2482 respexit
1021 2408 1407 2465 Alexandrum
1442 2409 1603 2479 quasi
1640 2408 2017 2464 blandiendo.

374 2499 478 2565 Qui
515 2498 861 2564 intellegens
895 2498 1254 2554 voluntatem
1282 2496 1513 2567 caballi,
1542 2496 1769 2567 aperuit
1806 2494 2029 2552 cancel-

373 2588 489 2644 lum
523 2592 578 2643 et
611 2588 786 2659 coepit
820 2590 1123 2643 mansuete
1155 2591 1397 2655 tangere
1428 2585 1662 2642 dorsum
1703 2585 1829 2655 ejus
1859 2599 2027 2640 manu

375 2677 635 2745 dextera,
664 2677 980 2747 statimque
1001 2674 1264 2732 caballus
1284 2675 1459 2746 coepit
1487 2688 1891 2730 mansuescere
1915 2689 2030 2729 am-

374 2765 549 2838 plius,
585 2770 642 2821 et
674 2766 825 2821 sicut
860 2765 1021 2821 canis
1055 2764 1303 2820 blandiri
1338 2764 1487 2819 solet
1518 2764 1751 2819 domino
1788 2779 1911 2829 suo,
1946 2763 2029 2818 sic

376 2855 474 2912 ille
505 2855 915 2911 blandiebatur
949 2854 1295 2910 Alexandro.
1330 2853 1433 2908 llle
1477 2857 1669 2909 autem
1703 2853 2028 2908 ascendens

378 2943 1025 3014 supercum,equitavit
1056 2942 1756 3013 foras,vocavitque('209)
1781 2941 2027 2997 eundem

378 3031 665 3088 caballum
702 3031 1049 3088 bucel‘alum.
1078 3030 1241 3096 Quod
1266 3046 1392 3085 cum
1419 3031 1661 3085 vidisset
1689 3029 2025 3101 Phylippus,

379 3121 522 3177 dixit
559 3140 570 3175 :
600 3121 727 3177 Fili
759 3120 1119 3189 Alexander,
1146 3134 1370 3175 omnem
1402 3119 1835 3176 divinationem
1863 3118 2029 3175 modo

376 3210 617 3281 cognovi
646 3211 713 3266 in
737 3211 806 3277 te,
834 3210 891 3266 et
909 3209 1029 3266 scio
1052 3211 1197 3279 quia
1223 3209 1287 3264 tu
1306 3207 1474 3265 debes
1493 3222 1751 3278 regnare
1762 3208 1899 3279 post
1918 3221 2026 3264 me.

375 3386 519 3443 dixit
545 3387 615 3442 ad
640 3386 982 3458 Pbylippum
1013 3405 1024 3439 :
1051 3387 1255 3455 Pater,
1273 3386 1708 3456 sipotestjieri,
1725 3385 1918 3455 dirige
1942 3399 2033 3440 me

374 3477 669 3533 sedentem
701 3478 765 3532 in
795 3490 993 3532 curru.
1023 3475 1289 3545 Dixitque
1324 3490 1423 3530 rex
1450 3494 1461 3528 :
1499 3475 1751 3533 Gratum
1776 3474 2028 3544 accipio,

366 3565 488 3637 ﬁli,
508 3564 773 3634 daboqae
791 3563 901 3620 tibi
924 3563 1186 3621 caballos
1206 3564 1440 3619 centum
1463 3564 1519 3618 et
1539 3566 1604 3618 50
1624 3562 1802 3617 milia
1825 3575 2035 3618 am'eo-

377 3668 512 3709 ram
555 3655 898 3722 solidorum,
936 3653 994 3709 et
1019 3652 1166 3708 caele
1196 3667 1323 3709 cum
1357 3651 1498 3707 bono
1532 3651 1788 3707 auxilio.
1824 3651 2032 3706 Exiens

381 3742 578 3813 itaque
607 3741 932 3797 Alexander
955 3740 1115 3796 venit
1140 3741 1194 3795 in
1218 3740 1696 3811 Peloponensem,
1726 3744 1789 3794 ut
1815 3740 2031 3795 faceret

383 3846 630 3903 pugnam
665 3846 794 3886 cum
825 3830 1081 3899 Nicolao,
1110 3844 1245 3899 rege
1276 3829 1458 3901 ipsius
1490 3828 1822 3900 provinciae.
1853 3829 2030 3894 Quem

382 3918 583 3975 videns
617 3917 906 3987 lSicolaus,
944 3918 1085 3973 dixit
1120 3937 1132 3972 :
1168 3919 1283 3976 Die
1307 3918 1511 3987 michi,
1543 3918 1650 3989 qui
1681 3932 1738 3975 es
1785 3919 1847 3975 tu
1876 3919 1898 3972 ?
1931 3916 2031 3975 Cui

358 4009 482 4083 ,ille
510 4028 521 4063 :
544 4009 671 4078 Ego
693 4023 825 4064 sum
848 4008 891 4063 A
902 4008 1392 4079 [eamdem/ilius
1409 4008 1720 4079 Phglippi.
1750 4008 1849 4063 Cui
1875 4006 2036 4063 Nico-

382 4096 509 4152 laus
535 4115 546 4150 :
577 4096 751 4161 Quem
782 4109 873 4151 ene
892 4109 1099 4165 speras
1120 4097 1143 4149 ?
1168 4095 1319 4150 Dixit
1348 4096 1673 4151 Alexander
1700 4114 1711 4149 :
1740 4095 1826 4151 Tu
1847 4109 1906 4151 es
1929 4095 2037 4152 Ni-

384 4187 509 4243 cola
519 4200 603 4255 us,
618 4200 728 4242 rea:
750 4185 1249 4252 Ari'leorum;sed
1267 4199 1381 4241 non
1404 4185 1661 4241 elevatur
1680 4199 1780 4241 eor
1793 4185 1954 4240 tuum
1972 4185 2038 4240 in

383 4274 723 4345 superbiam
743 4275 891 4345 quia
913 4273 1092 4331 habes
1116 4274 1391 4331 honorem
1413 4275 1697 4345 regalem,
1715 4273 1867 4330 solet
1883 4274 2039 4328 enim

384 4364 649 4420 inveniri
666 4365 727 4419 in
732 4363 878 4434 fato
906 4364 1185 4429 humano,
1212 4363 1371 4433 quod
1393 4366 1591 4434 major
1608 4362 1932 4433 perveniat
1959 4361 2040 4417 ad

383 4453 737 4525 parvitatem
767 4453 827 4508 et
849 4467 1071 4523 parvus
1101 4452 1184 4507 ad
1210 4452 1709 4522 magnitudinem.
1739 4452 1838 4506 Cui
1874 4451 2041 4507 Nico-

388 4541 437 4598 la
450 4557 516 4599 us
539 4561 549 4595 :
568 4544 724 4599 Bene
737 4541 973 4599 dia-isti.
999 4543 1083 4597 Tu
1094 4543 1285 4599 neseis
1300 4542 1352 4597 te
1367 4541 1715 4612 ipsnm,mea
1728 4554 1764 4595 a
1774 4541 1921 4597 atem
1936 4554 2041 4597 na-

2124 628 2474 701 subjugabo.
2502 632 2565 685 Et
2602 631 2845 688 recessit
2880 632 2952 688 ab
2981 646 3067 688 eo.
3099 633 3238 689 Post
3263 648 3510 705 paucum
3536 641 3766 709 tempus

2126 718 2283 772 venit
2315 718 2440 774 dies
2471 720 2847 790 constitutus,
2881 720 2936 775 in
2970 735 3083 791 quo
3110 719 3296 791 juncti
3328 727 3463 779 sunt
3496 725 3664 781 ambo
3693 724 3764 781 ad

2124 820 2395 877 pugnam.
2425 808 2775 864 Sonantibus
2806 823 2946 880 ergo
2975 810 3151 881 tubis,
3187 826 3388 868 omnes
3418 812 3637 868 Nicolai
3667 814 3772 870 mi-

2126 892 2261 949 lites
2296 896 2433 951 moti
2468 902 2603 953 sunt
2634 898 2984 953 unanimiter
3015 899 3082 954 ad
3112 914 3377 970 pugnam,
3400 916 3545 972 quos
3566 916 3765 959 omnes

2128 982 2453 1039 Alexander
2486 985 2720 1056 propria
2752 1001 2920 1042 manu
2956 987 3191 1043 occidit.

2198 1072 2490 1128 Reversus
2524 1077 2715 1129 autem
2742 1089 2871 1130 cum
2895 1075 3165 1146 victoria,
3192 1076 3406 1133 invenit
3431 1078 3770 1152 Pbylippum

2128 1159 2387 1217 sociasse
2421 1161 2532 1217 sibi
2563 1163 2848 1232 quandam
2894 1165 3124 1219 nomine
3170 1164 3554 1241 Cleopatram,
3588 1173 3772 1228 matre

2129 1263 2232 1304 sua
2257 1249 2440 1319 ejecta
2465 1268 2479 1317 ;
2503 1249 2703 1321 sicque
2725 1250 2826 1307 illo
2849 1252 3090 1308 sedente
3122 1253 3179 1309 in
3210 1256 3453 1328 nuptiali
3485 1258 3770 1329 convivio,

2129 1335 2428 1405 ingressus
2458 1338 2786 1394 Alexander
2820 1340 2965 1397 dixit
3001 1361 3012 1395 :
3048 1342 3251 1415 Pater,
3284 1347 3487 1417 accipe
3515 1360 3553 1403 α
3576 1361 3665 1403 me
3703 1348 3776 1405 de

2117 1426 2324 1495 prima
2338 1426 2389 1481 m
2397 1442 2466 1483 ea
2467 1443 2513 1498 p
2519 1442 2593 1499 ag
2601 1442 2678 1484 na
2690 1430 2941 1487 victoria
2951 1431 3060 1486 lem
3074 1446 3371 1495 coronam:
3385 1435 3577 1491 tamen
3589 1450 3777 1507 quan-

2129 1514 2201 1569 do
2221 1515 2629 1574 celebralurus
2648 1533 2781 1575 sum
2804 1520 3045 1590 nuptias
3064 1522 3284 1579 matris
3302 1537 3456 1587 mea.
3467 1524 3776 1596 fungendo

2128 1601 2226 1659 illi
2249 1606 2551 1669 maritam.
2578 1605 2659 1662 ad
2687 1606 2852 1677 ipsas
2884 1609 3129 1679 nuptias
3164 1610 3228 1666 tu
3257 1624 3373 1666 non
3400 1611 3769 1670 invitaberis.

2129 1693 2288 1749 Unus
2319 1700 2509 1750 autem
2540 1710 2608 1751 ex
2647 1695 3151 1753 diseumbentibns
3174 1698 3370 1768 Lysias
3409 1698 3590 1755 dixit:
3618 1699 3780 1772 Phy-

2134 1781 2307 1852 lippe,
2335 1797 2410 1838 ex
2434 1784 2750 1855 Cleopatra
2776 1786 3054 1842 nascetur
3087 1785 3199 1842 tibi
3218 1787 3399 1857 filius
3425 1788 3644 1846 similis
3665 1790 3773 1846 tui.

2050 1904 2101 1962 Β
2133 1870 2249 1925 Iloc
2283 1872 2527 1927 audiens
2560 1873 2906 1944 Alexander,
2935 1875 3222 1944 percussit
3252 1890 3379 1931 eum
3412 1891 3539 1932 cum
3572 1876 3778 1933 baculo

2135 1973 2303 2029 quem
2336 1963 2571 2018 tenebat
2601 1963 2655 2019 in
2692 1977 2881 2035 manu,
2908 1969 2966 2019 et
2998 1970 3266 2021 mortuus
3298 1970 3406 2022 est.
3434 1966 3646 2023 Videas
3671 1968 3778 2025 hoc

2133 2049 2453 2121 Pbylippus
2506 2052 2689 2108 iratus
2727 2061 2841 2124 est,
2874 2058 2928 2108 et
2974 2054 3208 2123 erigens
3240 2069 3300 2109 se
3334 2054 3608 2126 impetum
3642 2056 3776 2112 fecit

2136 2138 2386 2209 in‘eum,
2421 2141 2520 2196 sed
2571 2142 2627 2195 in
2679 2141 2806 2213 ipso
2860 2143 3078 2213 impetu
3130 2142 3366 2198 cecidit.
3403 2144 3465 2214 (l‘.
3498 2148 3644 2217 197.)
3676 2144 3778 2201 Cui

2137 2225 2281 2282 dixit
2301 2229 2653 2284 Alexander:
2677 2231 2789 2295 Qui
2800 2230 3145 2301 subjugasti
3161 2232 3366 2288 Asiam
3383 2232 3440 2288 et
3456 2234 3777 2304 Europam,

2137 2329 2325 2387 quare
2343 2332 2522 2388 super
2539 2319 2715 2390 pedes
2734 2320 2862 2376 taos
2883 2334 2999 2376 non
3017 2320 3177 2377 stas?
3202 2320 3291 2375 Sic
3305 2335 3443 2390 ergo
3457 2323 3783 2378 exturbataa

2139 2412 2274 2462 sunt
2299 2406 2436 2478 ipsa:
2463 2408 2700 2479 nuptiae,
2727 2414 2784 2463 et
2809 2408 3124 2481 Phylippus
3146 2412 3471 2479 egrotabat.
3498 2411 3630 2466 Post
3650 2427 3786 2482 pau-

2140 2512 2240 2552 cos
2270 2496 2395 2552 dies
2428 2497 2688 2553 introivit
2716 2497 3043 2554 Alexander
3061 2498 3300 2554 visitare
3325 2499 3507 2570 illum,
3532 2502 3587 2556 et
3608 2500 3782 2556 dixit:

2139 2585 2439 2658 Philippe,
2458 2588 2732 2657 quamvis
2746 2602 2858 2643 non
2875 2589 2959 2645 sit
2975 2587 3073 2643 lere
3093 2588 3164 2643 ut
3178 2589 3232 2644 te
3252 2603 3441 2646 vocem
3456 2602 3528 2645 ea:
3540 2590 3782 2658 nomine,

2138 2690 2254 2732 non
2278 2674 2388 2731 tibi
2414 2676 2619 2747 loquor
2650 2676 2719 2732 ut
2732 2676 2909 2748 filius
2921 2678 3025 2734 sed
3042 2677 3111 2732 ut
3127 2678 3503 2748 amicus;fac
3516 2676 3785 2735 benemu—

2144 2764 2283 2821 Zieri
2305 2766 2402 2820 illi
2428 2766 2527 2821 cui
2552 2766 2709 2821 male
2723 2766 2960 2837 fecisti,
2996 2767 3055 2821 et
3078 2780 3193 2823 non
3219 2768 3305 2823 sit
3323 2766 3433 2823 tibi
3462 2781 3618 2824 cura
3637 2769 3784 2838 quia

2142 2853 2386 2923 lg/siam
2416 2854 2620 2910 occidi.
2644 2855 2802 2910 Bene
2830 2855 2964 2925 feci,
2986 2855 3047 2910 tu
3069 2856 3267 2911 autem
3285 2870 3381 2912 ma
3391 2856 3442 2911 le
3441 2855 3674 2928 fecisti,
3690 2871 3782 2911 vo-

2143 2944 2267 2998 lens
2282 2942 2916 3014 mepercuteregladio.
2938 2945 3005 2998 Et
3024 2944 3178 2999 llevit
3196 2944 3531 3016 Phylippus.
3546 2944 3783 3000 Alexan-

2142 3030 2246 3085 der
2264 3035 2455 3085 autem
2487 3030 2583 3086 ubi
2608 3030 2996 3102 viditpa'trem
3022 3031 3372 3103 plorantem,
3398 3032 3778 3102 dimisiteum,

2140 3124 2196 3174 et
2226 3119 2429 3174 abiens
2462 3120 2532 3174 ad
2563 3124 2828 3189 matrem,
2865 3119 3010 3175 dixit
3044 3122 3093 3175 ci
3133 3139 3144 3174 :
3177 3119 3392 3189 Mater,
3426 3122 3567 3177 moli
3597 3122 3783 3179 tenere

2064 3261 2106 3284 η
2138 3207 2357 3263 malam
2386 3209 2749 3265 voluntatem
2768 3209 2995 3281 patris,
3020 3212 3167 3281 quia
3186 3211 3461 3281 quamvis
3483 3210 3783 3267 abscondi-

448 3300 609 3353 Inter
639 3298 742 3353 hec
777 3298 965 3353 factus
1004 3296 1332 3353 Alexander
1363 3311 1640 3352 annorum
1677 3295 2025 3366 quindecim,
2067 3296 2110 3319 ι’

2144 3298 2268 3353 tum
2308 3297 2395 3354 sit
2418 3298 2730 3368 peceatum
2780 3299 2965 3367 tuum,
3016 3298 3393 3371 reprehensio
3444 3299 3637 3355 tamen
3683 3300 3782 3355 tua

2140 3386 2340 3443 stabit.
2366 3389 2598 3443 Bonum
2619 3387 2708 3443 est
2736 3387 2804 3443 ut
2829 3402 2982 3443 uxor
3010 3402 3237 3460 semper
3264 3388 3531 3460 subjecta
3558 3390 3647 3447 sit
3666 3403 3784 3446 ma-

2140 3477 2279 3533 rito.
2312 3477 2447 3530 llzcc
2489 3474 2711 3538 dicens,
2747 3475 2990 3533 adduxit
3037 3491 3161 3532 eam
3209 3477 3509 3549 Pbylippo.

2215 3566 2353 3620 Post
2388 3579 2605 3635 paucos
2639 3565 2764 3621 dies
2794 3570 3080 3621 venerunt
3111 3566 3288 3636 legati
3337 3566 3490 3622 Darii
3534 3566 3689 3637 regis
3716 3566 3782 3623 ad

2145 3651 2509 3723 Phylippum,
2568 3652 2873 3721 exigentes
2928 3654 2999 3708 ab
3059 3668 3128 3709 e0
3197 3654 3502 3710 tributum.
3566 3654 3785 3719 Quibus

2147 3740 2475 3796 Alexander
2498 3741 2577 3795 ait
2606 3741 2731 3798 :Ite
2754 3747 2806 3797 et
2826 3741 3007 3799 dicite
3030 3743 3216 3799 Dario
3239 3761 3257 3797 :
3285 3743 3528 3809 Quando
3540 3743 3787 3814 Phylip-

2132 3844 2253 3901 pus
2267 3844 2381 3885 non
2395 3829 2650 3886 habebat
2656 3831 2860 3902 ﬁlium
2869 3875 2881 3893 .
2884 3832 3129 3902 gallina
3138 3845 3358 3903 genera
3367 3832 3531 3889 batei
3543 3845 3786 3889 aureum

2145 3932 2332 3985 avrem,
2352 3933 2509 3975 nunc
2522 3920 2719 3975 autem
2743 3920 3042 3991 Phglippo
3057 3922 3235 3978 natus
3247 3922 3338 3978 est
3332 3922 3437 3993 fili
3444 3934 3528 3991 us,
3545 3921 3785 3991 etgalli-

2144 4022 2224 4064 na
2238 4008 2423 4081 facta
2454 4002 2547 4065 est
2566 4009 2817 4066 sterilis.
2850 4011 2966 4064 llec
3000 4009 3219 4080 dicens,
3256 4010 3419 4066 dedit
3448 4011 3533 4066 eis
3560 4009 3786 4066 absolu-

2146 4098 2387 4168 tionem,
2423 4102 2483 4153 et
2518 4098 2741 4153 remisit
2774 4112 2876 4154 eos
2920 4113 3137 4156 vacuos
3179 4098 3250 4153 ad
3294 4098 3524 4155 Darium
3570 4113 3780 4168 regem.

2219 4190 2356 4243 Post
2389 4189 2493 4244 hec
2530 4187 2836 4243 rebellavit
2867 4187 3152 4260 Pbylippo
3186 4188 3471 4255 Armenia,
3497 4191 3551 4244 et
3575 4186 3783 4244 direxit

2149 4276 2289 4334 illuc
2313 4276 2705 4333 Alexandrum
2732 4292 2860 4332 cum
2886 4278 3171 4345 exercitu,
3190 4282 3251 4331 ut
3269 4279 3782 4349 expugnareteam.

2148 4367 2207 4421 In
2226 4366 2553 4421 Macedonia
2579 4381 2719 4422 vero
2739 4370 2865 4421 erat
2891 4365 3123 4437 quidam
3147 4367 3314 4422 homo
3340 4365 3563 4422 nomine
3585 4366 3791 4421 Pausa-

2150 4455 2242 4510 nia
2276 4455 2578 4526 subjectus
2612 4454 2913 4527 Phylippo,
2947 4454 3044 4526 qui
3072 4454 3493 4527 concupiscens
3523 4452 3791 4524 Olimpia-

2151 4543 2303 4615 dem,
2334 4543 2469 4599 fecit
2502 4549 2705 4600 contra
2740 4558 2933 4613 regem
2956 4544 3281 4615 consilium,
3308 4548 3366 4598 et
3391 4541 3791 4598 adunavitsibi

389 4633 529 4689 tura
548 4631 1108 4704 inreprehensibilis
1129 4631 1232 4687 est.
1262 4630 1375 4687 Dic
1396 4630 1591 4686 tamen
1620 4629 1801 4685 michi
1821 4630 2041 4686 verita-
2069 4654 2120 4714 Ι)
2152 4632 2452 4705 populum,
2477 4637 2817 4703 armataque
2848 4647 3018 4689 manu
3042 4633 3200 4689 venit
3225 4646 3403 4700 super
3428 4629 3787 4703 Phylippum.

391 4722 522 4791 tem,
549 4720 815 4791 quarein
830 4720 940 4775 has
941 4720 1152 4791 partes
1165 4719 1422 4776 venisti?
1445 4718 1544 4772 Cui
1573 4715 1896 4774 Alexander
1918 4718 1996 4774 ait
2024 4738 2036 4773 :

390 4809 782 4879 Recedeame,
802 4809 990 4878 homo,
1015 4808 1165 4881 quia
1187 4821 1376 4879 neque
1396 4806 1461 4861 tu
1482 4806 1663 4863 habes
1684 4807 1929 4878 aliquid
1939 4808 2042 4864 ad-

391 4912 621 4956 versum
640 4911 747 4967 me,
764 4911 869 4954 nec
888 4911 989 4967 ego
1011 4896 1323 4953 adversum
1348 4894 1419 4952 te.
1442 4896 1500 4950 In
1519 4896 1626 4952 hoc
1642 4895 1911 4951 Nicolaus
1927 4896 2043 4953 val-

394 4989 465 5045 de
491 4988 674 5043 iratus
701 4985 844 5043 dixit
872 5004 884 5042 :
909 4986 1060 5042 Ecce
1081 4984 1254 5057 quali
1287 4983 1513 5042 homini
1534 4985 1759 5058 loquor.
1784 4987 1902 5043 Per
1923 4986 2045 5044 sal-

393 5076 687 5135 rationem
695 5074 904 5147 patris
931 5074 1069 5141 mei,
1092 5073 1148 5129 si
1178 5075 1458 5145 impetum
1486 5088 1707 5146 spuma
1738 5074 1799 5130 in
1812 5076 2046 5147 faciem

396 5166 525 5235 ejus
537 5164 1117 5237 ejicio,morietur.Et
1135 5164 1363 5235 exspuit
1381 5162 1452 5219 ad
1466 5180 1593 5220 eum
1610 5169 1665 5219 et
1684 5164 1825 5220 dixit
1851 5184 1861 5218 :
1888 5166 2049 5221 Tolle

398 5254 506 5329 hoc
516 5270 551 5325 q
562 5255 675 5311 uad
687 5255 741 5311 te
753 5253 914 5310 decet
924 5253 1587 5325 accipere,catule,quia
1601 5268 1716 5310 non
1728 5253 2041 5311 erubescis.

402 5344 503 5399 llle
527 5346 719 5400 autem
739 5343 1046 5399 continens
1070 5358 1130 5399 se
1153 5344 1472 5399 secundum
1500 5343 1823 5399 doctrinam
1849 5343 2048 5414 phylo-

401 5431 641 5502 SOphlEB,
660 5431 804 5487 dixit
821 5450 831 5485 :
849 5431 1115 5501 Nicolae,
1126 5446 1235 5503 per
1246 5431 1628 5487 nativitatem
1647 5444 1833 5486 meam
1846 5431 2048 5501 paler-

400 5533 540 5578 nam
561 5521 620 5577 et
623 5534 739 5593 per
758 5520 993 5577 uterum
1010 5521 1229 5580 matris
1246 5534 1387 5578 mea
1407 5534 1446 5579 a
1468 5520 1571 5577 deo
1584 5521 2042 5591 impregnatum,

2154 4723 2257 4790 Qui
2275 4737 2402 4778 cum
2418 4721 2467 4777 ei
2489 4726 2649 4792 terga
2668 4721 3360 4791 verteret,vibratabasta
3377 4719 3655 4776 Pausania
3672 4733 3793 4791 per-

2155 4811 2337 4867 cussit
2365 4810 2709 4882 Pbylippum
2774 4810 2825 4865 in
2867 4809 3065 4882 dorso,
3086 4811 3182 4882 qui
3212 4814 3402 4865 tamen
3441 4824 3549 4866 non
3593 4807 3789 4864 statim

2155 4903 2420 4955 mortuus
2435 4904 2542 4969 est,
2561 4899 2854 4970 sedjacuit
2874 4899 3189 4955 semivivus
3210 4899 3262 4955 in
3278 4896 3790 4971 campoJ’ausania

2153 5003 2289 5044 vero
2306 4992 2515 5060 putans
2529 5003 2656 5043 eum
2677 4993 2962 5044 mortuum
2980 4987 3339 5044 elevatusest
3354 4988 3691 5059 intransque
3705 5000 3794 5058 pa-

2155 5076 2357 5133 latium
2380 5092 2507 5133 cum
2542 5077 2802 5148 audscia,
2823 5077 3114 5135 abstraxit
3139 5077 3269 5133 inde
3294 5075 3692 5149 Olimpiadem.
3714 5076 3792 5131 ln-

2154 5170 2246 5222 ter
2263 5166 2382 5223 huic
2402 5166 3019 5223 reversusAlcxander
3044 5167 3113 5222 de
3140 5167 3428 5236 Armenia,
3449 5165 3663 5221 invenit
3686 5179 3796 5221 ma-

2156 5255 2365 5309 ximam
2393 5255 2895 5327 perturbationem
2921 5255 2975 5310 in
3001 5254 3348 5312 Macedonia.
3375 5253 3585 5310 Exiens
3608 5257 3795 5311 autem

2158 5343 2718 5416 Olimpiadcs,coepit
2736 5345 2986 5401 vocifi-ra
2999 5360 3056 5401 re
3070 5345 3137 5400 ad
3159 5342 3792 5413 Alexandmun,dieens:

2161 5432 2271 5490 Ubi
2302 5432 2787 5503 est,.4leaan.ier,
2807 5434 3064 5491 victoria
3094 5434 3218 5504 tua,
3240 5431 3342 5490 ubi
3347 5432 3559 5508 fatum
3585 5430 3740 5504 quod
3761 5444 3797 5487 α

2157 5521 2275 5580 diis
2287 5522 2827 5594 aceepisti,utesses
2838 5523 3090 5582 victoria
3098 5524 3175 5582 lis
3191 5521 3596 5581 etvindicares
3605 5533 3800 5593 mepe-

1988 5634 2189 5692 ΝΟΤᾹΞ
2205 5680 2216 5691 .

475 5732 625 5802 (909)
652 5732 997 5803 vocavitque
1025 5746 1079 5790 e.
1118 5746 1173 5789 c.
1214 5731 1273 5789 b.
1307 5746 1380 5788 ex
1404 5732 1520 5788 alio
1551 5732 1796 5803 quodam
1846 5733 1999 5791 libro
2059 5734 2335 5807 sumpsit.
