3932 6408
419 357 537 424 575

1578 348 2063 419 EKKEHARDI
2105 345 2662 416 URAUGIENSIS

3717 342 3854 412 5'16

418 493 550 552 dam
572 507 713 551 VGI‘O
730 489 962 565 Ξυνθηίε
979 490 1208 550 nomine
1227 488 1570 566 Ριηιῑρρυε,
1591 505 1758 563 quem
1785 489 2064 561 diligebat
2095 493 2150 556 A
2180 502 2396 564 debitis
2415 499 2832 562 Macedoniam
2875 499 3000 561 nisi
3013 503 3194 574 prius
3214 499 3406 559 vicero
3433 501 3673 562 cunctos
3702 499 3851 561 bar-

419 583 747 640 Alexander
765 581 901 653 quia
919 581 1181 638 medicus
1200 585 1346 650 erat,
1369 580 1698 652 promisitei
1717 595 1779 636 se
1795 580 2064 637 daturum

418 672 712 745 potionem
739 669 890 728 unde
912 685 1088 727 sanus
1111 670 1297 726 ﬂeret.
1325 670 1606 740 Princeps
1627 673 1820 726 autem
1845 669 2068 726 militiae

418 761 673 832 quidam,
709 760 808 832 qui
842 760 1077 816 tenebat
1120 759 1466 830 Armeniam,
1509 759 1643 815 odio
1681 760 1881 815 habuit
1914 758 2068 814 hunc

418 849 725 920 medicum,
759 849 890 921 quia
921 847 1276 918 diligebatur
1301 865 1328 904 a
1356 863 1512 919 rege,
1543 850 1926 918 scribensque
1948 846 2068 918 epi-

418 936 626 995 stolam
658 937 872 994 direxit
907 937 1236 995 Alexandro
1267 937 1469 995 dicens
1499 957 1512 992 :
1550 938 1774 996 Caveas
1803 938 1858 994 te
1886 951 1924 993 a
1952 949 2070 992 me-

417 1027 546 1085 dico
575 1027 878 1100 Phglippo
909 1026 998 1097 ὀθ,
1034 1027 1095 1084 et
1117 1041 1190 1084 ne
1220 1027 1387 1085 bibas
1413 1027 1705 1098 potionem
1733 1029 1883 1100 ejus,
1917 1026 2068 1098 quia

409 1115 694 1188 promisit
710 1117 764 1173 ei
786 1117 1014 1173 Darius
1032 1131 1144 1172 rea:
1161 1130 1420 1174 sororem
1444 1131 1617 1174 suam
1636 1118 1702 1173 in
1723 1118 1857 1188 conj
1863 1118 2068 1188 ugium

414 1203 562 1261 dare
599 1205 657 1260 et
691 1205 1016 1263 consortem
1046 1207 1220 1276 regni
1245 1205 1478 1278 facere,
1528 1208 1583 1262 si
1622 1204 1954 1277 interficiat
1989 1205 2060 1261 te.

415 1291 558 1348 Cum
594 1297 794 1350 autem
822 1300 1195 1366 preparasset
1234 1295 1553 1367 Phylippus
1587 1295 1900 1366 potionem,
1940 1307 2068 1364 por-

413 1380 562 1435 tavit
589 1386 723 1436 ante
748 1396 974 1452 regem;
999 1383 1096 1439 sed
1122 1389 1429 1453 antequam
1456 1384 1703 1452 biberet,
1725 1381 2068 1454 supervenit

417 1468 668 1539 epistola
696 1468 812 1526 illa.
843 1470 948 1537 Qui
969 1472 1261 1542 accipiens
1275 1475 1332 1528 et
1354 1472 1554 1542 legens
1579 1478 1887 1542 antequam
1911 1471 2071 1526 bibe-

418 1562 526 1629 ret,
560 1574 673 1615 non
705 1564 796 1616 est
828 1563 1122 1632 turbatus,
1150 1563 1283 1633 quia
1309 1563 1380 1619 de
1405 1562 1515 1618 fide
1544 1562 1808 1633 Phylippi
1833 1565 1959 1618 erat
1984 1575 2070 1616 se-

407 1658 608 1700 curus.
656 1647 880 1703 Tenens
923 1647 1119 1719 itaque
1159 1664 1269 1705 una
1313 1663 1483 1705 manu
1512 1649 1841 1720 epistolam,
1883 1648 2066 1703 altera

405 1733 710 1804 accipiens
736 1735 1047 1806 potionem,
1075 1737 1434 1808 reSpiciebat
1457 1738 1512 1792 in
1538 1738 1740 1794 faciem
1772 1735 2062 1809 Phylippi.

2181 591 2372 661 baros,
2397 593 2767 667 confertum-
2789 605 2954 649 mens
2983 591 3202 660 vestra,
3229 590 3288 647 et
3288 589 3594 662 fortitudo
3615 605 3850 664 pugnis

2177 683 2484 740 estimetu/r
2512 681 2676 740 vobis
2693 683 2890 754 jocus.
2927 680 3151 748 Quibus
3184 679 3264 736 ita
3293 678 3664 752 confortatis,
3695 693 3844 738 ecce

2171 771 2494 828 multitudo
2527 770 2774 827 militum
2813 769 2964 826 Darii
3008 767 3363 840 applicuisse
3393 768 3710 826 nunciatur
3742 785 3842 826 su-

2179 873 2283 930 per
2313 859 2548 915 ﬂuvium
2580 858 2794 929 Tigrin.
2840 857 3142 928 Principes
3179 861 3368 914 autem
3399 855 3620 914 militiae
3651 871 3841 930 super

2176 961 2280 1004 eos
2327 951 2493 1004 erant
2545 947 2819 1019 quinque.
2877 949 3284 1004 Convenerunt
3325 945 3502 1016 igitur
3531 945 3588 1002 in
3622 961 3839 1020 campo
3874 1005 3891 1012 _

2178 1036 2506 1094 Alexander
2557 1052 2687 1093 cum
2739 1036 2864 1092 suis
2893 1039 2948 1092 et
2986 1034 3281 1107 principes
3309 1034 3529 1092 militias
3557 1034 3744 1104 Darii,
3777 1040 3840 1092 et

2177 1125 2394 1182 acriter
2425 1128 2854 1198 pugnaverunt.
2903 1125 3004 1180 Vir
3041 1129 3233 1180 autem
3264 1123 3494 1194 quidam
3528 1122 3599 1180 de
3629 1125 3837 1181 Persis

2176 1213 2367 1270 animo
2391 1228 2549 1286 acer,
2575 1215 2822 1270 indueus
2849 1229 2910 1270 se
2935 1219 3158 1270 vestem
3181 1216 3239 1268 et
3258 1225 3414 1268 arma
3439 1211 3830 1283 Macedonica,

2177 1303 2320 1359 abiit
2371 1302 2641 1360 occidere
2695 1301 3109 1370 Alexandrum,
3160 1301 3492 1372 mixtusque
3541 1299 3834 1358 militibus

2177 1392 2306 1461 ejus
2348 1397 2475 1463 post
2512 1396 2737 1462 tergum
2781 1391 2961 1461 illius,
3005 1390 3428 1460 evaginatoque
3465 1387 3662 1459 gladio
3708 1391 3828 1446 ta

2181 1480 2414 1537 fortiter
2444 1481 2946 1572 percussitcaput
2979 1479 3125 1572 ejus,
3152 1483 3214 1572 ut
3238 1483 3293 1534 et
3318 1477 3537 1548 galeam
3571 1478 3832 1572 transie-

2179 1573 2338 1625 raret
2371 1572 2428 1625 et
2461 1572 2634 1640 caput
2668 1564 3024 1624 vulneraret.
3070 1567 3392 1637 Statimque
3429 1564 3831 1638 apprehende-

2181 1661 2314 1712 runt
2338 1673 2468 1714 eum
2495 1657 2711 1714 milites
2744 1655 3076 1724 Alexandri,
3105 1659 3162 1712 et
3193 1655 3484 1712 duxerunt
3505 1659 3640 1711 ante
3669 1669 3826 1712 eum.

2182 1747 2285 1803 Cui
2317 1746 2462 1802 dixit
2500 1746 2830 1802 Alexander
2863 1764 2875 1802 :
2912 1747 2957 1802 Ο
2986 1745 3224 1802 strenue
3251 1745 3368 1813 vir,
3397 1743 3546 1815 quid
3571 1743 3665 1802 est
3688 1743 3832 1802 hoc?

408 1821 508 1877 Cui
562 1821 708 1878 dixit
751 1823 1116 1897 Phylippus:
1151 1827 1294 1884 Noli
1336 1840 1718 1897 expavescere
1744 1827 2056 1896 potionem1

2183 1835 2282 1890 Cui
2309 1835 2595 1892 barbarus
2615 1835 2696 1890 ait
2724 1853 2736 1888 :
2761 1835 2851 1893 Ne
2872 1834 3106 1892 estimes
3126 1847 3233 1902 me,
3259 1832 3607 1902 dominator,
3633 1830 3832 1890 Mace-

403 1922 622 1982 magne
640 1913 982 1983 imperator,
1005 1915 1105 1971 sed
1123 1915 1250 1972 bibe
1267 1915 1460 1971 illam.
1486 1915 1690 1970 Statim
1711 1915 1896 1970 ebibit
1917 1930 2062 1971 eam-

406 1998 475 2052 Et
520 2005 830 2071 postquam
877 2003 1046 2074 bibit,
1093 2005 1357 2074 porrexit
1407 2004 1717 2076 epistolam
1759 2005 2063 2077 Phylippo.

406 2087 641 2146 Relecta
673 2092 994 2164 Phylippus
1035 2093 1282 2165 epistola
1319 2093 1463 2149 dixit
1499 2114 1510 2148 :
1545 2095 1677 2150 Non
1702 2109 1835 2152 sum
1865 2097 2071 2167 culpa'

407 2175 566 2249 bilis,
601 2181 962 2252 Alexander,
994 2184 1153 2240 sicut
1179 2183 1301 2240 haec
1329 2183 1579 2254 epistola
1610 2184 1776 2240 dicit.
1816 2186 1936 2241 Rex
1967 2183 2070 2241 au'

403 2271 520 2324 tem
553 2283 730 2326 sanus
761 2272 1028 2343 effectus,
1065 2273 1296 2329 vocavit
1327 2272 1694 2344 Phylippum,
1731 2268 2069 2345 amplexan'

411 2373 551 2428 sque
602 2359 812 2416 collum
871 2362 1018 2434 ejus,
1083 2362 1278 2418 dixit:
1316 2362 1677 2434 Cognovisti,
1737 2363 2061 2434 Phglipper

401 2448 694 2516 quantum
735 2451 788 2506 te
825 2451 1100 2522 diligam,
1141 2452 1200 2506 et
1235 2466 1418 2522 quam
1446 2452 1745 2522 ﬁduciam
1776 2454 1840 2507 in
1873 2453 1926 2508 te
1959 2451 2066 2508 [ια’

399 2535 578 2608 beam,
605 2540 713 2611 qui
725 2542 907 2610 prius
926 2541 1221 2611 potionem
1251 2539 1394 2610 bibi,
1419 2541 1476 2596 et
1495 2540 1584 2596 sic
1604 2540 1916 2610 epistolam
1947 2535 2064 2596 tibi

387 2629 675 2696 porrexi?
701 2629 800 2685 Cui
827 2629 1148 2701 Phylippus
1169 2629 1316 2684 dixit
1347 2648 1359 2683 :
1389 2629 1508 2686 Fac
1528 2629 1728 2686 venire
1748 2630 1943 2701 ipsum
1965 2631 2062 2686 ho'

391 2717 636 2786 minem,
681 2719 787 2789 qui
828 2719 983 2774 hanc
1022 2719 1330 2790 epistolam
1367 2718 1478 2774 tibi
1509 2719 1758 2786 direxit,
1793 2719 1942 2788 quia
1969 2733 2062 2776 me

393 2803 504 2861 tibi
537 2805 695 2862 talia
718 2822 827 2878 pro
851 2807 1048 2864 salute
1073 2809 1179 2864 tua
1193 2809 1412 2880 facere
1441 2809 1567 2870 ipse
1594 2809 1805 2864 noluit.
1839 2809 2057 2864 Jubens

389 2907 531 2963 ergo
583 2893 743 2951 illum
805 2896 1005 2952 venire
1073 2896 1375 2966 inquisivit
1433 2911 1584 2966 eum,
1639 2896 2056 2967 inveniensque

391 2981 770 3052 culpabilem,
805 2983 988 3053 jussit
1024 2985 1326 3041 decollari.

462 3071 678 3128 Dehinc
728 3088 964 3130 movens
1009 3075 1354 3144 exercitum,
1396 3073 1553 3130 venit
1609 3073 1664 3129 in
1716 3074 1954 3130 Mediam
1995 3078 2056 3130 et

392 3159 718 3218 Armeniam
763 3177 1045 3233 magnam,
1078 3169 1137 3219 et
1168 3163 1504 3234 subjugavit
1535 3177 1656 3231 eas,
1692 3161 1900 3221 deinde
1934 3177 2054 3218 am-

2181 1925 2385 1980 donem
2417 1939 2558 1994 esse,
2592 1925 2784 1980 Persa
2807 1921 3044 1980 sumi“.
3079 1921 3342 1980 Promisi
3371 1923 3552 1978 Dario
3579 1921 3832 1994 auferre

2181 2015 2364 2084 caput
2384 2013 2571 2083 tuum,
2595 2013 2653 2068 et
2669 2013 2775 2070 ille
2793 2011 3106 2084 spopondit
3128 2011 3314 2092 michi
3331 2009 3535 2082 ﬁliam
3560 2024 3738 2068 suam
3763 2011 3831 2067 in

2180 2103 2524 2174 conjugium
2553 2101 2615 2158 et
2637 2101 2871 2172 regales
2902 2100 3262 2172 provincias.
3306 2100 3459 2155 Tunc
3499 2098 3827 2154 Alexander

2179 2191 2438 2246 ostendit
2472 2205 2601 2246 cum
2636 2190 2906 2246 omnibus
2936 2189 3171 2244 milibus
3201 2188 3340 2258 suis,
3372 2193 3432 2244 et
3463 2187 3606 2244 dixit
3640 2205 3653 2242 :
3701 2187 3830 2244 Viri

2175 2279 2543 2347 Macedones,
2559 2279 2830 2335 convenit
2837 2276 3102 2334 omnibus
3114 2275 3409 2334 militibus
3421 2275 3598 2332 talem
3610 2274 3830 2333 habere

2159 2368 2614 2440 fortitudinem,
2635 2371 2695 2423 et
2712 2366 2990 2422 continuo
3015 2365 3236 2422 dimisit
3259 2365 3417 2421 illum
3441 2365 3624 2434 abire,
3645 2364 3826 2436 cmpit

2175 2465 2286 2526 que
2335 2469 2592 2527 pugnare
2643 2455 2895 2524 fortiter,
2941 2459 2997 2510 et
3035 2453 3377 2511 ceciderunt
3443 2468 3514 2509 ex
3556 2452 3826 2509 barbaris

2174 2544 2364 2601 muti.
2399 2543 2504 2610 Qui
2537 2543 2806 2601 videntes
2835 2559 2898 2600 se
2931 2543 3174 2599 multum
3203 2543 3400 2612 minui,
3435 2542 3729 2613 fugerunt,
3764 2545 3820 2598 et

2174 2637 2521 2703 persecutus
2545 2635 2635 2688 est
2661 2646 2846 2702 usque
2873 2632 3132 2688 Bactram
3157 2636 3216 2686 et
3237 2629 3535 2702 applicuit.
3570 2629 3696 2686 Alia
3729 2627 3822 2686 die

2171 2721 2560 2793 apprehendit
2589 2720 2911 2791 civitatem,
2944 2720 3282 2790 invenitque
3304 2719 3380 2774 ibi
3401 2723 3640 2775 matrem
3664 2717 3818 2774 Darii

2169 2816 2226 2866 et
2265 2825 2500 2866 uxorem
2534 2810 2896 2880 eandemque
2935 2823 3197 2865 sororem
3225 2812 3284 2864 et
3315 2807 3460 2864 duas
3488 2806 3638 2864 ﬂlias
3667 2804 3816 2877 ejus,

2171 2899 2482 2970 posuitque
2505 2899 2560 2955 in
2585 2913 2650 2955 ea
2678 2898 2918 2956 civitate
2950 2897 3157 2955 solium
3191 2911 3377 2966 suum,
3402 2899 3460 2952 et
3482 2895 3814 2967 subiugavit

2166 2987 2277 3042 sibi
2302 3001 2502 3043 omnes
2533 2985 2987 3058 circumpositas
3014 2985 3306 3042 civitates.
3339 2986 3479 3040 Post
3511 2984 3631 3041 haec
3663 2997 3811 3040 unus

2164 3091 2234 3132 ex
2263 3076 2629 3149 principibus
2673 3076 2895 3132 militias
2937 3073 3091 3132 Darii
3133 3073 3486 3146 presumpsit
3513 3072 3711 3130 venire
3739 3072 3807 3128 ad

2165 3165 2578 3234 Alexandrum,
2623 3169 2684 3220 et
2725 3163 2872 3220 dixit
2921 3163 2972 3220 ei
3010 3181 3022 3217 :
3057 3162 3406 3220 Dominator
3448 3159 3806 3230 Alexander,

391 3246 614 3304 bulavit
642 3249 769 3308 dies
802 3251 1036 3314 multos.
1063 3258 1122 3308 et
1147 3253 1448 3322 ingressus
1479 3257 1573 3308 est
1603 3251 1791 3308 locum
1817 3251 2050 3308 aridum
2085 3234 2132 3295 (ἶ
2159 3255 2432 3325 princeps
2452 3253 2695 3312 militiw
2715 3253 2898 3311 Darii
2918 3266 3070 3322 sum,
3095 3253 3155 3309 et
3158 3251 3493 3324 plurimum
3513 3250 3614 3308 illi
3631 3249 3812 3308 servi-

387 3335 443 3392 e‘t
489 3352 894 3410 cavernosum,
938 3341 992 3397 in
1036 3357 1149 3413 quo
1192 3357 1302 3397 non
1346 3341 1756 3397 inveniebatur
1789 3356 1956 3410 aqua,
1991 3345 2052 3397 et

387 3427 678 3485 transiens
714 3445 815 3500 per
838 3429 1025 3486 locum
1051 3431 1145 3501 qui
1173 3431 1368 3487 dictus
1392 3435 1486 3487 est
1511 3429 1860 3500 Andriscus,
1888 3429 2051 3485 venit

383 3515 455 3571 ad
489 3516 724 3574 ﬂuvium
755 3519 1050 3575 Eufraten.
1089 3522 1316 3576 Ponens
1347 3535 1488 3588 ergo
1512 3523 1728 3587 castra,
1759 3519 1942 3590 jussit
1970 3519 2052 3574 af‘

388 3604 525 3660 ferri
559 3605 735 3677 ligna,
770 3612 827 3662 et
858 3608 1198 3679 preparavit
1237 3615 1470 3680 pontem
1506 3623 1685 3678 super
1717 3608 1908 3679 ipsum
1943 3607 2050 3664 ﬂu-

384 3692 540 3748 vium
573 3709 703 3750 cum
741 3695 957 3752 tabulis
977 3700 1038 3752 et
1058 3698 1284 3752 catenis
1315 3697 1543 3765 fe"reis,
1573 3695 1872 3767 jussitque
1903 3695 2048 3751 mili-

382 3779 544 3838 tibus
572 3781 693 3839 suis
734 3787 797 3839 ut
827 3785 1170 3840 transirent.
1213 3784 1318 3851 Qui
1353 3800 1481 3840 cum
1517 3783 1878 3854 dubitarent,
1915 3798 2048 3856 pre“

383 3871 543 3942 cepit
565 3872 914 3929 custodibus
937 3873 1270 3930 animalium
1297 3881 1360 3930 ut
1387 3875 1706 3930 transirent
1731 3891 1860 3930 cum
1885 3875 2040 3932 omni

383 3965 667 4032 apparatu
720 3965 778 4016 et
829 3963 1089 4032 cibariis,
1136 3967 1197 4018 et
1245 3968 1376 4034 post
1431 3965 1553 4020 tunc
1595 3963 1771 4033 jussit
1829 3964 2045 4020 milites

381 4049 651 4106 transire.
687 4050 910 4118 Quibus
935 4051 1122 4108 adhuc
1146 4051 1554 4109 dubitantibus
1579 4057 1634 4108 et
1661 4052 1914 4110 validum
1941 4053 2044 4110 ﬂu-

378 4137 455 4192 vii
485 4137 552 4172 ²⁰⁴
581 4153 817 4196 cursum
859 4141 1278 4210 metuentibus,
1325 4142 1448 4212 ipse
1483 4141 1705 4213 primus
1743 4141 2037 4212 transivit,

379 4225 582 4298 sicque
623 4243 826 4284 omnes
872 4229 1060 4286 secuti
1109 4235 1262 4286 sunt.
1301 4231 1362 4300 (f.
1393 4230 1546 4301 205.)
1579 4230 1816 4288 Fluvius
1845 4236 2040 4287 autem

377 4314 580 4386 'l‘ygris
606 4321 663 4372 et
695 4318 995 4375 Eufratres
1033 4317 1251 4374 vadunt
1297 4333 1400 4390 per
1443 4320 1690 4374 mediam
1721 4321 2044 4390 Mesopota-

383 4403 551 4460 miam
585 4409 645 4462 et
678 4407 1066 4478 Babyloniam,
1112 4412 1173 4464 et
1207 4407 1428 4464 intrant
1459 4408 1668 4466 Nilum.
1704 4410 1920 4464 Ferunt
1947 4423 2046 4464 au-

382 4497 499 4550 tem
534 4495 766 4566 quidam
798 4496 953 4567 quod
987 4497 1097 4553 ista
1131 4497 1366 4553 ﬂumina
1397 4500 1778 4566 evacuentur,
1812 4495 2044 4566 quando

2159 3344 2236 3408 vi,
2254 3343 2313 3398 et
2325 3342 2525 3400 nichil
2548 3343 2798 3413 dignum
2825 3339 2900 3399 ab
2930 3355 2990 3398 eo
3015 3340 3239 3412 recepi:
3267 3341 3324 3398 si
3353 3338 3464 3396 tibi
3478 3338 3698 3410 placet,
3731 3337 3813 3396 da

2159 3430 2326 3488 nobis
2345 3431 2538 3488 decem
2553 3431 2728 3488 milia
2750 3430 3138 3499 armatorum,
3156 3427 3212 3486 et
3227 3443 3328 3500 ego
3347 3427 3495 3485 dabo
3502 3428 3811 3499 principes

2159 3522 2390 3579 nostros
2422 3521 2480 3578 et
2507 3521 2703 3593 ipsum
2732 3521 3010 3578 Darium.
3050 3517 3378 3577 Alexander
3409 3516 3592 3572 dixit:
3618 3517 3809 3588 Perge

2157 3611 2581 3668 auailiaturus
2609 3624 2808 3682 regem
2831 3609 3018 3678 tuum,
3044 3609 3192 3680 quia
3212 3621 3325 3664 non
3345 3606 3596 3665 credunt
3609 3605 3806 3664 entra-

2155 3701 2274 3767 nei,
2289 3700 2613 3770 postquam
2632 3699 2761 3756 tuos
2782 3697 2876 3756 vis
2898 3709 3259 3768 expugnare.
3287 3694 3585 3766 Principes
3611 3698 3801 3750 autem

2156 3787 2310 3842 Darii
2332 3787 2511 3844 Fictir
2529 3791 2586 3843 et
2607 3787 2704 3842 Sta
2717 3787 2800 3858 psi
2822 3791 2880 3842 et
2901 3784 3142 3842 Nostadi
3163 3784 3524 3856 scripserunt
3545 3781 3712 3840 Dario
3735 3782 3800 3840 de

2157 3875 2328 3931 factis
2347 3873 2681 3944 Alexandri,
2701 3874 2855 3945 quod
2874 3881 2934 3930 et
2953 3877 3170 3930 terram
3191 3871 3504 3944 dissiparet
3518 3874 3575 3926 et
3591 3869 3798 3927 multos

2155 3964 2474 4034 occideret,
2501 3967 2559 4020 et
2603 3963 2770 4020 multi
2793 3979 2862 4020 ex
2885 3963 3010 4020 suis
3036 3959 3796 4034 potentissimisjunxissent

2156 4067 2217 4108 se
2243 4053 2572 4108 Alexandro
2589 4055 2646 4108 et
2669 4051 2896 4122 regales
2919 4049 3254 4124 provincias
3277 4049 3605 4120 multosque
3625 4048 3796 4105 hono-

2154 4156 2251 4198 res
2275 4140 2608 4211 acciperent
2633 4141 2705 4196 ab
2727 4156 2817 4210 eo,
2841 4140 3088 4210 ideoque
3112 4138 3430 4212 prospiciat
3449 4135 3558 4194 sibi
3577 4140 3634 4193 et
3659 4135 3790 4206 illis,

2154 4234 2465 4300 antequam
2513 4227 2880 4298 ingrediatur
2909 4229 2980 4284 ad
3013 4242 3163 4284 eum.

2224 4317 2432 4374 Darius
2460 4316 2584 4374 haec
2618 4317 2881 4387 audiens,
2913 4315 3148 4388 scripsit
3175 4313 3245 4372 ad
3272 4313 3656 4372 Alexandrum
3673 4314 3749 4372 sic
3773 4333 3786 4368 :

2157 4406 2518 4464 Pervenitin
2530 4420 2744 4463 manus
2763 4407 3002 4464 nostras
3022 4405 3273 4477 epistola
3289 4405 3360 4461 de
3381 4403 3485 4461 tua
3502 4403 3783 4476 superbia,

2155 4497 2316 4568 quod
2334 4495 2542 4566 cogites
2560 4496 2758 4552 venire
2767 4509 2954 4566 prope
2972 4508 3096 4562 nos,
3113 4493 3182 4550 ut
3194 4493 3463 4564 loquaris
3482 4491 3780 4550 nobiscum.

378 4581 544 4640 Nilus
573 4583 816 4640 inundat
849 4583 1179 4656 Aigyptum,
1208 4590 1264 4641 et
1291 4585 1526 4656 quando
1561 4584 1923 4641 subtraxerit
1959 4601 2042 4658 se,
2077 4592 2128 4651 D
2163 4585 2328 4652 Quod
2345 4584 2401 4642 si
2418 4583 2858 4656 potucritjleri,
2881 4596 3076 4640 omnes
3106 4581 3426 4640 orientales
3447 4580 3536 4640 dii
3543 4579 3790 4654 pergant

374 4671 484 4728 ista
529 4673 1028 4743 superabundcnt.
1077 4676 1216 4731 Cum
1255 4680 1450 4730 autem
1501 4674 1812 4729 transisset
1857 4675 2044 4730 omnis

372 4761 694 4829 exercitus,
743 4761 923 4818 rediit
973 4766 1134 4820 retro
1180 4762 1530 4832 Alexander,
1565 4765 1621 4817 et
1667 4762 1805 4818 fecit
1863 4763 2041 4825 incidi

368 4856 628 4922 pontem.
688 4851 970 4908 Videntes
1003 4851 1115 4909 hoc
1147 4851 1381 4922 milites,
1435 4856 1742 4922 coeperunt
1793 4868 2044 4912 murmu‘

2157 4673 2437 4730 habitare
2457 4673 2522 4728 in
2542 4672 2856 4730 occidente.
2875 4673 3010 4730 Non
3031 4670 3288 4728 elevatur
3303 4684 3466 4728 mens
3489 4671 3592 4727 tua
3611 4669 3673 4726 in
3689 4667 3785 4725 hoc

2152 4763 2314 4834 quod
2307 4762 2522 4836 fecisti
2539 4762 3108 4834 ;sicpreparavime,
3125 4760 3304 4834 quasi
3316 4759 3507 4816 mater
3517 4771 3643 4816 mea
3653 4771 3782 4815 mor-

2153 4853 2259 4910 tua
2278 4851 2379 4922 sit,
2406 4850 2466 4908 et
2480 4851 2660 4926 quasi
2683 4865 2928 4908 umorem
2948 4863 3258 4922 nunquam
3279 4847 3603 4906 habuerim.
3635 4845 3783 4904 Unde

374 4953 506 4996 rare
541 4944 600 4996 et
635 4939 830 4996 dicere
864 4960 878 4996 :
911 4941 987 4998 Si
1014 4940 1310 4998 acciderit
1335 4938 1502 4996 nobis
1530 4941 1602 4996 ut
1609 4942 1939 5012 fugiamus
1969 4944 2042 5000 de
2148 4941 2309 4998 scias
2360 4941 2510 5013 quia
2561 4953 2679 4996 non
2734 4937 3041 5012 quiescam
3092 4936 3452 5010 inquirendo
3505 4935 3780 5008 injuriam

364 5029 600 5100 pralio,
616 5044 734 5086 non
745 5031 860 5088 erit
873 5029 1170 5087 transitus
1181 5029 1366 5086 nobis.
1391 5029 1496 5096 Qui
1509 5032 1611 5087 bus
1626 5030 1772 5086 dixit
1794 5032 2041 5088 Alexan-

373 5116 480 5173 der
502 5135 514 5174 :
541 5119 694 5176 Bene
715 5132 806 5174 me
830 5117 1236 5190 confortastis,
1259 5119 1498 5188 quando
1520 5119 1676 5176 talia
1697 5119 2031 5191 cogitastis:

2147 5045 2355 5087 meam.
2387 5031 2698 5102 Scriptum
2725 5029 2967 5100 quidem
2987 5028 3171 5085 michi
3191 5027 3281 5084 est
3298 5029 3447 5098 quia
3469 5024 3780 5096 benignita-

2147 5118 2261 5176 tem
2300 5133 2444 5190 erga
2482 5132 2636 5176 meos
2671 5117 3020 5187 ostenderis,
3058 5117 3254 5174 tamen
3283 5113 3391 5173 hoc
3417 5114 3592 5184 scias,
3624 5114 3773 5186 quia,

377 5206 441 5262 et
465 5219 568 5277 ego
607 5206 864 5278 proinde
876 5205 1011 5278 feci
1039 5205 1286 5262 dissolvi
1322 5208 1563 5278 pontem
1593 5208 1796 5275 istmn,
1831 5209 1903 5265 ut
1927 5208 2041 5266 aut
2142 5208 2686 5280 quantumcumque
2717 5207 2848 5265 illis
2880 5205 3264 5278 benefeceris,
3295 5217 3386 5261 me
3415 5217 3530 5260 non
3557 5199 3777 5259 habebis

367 5294 656 5365 pugnetis
689 5294 957 5352 viriliter
989 5295 1048 5351 et
1069 5295 1348 5366 vincatis,
1388 5296 1502 5353 aut
1523 5298 1580 5354 si
1607 5297 1792 5356 vultis
1806 5298 2034 5370 fugere
2141 5297 2418 5366 amicum,
2435 5297 2760 5368 eteconh'a,
2777 5298 2832 5354 si
2845 5294 3398 5368 maleillisfeceris,
3413 5291 3775 5364 nonamplivs

365 5382 656 5455 pereatis,
681 5384 832 5456 quia
849 5383 1103 5441 victoria
1123 5397 1242 5441 non
1262 5385 1384 5443 erit
1400 5385 1497 5443 his
1516 5387 1625 5456 qui
1629 5387 1912 5458 fugiunt,
1927 5388 2035 5445 sed
2137 5399 2230 5442 me
2258 5385 2499 5444 habebis
2527 5385 2860 5444 inimicum.
2904 5385 3086 5444 Hanc
3123 5383 3406 5442 ultimam
3440 5381 3770 5440 sententiam

370 5467 506 5530 illis
526 5472 637 5544 qui
657 5471 1024 5530 insecti/retur.
1065 5472 1230 5531 Unde
1244 5471 1394 5546 quia
1413 5471 1580 5532 nullo
1605 5473 1774 5530 modo
1789 5476 1928 5546 jam
1945 5477 2029 5534 vi-

2136 5475 2427 5536 mandavi
2462 5475 2592 5534 tibi.

1732 5572 1968 5630 νΑΒιΑς
2008 5573 2408 5633 LECTIONES.

453 5654 632 5739 ξηρῇ.
670 5657 1076 5739 P._m_edic_9_l.
1152 5657 1222 5739 ὀξ
1253 5659 1490 5718 ﬂuvium
1524 5664 1572 5717 1.
1649 5659 1720 5696 ὀδ
1749 5661 2024 5735 fortasse
2069 5676 2396 5739 persarum,
2445 5662 2518 5724 ut
2557 5663 2628 5723 in
2672 5661 2796 5722 cod.
2847 5659 3057 5722 Bamb.
3095 5659 3240 5722 hist.
3282 5657 3632 5732 Alexandri,
3660 5657 3767 5727 legi

377 5726 548 5788 debet
565 5729 634 5788 in
657 5729 781 5788 cod.
817 5734 863 5786 1.
940 5728 1010 5764 ³⁸⁸
1033 5745 1098 5789 se
1118 5746 1174 5790 v.
1199 5735 1250 5789 1.
