  <div class='ocr_page' id='page_1' title='image "/cluster/home/n/w/nwhite01/storage/ocr_20150623/153-154/uc1.31175019678096/880.png"; bbox 0 0 3932 6478; ppageno 0'>
   <div class='ocr_carea' id='block_1_1' title="bbox 175 465 3624 539">
    <p class='ocr_par' dir='ltr' id='par_1_1' title="bbox 175 465 3624 539">
     <span class='ocr_line' id='line_1_1' title="bbox 175 465 3624 539; baseline -0.002 -1"><span class='ocrx_word' id='word_1_1' title='bbox 175 470 304 538; x_wconf 75' lang='grc' dir='ltr'>5τῖ</span> <span class='ocrx_word' id='word_1_2' title='bbox 1099 469 1540 539; x_wconf 81' lang='lat' dir='ltr'>CHRONICA.</span> <span class='ocrx_word' id='word_1_3' title='bbox 1580 508 1653 518; x_wconf 93' lang='lat'><strong><em>—</em></strong></span> <span class='ocrx_word' id='word_1_4' title='bbox 1683 465 2165 534; x_wconf 78' lang='lat' dir='ltr'>CHRONICON</span> <span class='ocrx_word' id='word_1_5' title='bbox 2207 468 2760 537; x_wconf 64' lang='lat' dir='ltr'>UNIVERSALE.</span> <span class='ocrx_word' id='word_1_6' title='bbox 3505 467 3624 531; x_wconf 82' lang='lat'>5&#39;78</span> 
     </span>
    </p>
   </div>
   <div class='ocr_carea' id='block_1_2' title="bbox 258 602 3620 683">
    <p class='ocr_par' dir='ltr' id='par_1_2' title="bbox 258 602 3620 683">
     <span class='ocr_line' id='line_1_2' title="bbox 258 602 3620 683; baseline -0.002 -15"><span class='ocrx_word' id='word_1_7' title='bbox 258 611 626 670; x_wconf 81' lang='lat' dir='ltr'>Alexander</span> <span class='ocrx_word' id='word_1_8' title='bbox 680 607 977 683; x_wconf 82' lang='lat' dir='ltr'>aecipiens</span> <span class='ocrx_word' id='word_1_9' title='bbox 1032 610 1361 682; x_wconf 78' lang='lat' dir='ltr'>epistolam,</span> <span class='ocrx_word' id='word_1_10' title='bbox 1416 609 1554 677; x_wconf 81' lang='lat' dir='ltr'>legit</span> <span class='ocrx_word' id='word_1_11' title='bbox 1597 622 1661 663; x_wconf 89' lang='lat' dir='ltr'>ac</span> <span class='ocrx_word' id='word_1_12' title='bbox 1715 605 1862 674; x_wconf 88' lang='lat' dir='ltr'>risit,</span> <span class='ocrx_word' id='word_1_13' title='bbox 1901 607 1946 664; x_wconf 90' lang='lat' dir='ltr'>A</span> <span class='ocrx_word' id='word_1_14' title='bbox 1985 602 2774 677; x_wconf 82' lang='lat' dir='ltr'>bisangustiam.Evigilans</span> <span class='ocrx_word' id='word_1_15' title='bbox 2799 602 3620 676; x_wconf 80' lang='lat' dir='ltr'>autemrepletusestgaudio,</span> 
     </span>
    </p>
   </div>
   <div class='ocr_carea' id='block_1_3' title="bbox 180 693 3622 772">
    <p class='ocr_par' dir='ltr' id='par_1_3' title="bbox 180 693 3622 772">
     <span class='ocr_line' id='line_1_3' title="bbox 180 693 3622 772; baseline -0.002 -16"><span class='ocrx_word' id='word_1_16' title='bbox 180 699 963 772; x_wconf 85' lang='lat' dir='ltr'>rescripsitqueepistolam</span> <span class='ocrx_word' id='word_1_17' title='bbox 985 695 1868 754; x_wconf 70' lang='lat' dir='ltr'>talem:Re.2:Ate.canderDario</span> <span class='ocrx_word' id='word_1_18' title='bbox 1983 693 2368 763; x_wconf 78' lang='lat' dir='ltr'>recitavitque</span> <span class='ocrx_word' id='word_1_19' title='bbox 2395 697 2675 752; x_wconf 84' lang='lat' dir='ltr'>somnium</span> <span class='ocrx_word' id='word_1_20' title='bbox 2727 694 2930 750; x_wconf 89' lang='lat' dir='ltr'>amicis</span> <span class='ocrx_word' id='word_1_21' title='bbox 2957 693 3098 760; x_wconf 89' lang='lat' dir='ltr'>suis,</span> <span class='ocrx_word' id='word_1_22' title='bbox 3126 693 3220 762; x_wconf 90' lang='lat' dir='ltr'>qui</span> <span class='ocrx_word' id='word_1_23' title='bbox 3253 693 3542 749; x_wconf 89' lang='lat' dir='ltr'>dederunt</span> <span class='ocrx_word' id='word_1_24' title='bbox 3570 694 3622 750; x_wconf 87' lang='lat' dir='ltr'>ei</span> 
     </span>
    </p>
   </div>
   <div class='ocr_carea' id='block_1_4' title="bbox 174 782 3625 859">
    <p class='ocr_par' dir='ltr' id='par_1_4' title="bbox 174 782 3625 859">
     <span class='ocr_line' id='line_1_4' title="bbox 174 782 3625 859; baseline -0.002 -14"><span class='ocrx_word' id='word_1_25' title='bbox 174 784 1868 859; x_wconf 68' lang='lat' dir='ltr'>regi.Superbiametelationemsupercaeucegloriature</span> <span class='ocrx_word' id='word_1_26' title='bbox 1978 783 2285 837; x_wconf 84' lang='lat' dir='ltr'>consilium</span> <span class='ocrx_word' id='word_1_27' title='bbox 2324 786 2491 839; x_wconf 89' lang='lat' dir='ltr'>utita</span> <span class='ocrx_word' id='word_1_28' title='bbox 2550 788 2787 840; x_wconf 88' lang='lat' dir='ltr'>faceret.</span> <span class='ocrx_word' id='word_1_29' title='bbox 2823 785 3048 838; x_wconf 90' lang='lat' dir='ltr'>Vocans</span> <span class='ocrx_word' id='word_1_30' title='bbox 3107 787 3300 837; x_wconf 89' lang='lat' dir='ltr'>autem</span> <span class='ocrx_word' id='word_1_31' title='bbox 3354 782 3625 839; x_wconf 90' lang='lat' dir='ltr'>ﬁdelissi-</span> 
     </span>
    </p>
   </div>
   <div class='ocr_carea' id='block_1_5' title="bbox 179 871 3624 946">
    <p class='ocr_par' dir='ltr' id='par_1_5' title="bbox 179 871 3624 946">
     <span class='ocr_line' id='line_1_5' title="bbox 179 871 3624 946; baseline -0.001 -13"><span class='ocrx_word' id='word_1_32' title='bbox 179 877 326 933; x_wconf 86' lang='lat' dir='ltr'>odio</span> <span class='ocrx_word' id='word_1_33' title='bbox 344 876 1078 946; x_wconf 58' lang='lat' dir='ltr'>habentdiiqn&#39;outrideo,</span> <span class='ocrx_word' id='word_1_34' title='bbox 1100 875 1245 945; x_wconf 84' lang='lat' dir='ltr'>quia</span> <span class='ocrx_word' id='word_1_35' title='bbox 1261 884 1580 929; x_wconf 83' lang='lat' dir='ltr'>noncessas</span> <span class='ocrx_word' id='word_1_36' title='bbox 1603 871 1866 942; x_wconf 74' lang='lat' dir='ltr'>blaspke-</span> <span class='ocrx_word' id='word_1_37' title='bbox 1981 886 2131 925; x_wconf 89' lang='lat' dir='ltr'>mum</span> <span class='ocrx_word' id='word_1_38' title='bbox 2159 887 2323 926; x_wconf 85' lang='lat' dir='ltr'>suum</span> <span class='ocrx_word' id='word_1_39' title='bbox 2377 879 2690 944; x_wconf 89' lang='lat' dir='ltr'>satrapam,</span> <span class='ocrx_word' id='word_1_40' title='bbox 2726 872 2818 928; x_wconf 90' lang='lat' dir='ltr'>cui</span> <span class='ocrx_word' id='word_1_41' title='bbox 2854 886 3056 927; x_wconf 89' lang='lat' dir='ltr'>nomen</span> <span class='ocrx_word' id='word_1_42' title='bbox 3089 871 3330 939; x_wconf 89' lang='lat' dir='ltr'>Eumilo,</span> <span class='ocrx_word' id='word_1_43' title='bbox 3367 872 3502 927; x_wconf 86' lang='lat' dir='ltr'>tulit</span> <span class='ocrx_word' id='word_1_44' title='bbox 3535 887 3624 928; x_wconf 89' lang='lat' dir='ltr'>se-</span> 
     </span>
    </p>
   </div>
   <div class='ocr_carea' id='block_1_6' title="bbox 177 960 3616 1036">
    <p class='ocr_par' dir='ltr' id='par_1_6' title="bbox 177 960 3616 1036">
     <span class='ocr_line' id='line_1_6' title="bbox 177 960 3616 1036; baseline -0.001 -15"><span class='ocrx_word' id='word_1_45' title='bbox 177 980 363 1021; x_wconf 79' lang='lat' dir='ltr'>mare</span> <span class='ocrx_word' id='word_1_46' title='bbox 380 965 955 1036; x_wconf 61' lang='lat' dir='ltr'>usqueinjinz‘m.(f.</span> <span class='ocrx_word' id='word_1_47' title='bbox 981 964 1120 1032; x_wconf 85' lang='grc'>106.)</span> <span class='ocrx_word' id='word_1_48' title='bbox 1143 963 1307 1027; x_wconf 83' lang='lat' dir='ltr'>Quod</span> <span class='ocrx_word' id='word_1_49' title='bbox 1325 961 1734 1032; x_wconf 81' lang='lat' dir='ltr'>benefecituis,</span> <span class='ocrx_word' id='word_1_50' title='bbox 1753 973 1867 1015; x_wconf 87' lang='lat' dir='ltr'>non</span> <span class='ocrx_word' id='word_1_51' title='bbox 1976 974 2104 1013; x_wconf 88' lang='lat' dir='ltr'>cum</span> <span class='ocrx_word' id='word_1_52' title='bbox 2131 965 2254 1015; x_wconf 87' lang='lat' dir='ltr'>tres</span> <span class='ocrx_word' id='word_1_53' title='bbox 2279 962 2674 1017; x_wconf 79' lang='lat' dir='ltr'>velocissimos</span> <span class='ocrx_word' id='word_1_54' title='bbox 2709 976 2922 1030; x_wconf 87' lang='lat' dir='ltr'>equos;</span> <span class='ocrx_word' id='word_1_55' title='bbox 2959 976 3128 1016; x_wconf 93' lang='lat' dir='ltr'>unum</span> <span class='ocrx_word' id='word_1_56' title='bbox 3162 960 3450 1014; x_wconf 84' lang='lat' dir='ltr'>insidebat</span> <span class='ocrx_word' id='word_1_57' title='bbox 3475 961 3616 1032; x_wconf 91' lang='lat' dir='ltr'>ipse,</span> 
     </span>
    </p>
   </div>
   <div class='ocr_carea' id='block_1_7' title="bbox 176 1048 3623 1126">
    <p class='ocr_par' dir='ltr' id='par_1_7' title="bbox 176 1048 3623 1126">
     <span class='ocr_line' id='line_1_7' title="bbox 176 1048 3623 1126; baseline -0.002 -15"><span class='ocrx_word' id='word_1_58' title='bbox 176 1069 292 1126; x_wconf 73' lang='lat' dir='ltr'>pro</span> <span class='ocrx_word' id='word_1_59' title='bbox 310 1055 414 1110; x_wconf 79' lang='lat' dir='ltr'>tuo</span> <span class='ocrx_word' id='word_1_60' title='bbox 433 1055 655 1111; x_wconf 67' lang='lat' dir='ltr'>timore</span> <span class='ocrx_word' id='word_1_61' title='bbox 661 1054 812 1125; x_wconf 87' lang='lat' dir='ltr'>feci,</span> <span class='ocrx_word' id='word_1_62' title='bbox 851 1054 956 1109; x_wconf 85' lang='lat' dir='ltr'>sed</span> <span class='ocrx_word' id='word_1_63' title='bbox 981 1052 1202 1108; x_wconf 70' lang='lat' dir='ltr'>[tabe-ns</span> <span class='ocrx_word' id='word_1_64' title='bbox 1220 1067 1375 1121; x_wconf 75' lang='lat' dir='ltr'>spem</span> <span class='ocrx_word' id='word_1_65' title='bbox 1393 1050 1666 1106; x_wconf 82' lang='lat' dir='ltr'>intrandi</span> <span class='ocrx_word' id='word_1_66' title='bbox 1688 1049 1770 1104; x_wconf 87' lang='lat' dir='ltr'>ad</span> <span class='ocrx_word' id='word_1_67' title='bbox 1792 1050 1862 1117; x_wconf 84' lang='lat' dir='ltr'>te,</span> <span class='ocrx_word' id='word_1_68' title='bbox 1978 1048 2152 1102; x_wconf 88' lang='lat' dir='ltr'>alium</span> <span class='ocrx_word' id='word_1_69' title='bbox 2199 1051 2468 1120; x_wconf 79' lang='lat' dir='ltr'>princeps</span> <span class='ocrx_word' id='word_1_70' title='bbox 2500 1050 2614 1118; x_wconf 88' lang='lat' dir='ltr'>ille,</span> <span class='ocrx_word' id='word_1_71' title='bbox 2653 1050 2868 1105; x_wconf 77' lang='lat' dir='ltr'>tercius</span> <span class='ocrx_word' id='word_1_72' title='bbox 2903 1049 3178 1118; x_wconf 78' lang='lat' dir='ltr'>pergebat</span> <span class='ocrx_word' id='word_1_73' title='bbox 3213 1062 3451 1103; x_wconf 90' lang='lat' dir='ltr'>vacuus.</span> <span class='ocrx_word' id='word_1_74' title='bbox 3489 1051 3623 1104; x_wconf 88' lang='lat' dir='ltr'>Per-</span> 
     </span>
    </p>
   </div>
   <div class='ocr_carea' id='block_1_8' title="bbox 181 1136 3621 1212">
    <p class='ocr_par' dir='ltr' id='par_1_8' title="bbox 181 1136 3621 1212">
     <span class='ocr_line' id='line_1_8' title="bbox 181 1136 3621 1212; baseline -0.001 -14"><span class='ocrx_word' id='word_1_75' title='bbox 181 1143 440 1198; x_wconf 86' lang='lat' dir='ltr'>ostendi</span> <span class='ocrx_word' id='word_1_76' title='bbox 473 1144 567 1198; x_wconf 86' lang='lat' dir='ltr'>eis</span> <span class='ocrx_word' id='word_1_77' title='bbox 592 1141 1017 1212; x_wconf 67' lang='lat' dir='ltr'>benignitatem</span> <span class='ocrx_word' id='word_1_78' title='bbox 1040 1155 1246 1209; x_wconf 86' lang='lat' dir='ltr'>meam,</span> <span class='ocrx_word' id='word_1_79' title='bbox 1265 1140 1335 1194; x_wconf 87' lang='lat' dir='ltr'>ut</span> <span class='ocrx_word' id='word_1_80' title='bbox 1355 1138 1413 1194; x_wconf 88' lang='lat' dir='ltr'>et</span> <span class='ocrx_word' id='word_1_81' title='bbox 1432 1140 1494 1193; x_wconf 84' lang='lat' dir='ltr'>tu</span> <span class='ocrx_word' id='word_1_82' title='bbox 1511 1137 1686 1207; x_wconf 75' lang='lat' dir='ltr'>grato</span> <span class='ocrx_word' id='word_1_83' title='bbox 1709 1137 1868 1192; x_wconf 79' lang='lat' dir='ltr'>illud</span> <span class='ocrx_word' id='word_1_84' title='bbox 1976 1142 2179 1203; x_wconf 80' lang='lat' dir='ltr'>gentes</span> <span class='ocrx_word' id='word_1_85' title='bbox 2203 1137 2380 1206; x_wconf 80' lang='lat' dir='ltr'>igitur</span> <span class='ocrx_word' id='word_1_86' title='bbox 2403 1139 2589 1205; x_wconf 89' lang='lat' dir='ltr'>ambo,</span> <span class='ocrx_word' id='word_1_87' title='bbox 2620 1142 2902 1193; x_wconf 89' lang='lat' dir='ltr'>venerunt</span> <span class='ocrx_word' id='word_1_88' title='bbox 2927 1137 2993 1192; x_wconf 90' lang='lat' dir='ltr'>ad</span> <span class='ocrx_word' id='word_1_89' title='bbox 3029 1136 3261 1191; x_wconf 91' lang='lat' dir='ltr'>ﬂuvium</span> <span class='ocrx_word' id='word_1_90' title='bbox 3284 1136 3380 1206; x_wconf 90' lang='lat' dir='ltr'>qui</span> <span class='ocrx_word' id='word_1_91' title='bbox 3406 1136 3621 1193; x_wconf 90' lang='lat' dir='ltr'>dicitur</span> 
     </span>
    </p>
   </div>
   <div class='ocr_carea' id='block_1_9' title="bbox 180 1223 3619 1301">
    <p class='ocr_par' dir='ltr' id='par_1_9' title="bbox 180 1223 3619 1301">
     <span class='ocr_line' id='line_1_9' title="bbox 180 1223 3619 1301; baseline -0.002 -15"><span class='ocrx_word' id='word_1_92' title='bbox 180 1232 400 1286; x_wconf 86' lang='lat' dir='ltr'>animo</span> <span class='ocrx_word' id='word_1_93' title='bbox 424 1232 768 1301; x_wconf 69' lang='lat' dir='ltr'>acciperes;</span> <span class='ocrx_word' id='word_1_94' title='bbox 787 1229 891 1286; x_wconf 83' lang='lat' dir='ltr'>sed</span> <span class='ocrx_word' id='word_1_95' title='bbox 916 1230 986 1284; x_wconf 88' lang='lat' dir='ltr'>ut</span> <span class='ocrx_word' id='word_1_96' title='bbox 1011 1230 1220 1296; x_wconf 81' lang='lat' dir='ltr'>sentio,</span> <span class='ocrx_word' id='word_1_97' title='bbox 1249 1229 1312 1283; x_wconf 88' lang='lat' dir='ltr'>tu</span> <span class='ocrx_word' id='word_1_98' title='bbox 1335 1242 1451 1282; x_wconf 85' lang='lat' dir='ltr'>non</span> <span class='ocrx_word' id='word_1_99' title='bbox 1472 1240 1530 1282; x_wconf 91' lang='lat' dir='ltr'>es</span> <span class='ocrx_word' id='word_1_100' title='bbox 1554 1225 1866 1282; x_wconf 80' lang='lat' dir='ltr'>animi/iu-</span> <span class='ocrx_word' id='word_1_101' title='bbox 1980 1224 2242 1292; x_wconf 88' lang='lat' dir='ltr'>Stragan.</span> <span class='ocrx_word' id='word_1_102' title='bbox 2281 1227 2381 1280; x_wconf 87' lang='lat' dir='ltr'>Hic</span> <span class='ocrx_word' id='word_1_103' title='bbox 2426 1226 2636 1281; x_wconf 90' lang='lat' dir='ltr'>ﬂuvius</span> <span class='ocrx_word' id='word_1_104' title='bbox 2689 1242 2788 1296; x_wconf 88' lang='lat' dir='ltr'>pre</span> <span class='ocrx_word' id='word_1_105' title='bbox 2821 1225 2996 1280; x_wconf 91' lang='lat' dir='ltr'>nimio</span> <span class='ocrx_word' id='word_1_106' title='bbox 3032 1225 3242 1293; x_wconf 79' lang='lat' dir='ltr'>frigore</span> <span class='ocrx_word' id='word_1_107' title='bbox 3277 1223 3619 1292; x_wconf 74' lang='lat' dir='ltr'>congelatur</span> 
     </span>
    </p>
   </div>
   <div class='ocr_carea' id='block_1_10' title="bbox 179 1313 3625 1389">
    <p class='ocr_par' dir='ltr' id='par_1_10' title="bbox 179 1313 3625 1389">
     <span class='ocr_line' id='line_1_10' title="bbox 179 1313 3625 1389; baseline -0.002 -16"><span class='ocrx_word' id='word_1_108' title='bbox 179 1319 554 1375; x_wconf 65' lang='lat' dir='ltr'>maniJch</span> <span class='ocrx_word' id='word_1_109' title='bbox 581 1318 830 1389; x_wconf 71' lang='lat' dir='ltr'>epistola</span> <span class='ocrx_word' id='word_1_110' title='bbox 848 1317 1207 1373; x_wconf 87' lang='lat' dir='ltr'>meaultima</span> <span class='ocrx_word' id='word_1_111' title='bbox 1225 1315 1452 1372; x_wconf 79' lang='lat' dir='ltr'>siti-ibi.</span> <span class='ocrx_word' id='word_1_112' title='bbox 1481 1315 1635 1372; x_wconf 67' lang='lat' dir='ltr'>Cave</span> <span class='ocrx_word' id='word_1_113' title='bbox 1660 1313 1866 1383; x_wconf 91' lang='lat' dir='ltr'>itaque</span> <span class='ocrx_word' id='word_1_114' title='bbox 1978 1316 2515 1384; x_wconf 88' lang='lat' dir='ltr'>noctu,prebetque</span> <span class='ocrx_word' id='word_1_115' title='bbox 2549 1316 2658 1370; x_wconf 88' lang='lat' dir='ltr'>iter</span> <span class='ocrx_word' id='word_1_116' title='bbox 2676 1319 2984 1369; x_wconf 86' lang='lat' dir='ltr'>totanocte</span> <span class='ocrx_word' id='word_1_117' title='bbox 3023 1313 3625 1377; x_wconf 87' lang='lat' dir='ltr'>transeuntibus;ma-</span> 
     </span>
    </p>
   </div>
   <div class='ocr_carea' id='block_1_11' title="bbox 184 1401 3621 1476">
    <p class='ocr_par' dir='ltr' id='par_1_11' title="bbox 184 1401 3621 1476">
     <span class='ocr_line' id='line_1_11' title="bbox 184 1401 3621 1476; baseline -0.001 -13"><span class='ocrx_word' id='word_1_118' title='bbox 184 1407 963 1476; x_wconf 76' lang='lat' dir='ltr'>te,etmentemhabeinte.</span> <span class='ocrx_word' id='word_1_119' title='bbox 995 1407 1099 1461; x_wconf 91' lang='lat' dir='ltr'>Ubi</span> <span class='ocrx_word' id='word_1_120' title='bbox 1127 1419 1266 1472; x_wconf 87' lang='lat' dir='ltr'>ergo</span> <span class='ocrx_word' id='word_1_121' title='bbox 1294 1404 1504 1459; x_wconf 90' lang='lat' dir='ltr'>direxit</span> <span class='ocrx_word' id='word_1_122' title='bbox 1530 1401 1861 1472; x_wconf 82' lang='lat' dir='ltr'>epistolam,</span> <span class='ocrx_word' id='word_1_123' title='bbox 1976 1415 2064 1469; x_wconf 90' lang='lat' dir='ltr'>ne,</span> <span class='ocrx_word' id='word_1_124' title='bbox 2092 1403 2541 1458; x_wconf 87' lang='lat' dir='ltr'>cumincaluerit</span> <span class='ocrx_word' id='word_1_125' title='bbox 2568 1402 3039 1472; x_wconf 90' lang='lat' dir='ltr'>so|,dissolvitur</span> <span class='ocrx_word' id='word_1_126' title='bbox 3061 1401 3621 1472; x_wconf 79' lang='lat' dir='ltr'>etpert‘undissimus</span> 
     </span>
    </p>
   </div>
   <div class='ocr_carea' id='block_1_12' title="bbox 188 1489 3617 1566">
    <p class='ocr_par' dir='ltr' id='par_1_12' title="bbox 188 1489 3617 1566">
     <span class='ocr_line' id='line_1_12' title="bbox 188 1489 3617 1566; baseline -0.002 -16"><span class='ocrx_word' id='word_1_127' title='bbox 188 1496 553 1566; x_wconf 85' lang='lat' dir='ltr'>preparavit</span> <span class='ocrx_word' id='word_1_128' title='bbox 589 1511 670 1564; x_wconf 86' lang='lat' dir='ltr'>se,</span> <span class='ocrx_word' id='word_1_129' title='bbox 703 1499 762 1550; x_wconf 86' lang='lat' dir='ltr'>et</span> <span class='ocrx_word' id='word_1_130' title='bbox 795 1494 1030 1565; x_wconf 89' lang='lat' dir='ltr'>scripsit</span> <span class='ocrx_word' id='word_1_131' title='bbox 1066 1493 1316 1563; x_wconf 84' lang='lat' dir='ltr'>satrapis</span> <span class='ocrx_word' id='word_1_132' title='bbox 1349 1492 1471 1547; x_wconf 89' lang='lat' dir='ltr'>suis</span> <span class='ocrx_word' id='word_1_133' title='bbox 1502 1491 1596 1560; x_wconf 89' lang='lat' dir='ltr'>qui</span> <span class='ocrx_word' id='word_1_134' title='bbox 1623 1494 1785 1544; x_wconf 86' lang='lat' dir='ltr'>erant</span> <span class='ocrx_word' id='word_1_135' title='bbox 1808 1490 1862 1544; x_wconf 90' lang='lat' dir='ltr'>in</span> <span class='ocrx_word' id='word_1_136' title='bbox 1976 1490 2212 1545; x_wconf 70' lang='lat' dir='ltr'>efﬁcitur</span> <span class='ocrx_word' id='word_1_137' title='bbox 2253 1496 2312 1545; x_wconf 92' lang='lat' dir='ltr'>et</span> <span class='ocrx_word' id='word_1_138' title='bbox 2365 1492 2760 1560; x_wconf 82' lang='lat' dir='ltr'>ingredientes</span> <span class='ocrx_word' id='word_1_139' title='bbox 2792 1491 3086 1546; x_wconf 82' lang='lat' dir='ltr'>absorbet.</span> <span class='ocrx_word' id='word_1_140' title='bbox 3141 1489 3388 1544; x_wconf 88' lang='lat' dir='ltr'>Veniens</span> <span class='ocrx_word' id='word_1_141' title='bbox 3421 1490 3617 1559; x_wconf 88' lang='lat' dir='ltr'>itaque</span> 
     </span>
    </p>
   </div>
   <div class='ocr_carea' id='block_1_13' title="bbox 185 1577 3617 1654">
    <p class='ocr_par' dir='ltr' id='par_1_13' title="bbox 185 1577 3617 1654">
     <span class='ocr_line' id='line_1_13' title="bbox 185 1577 3617 1654; baseline -0.001 -16"><span class='ocrx_word' id='word_1_142' title='bbox 185 1583 359 1653; x_wconf 81' lang='lat' dir='ltr'>Syria</span> <span class='ocrx_word' id='word_1_143' title='bbox 381 1589 447 1638; x_wconf 91' lang='lat' dir='ltr'>et</span> <span class='ocrx_word' id='word_1_144' title='bbox 486 1583 875 1654; x_wconf 87' lang='lat' dir='ltr'>Cappadocia,</span> <span class='ocrx_word' id='word_1_145' title='bbox 904 1582 1098 1637; x_wconf 88' lang='lat' dir='ltr'>Cilicia</span> <span class='ocrx_word' id='word_1_146' title='bbox 1121 1587 1178 1637; x_wconf 90' lang='lat' dir='ltr'>et</span> <span class='ocrx_word' id='word_1_147' title='bbox 1214 1579 1525 1650; x_wconf 82' lang='lat' dir='ltr'>Pamphilia</span> <span class='ocrx_word' id='word_1_148' title='bbox 1561 1585 1618 1634; x_wconf 89' lang='lat' dir='ltr'>et</span> <span class='ocrx_word' id='word_1_149' title='bbox 1656 1577 1861 1633; x_wconf 84' lang='lat' dir='ltr'>Arabia</span> <span class='ocrx_word' id='word_1_150' title='bbox 1977 1577 2322 1646; x_wconf 78' lang='lat' dir='ltr'>Alexander,</span> <span class='ocrx_word' id='word_1_151' title='bbox 2363 1579 2578 1635; x_wconf 80' lang='lat' dir='ltr'>invenit</span> <span class='ocrx_word' id='word_1_152' title='bbox 2603 1595 2730 1635; x_wconf 90' lang='lat' dir='ltr'>eum</span> <span class='ocrx_word' id='word_1_153' title='bbox 2754 1578 3145 1647; x_wconf 78' lang='lat' dir='ltr'>congelatum,</span> <span class='ocrx_word' id='word_1_154' title='bbox 3173 1577 3534 1647; x_wconf 87' lang='lat' dir='ltr'>induensque</span> <span class='ocrx_word' id='word_1_155' title='bbox 3555 1593 3617 1652; x_wconf 86' lang='lat' dir='ltr'>se</span> 
     </span>
    </p>
   </div>
   <div class='ocr_carea' id='block_1_14' title="bbox 185 1666 3620 1743">
    <p class='ocr_par' dir='ltr' id='par_1_14' title="bbox 185 1666 3620 1743">
     <span class='ocr_line' id='line_1_14' title="bbox 185 1666 3620 1743; baseline -0.002 -15"><span class='ocrx_word' id='word_1_156' title='bbox 185 1672 546 1742; x_wconf 86' lang='lat' dir='ltr'>ceterisque</span> <span class='ocrx_word' id='word_1_157' title='bbox 579 1671 922 1743; x_wconf 81' lang='lat' dir='ltr'>provinciis,</span> <span class='ocrx_word' id='word_1_158' title='bbox 968 1676 1028 1726; x_wconf 90' lang='lat' dir='ltr'>ut</span> <span class='ocrx_word' id='word_1_159' title='bbox 1059 1673 1399 1741; x_wconf 86' lang='lat' dir='ltr'>prepararet</span> <span class='ocrx_word' id='word_1_160' title='bbox 1463 1667 1862 1737; x_wconf 86' lang='lat' dir='ltr'>unusquisque</span> <span class='ocrx_word' id='word_1_161' title='bbox 1977 1666 2216 1735; x_wconf 90' lang='lat' dir='ltr'>ﬁguram</span> <span class='ocrx_word' id='word_1_162' title='bbox 2243 1683 2410 1738; x_wconf 91' lang='lat' dir='ltr'>quam</span> <span class='ocrx_word' id='word_1_163' title='bbox 2437 1669 2663 1724; x_wconf 89' lang='lat' dir='ltr'>viderat</span> <span class='ocrx_word' id='word_1_164' title='bbox 2709 1669 2760 1722; x_wconf 93' lang='lat' dir='ltr'>in</span> <span class='ocrx_word' id='word_1_165' title='bbox 2791 1684 3010 1736; x_wconf 90' lang='lat' dir='ltr'>somno,</span> <span class='ocrx_word' id='word_1_166' title='bbox 3047 1666 3271 1722; x_wconf 89' lang='lat' dir='ltr'>dimisit</span> <span class='ocrx_word' id='word_1_167' title='bbox 3295 1667 3372 1721; x_wconf 72' lang='lat' dir='ltr'>ibt</span> <span class='ocrx_word' id='word_1_168' title='bbox 3407 1667 3620 1737; x_wconf 91' lang='lat' dir='ltr'>princi-</span> 
     </span>
    </p>
   </div>
   <div class='ocr_carea' id='block_1_15' title="bbox 185 1755 3617 1830">
    <p class='ocr_par' dir='ltr' id='par_1_15' title="bbox 185 1755 3617 1830">
     <span class='ocr_line' id='line_1_15' title="bbox 185 1755 3617 1830; baseline -0.001 -15"><span class='ocrx_word' id='word_1_169' title='bbox 185 1760 354 1816; x_wconf 89' lang='lat' dir='ltr'>mille</span> <span class='ocrx_word' id='word_1_170' title='bbox 388 1761 750 1816; x_wconf 87' lang='lat' dir='ltr'>vestimenta</span> <span class='ocrx_word' id='word_1_171' title='bbox 782 1764 841 1814; x_wconf 90' lang='lat' dir='ltr'>et</span> <span class='ocrx_word' id='word_1_172' title='bbox 875 1759 1055 1830; x_wconf 89' lang='lat' dir='ltr'>pelles</span> <span class='ocrx_word' id='word_1_173' title='bbox 1087 1757 1438 1826; x_wconf 87' lang='lat' dir='ltr'>animalium,</span> <span class='ocrx_word' id='word_1_174' title='bbox 1467 1759 1752 1827; x_wconf 90' lang='lat' dir='ltr'>quotquot</span> <span class='ocrx_word' id='word_1_175' title='bbox 1785 1755 1865 1809; x_wconf 85' lang='lat' dir='ltr'>in-</span> <span class='ocrx_word' id='word_1_176' title='bbox 1975 1771 2105 1825; x_wconf 87' lang='lat' dir='ltr'>pem</span> <span class='ocrx_word' id='word_1_177' title='bbox 2140 1757 2300 1812; x_wconf 91' lang='lat' dir='ltr'>illum</span> <span class='ocrx_word' id='word_1_178' title='bbox 2334 1773 2461 1814; x_wconf 89' lang='lat' dir='ltr'>cum</span> <span class='ocrx_word' id='word_1_179' title='bbox 2504 1758 2733 1814; x_wconf 89' lang='lat' dir='ltr'>duobus</span> <span class='ocrx_word' id='word_1_180' title='bbox 2782 1756 3040 1824; x_wconf 88' lang='lat' dir='ltr'>caballis,</span> <span class='ocrx_word' id='word_1_181' title='bbox 3075 1760 3133 1811; x_wconf 89' lang='lat' dir='ltr'>et</span> <span class='ocrx_word' id='word_1_182' title='bbox 3165 1756 3289 1826; x_wconf 90' lang='lat' dir='ltr'>ipse</span> <span class='ocrx_word' id='word_1_183' title='bbox 3345 1771 3476 1812; x_wconf 90' lang='lat' dir='ltr'>cum</span> <span class='ocrx_word' id='word_1_184' title='bbox 3511 1771 3617 1812; x_wconf 90' lang='lat' dir='ltr'>suo</span> 
     </span>
    </p>
   </div>
   <div class='ocr_carea' id='block_1_16' title="bbox 188 1843 3615 1918">
    <p class='ocr_par' dir='ltr' id='par_1_16' title="bbox 188 1843 3615 1918">
     <span class='ocr_line' id='line_1_16' title="bbox 188 1843 3615 1918; baseline -0.002 -13"><span class='ocrx_word' id='word_1_185' title='bbox 188 1849 503 1918; x_wconf 82' lang='lat' dir='ltr'>venirent,</span> <span class='ocrx_word' id='word_1_186' title='bbox 541 1847 991 1903; x_wconf 78' lang='lat' dir='ltr'>etAntiochiam</span> <span class='ocrx_word' id='word_1_187' title='bbox 1056 1846 1378 1914; x_wconf 89' lang='lat' dir='ltr'>mitterent,</span> <span class='ocrx_word' id='word_1_188' title='bbox 1413 1844 1606 1913; x_wconf 88' lang='lat' dir='ltr'>ibique</span> <span class='ocrx_word' id='word_1_189' title='bbox 1636 1843 1864 1898; x_wconf 85' lang='lat' dir='ltr'>ordina-</span> <span class='ocrx_word' id='word_1_190' title='bbox 1974 1845 2264 1900; x_wconf 81' lang='lat' dir='ltr'>transivit.</span> <span class='ocrx_word' id='word_1_191' title='bbox 2321 1847 2454 1900; x_wconf 86' lang='lat' dir='ltr'>Erat</span> <span class='ocrx_word' id='word_1_192' title='bbox 2504 1852 2698 1901; x_wconf 89' lang='lat' dir='ltr'>autem</span> <span class='ocrx_word' id='word_1_193' title='bbox 2734 1846 2944 1901; x_wconf 90' lang='lat' dir='ltr'>ﬂuvius</span> <span class='ocrx_word' id='word_1_194' title='bbox 2993 1859 3047 1898; x_wconf 80' lang='lat' dir='ltr'>in</span> <span class='ocrx_word' id='word_1_195' title='bbox 3082 1843 3389 1899; x_wconf 88' lang='lat' dir='ltr'>latitudine</span> <span class='ocrx_word' id='word_1_196' title='bbox 3443 1844 3615 1898; x_wconf 86' lang='lat' dir='ltr'>stadii</span> 
     </span>
    </p>
   </div>
   <div class='ocr_carea' id='block_1_17' title="bbox 189 1932 3618 2006">
    <p class='ocr_par' dir='ltr' id='par_1_17' title="bbox 189 1932 3618 2006">
     <span class='ocr_line' id='line_1_17' title="bbox 189 1932 3618 2006; baseline -0.001 -14"><span class='ocrx_word' id='word_1_197' title='bbox 189 1935 665 2004; x_wconf 88' lang='lat' dir='ltr'>renturcameli,</span> <span class='ocrx_word' id='word_1_198' title='bbox 689 1935 785 2005; x_wconf 90' lang='lat' dir='ltr'>qui</span> <span class='ocrx_word' id='word_1_199' title='bbox 804 1939 1106 2006; x_wconf 88' lang='lat' dir='ltr'>portarent</span> <span class='ocrx_word' id='word_1_200' title='bbox 1130 1951 1193 1989; x_wconf 89' lang='lat' dir='ltr'>ea</span> <span class='ocrx_word' id='word_1_201' title='bbox 1211 1950 1395 2004; x_wconf 87' lang='lat' dir='ltr'>usque</span> <span class='ocrx_word' id='word_1_202' title='bbox 1413 1933 1709 2001; x_wconf 82' lang='lat' dir='ltr'>Eufraten,</span> <span class='ocrx_word' id='word_1_203' title='bbox 1728 1947 1862 2001; x_wconf 89' lang='lat' dir='ltr'>qua-</span> <span class='ocrx_word' id='word_1_204' title='bbox 1895 1975 1943 2006; x_wconf 62' lang='grc' dir='ltr'>Ο</span> <span class='ocrx_word' id='word_1_205' title='bbox 1978 1935 2146 1988; x_wconf 88' lang='lat' dir='ltr'>unius</span> <span class='ocrx_word' id='word_1_206' title='bbox 2166 1933 2280 1988; x_wconf 74' lang='grc'>²⁰⁶”.</span> <span class='ocrx_word' id='word_1_207' title='bbox 2311 1935 2522 1989; x_wconf 71' lang='lat' dir='ltr'>Abiens</span> <span class='ocrx_word' id='word_1_208' title='bbox 2543 1936 2736 2003; x_wconf 87' lang='lat' dir='ltr'>itaque</span> <span class='ocrx_word' id='word_1_209' title='bbox 2762 1933 3104 2000; x_wconf 79' lang='lat' dir='ltr'>Alexander,</span> <span class='ocrx_word' id='word_1_210' title='bbox 3123 1948 3252 1987; x_wconf 89' lang='lat' dir='ltr'>cum</span> <span class='ocrx_word' id='word_1_211' title='bbox 3267 1932 3522 1988; x_wconf 88' lang='lat' dir='ltr'>venisset</span> <span class='ocrx_word' id='word_1_212' title='bbox 3549 1932 3618 1987; x_wconf 87' lang='lat' dir='ltr'>ad</span> 
     </span>
    </p>
   </div>
   <div class='ocr_carea' id='block_1_18' title="bbox 189 2021 3618 2092">
    <p class='ocr_par' dir='ltr' id='par_1_18' title="bbox 189 2021 3618 2092">
     <span class='ocr_line' id='line_1_18' title="bbox 189 2021 3618 2092; baseline -0.001 -13"><span class='ocrx_word' id='word_1_213' title='bbox 189 2021 1861 2081; x_wconf 84' lang='lat' dir='ltr'>tinusmilitessuibaberentvestimentaetcalciamenta.</span> <span class='ocrx_word' id='word_1_214' title='bbox 1894 2021 1943 2033; x_wconf 73' lang='lat'>“</span> <span class='ocrx_word' id='word_1_215' title='bbox 1979 2027 2202 2092; x_wconf 88' lang='lat' dir='ltr'>portam</span> <span class='ocrx_word' id='word_1_216' title='bbox 2238 2023 2497 2078; x_wconf 71' lang='lat' dir='ltr'>civitatis</span> <span class='ocrx_word' id='word_1_217' title='bbox 2528 2024 2701 2092; x_wconf 89' lang='lat' dir='ltr'>Darii,</span> <span class='ocrx_word' id='word_1_218' title='bbox 2739 2023 3004 2077; x_wconf 85' lang='lat' dir='ltr'>videntes</span> <span class='ocrx_word' id='word_1_219' title='bbox 3035 2036 3166 2076; x_wconf 91' lang='lat' dir='ltr'>eum</span> <span class='ocrx_word' id='word_1_220' title='bbox 3192 2023 3400 2089; x_wconf 67' lang='lat' dir='ltr'>Persa),</span> <span class='ocrx_word' id='word_1_221' title='bbox 3428 2021 3618 2076; x_wconf 88' lang='lat' dir='ltr'>mirati</span> 
     </span>
    </p>
   </div>
   <div class='ocr_carea' id='block_1_19' title="bbox 263 2109 3617 2182">
    <p class='ocr_par' dir='ltr' id='par_1_19' title="bbox 263 2109 3617 2182">
     <span class='ocr_line' id='line_1_19' title="bbox 263 2109 3617 2182; baseline -0.001 -13"><span class='ocrx_word' id='word_1_222' title='bbox 263 2115 489 2170; x_wconf 87' lang='lat' dir='ltr'>Darius</span> <span class='ocrx_word' id='word_1_223' title='bbox 540 2128 682 2168; x_wconf 86' lang='lat' dir='ltr'>vero</span> <span class='ocrx_word' id='word_1_224' title='bbox 731 2111 970 2182; x_wconf 89' lang='lat' dir='ltr'>scripsit</span> <span class='ocrx_word' id='word_1_225' title='bbox 1000 2112 1254 2181; x_wconf 83' lang='lat' dir='ltr'>satrapis</span> <span class='ocrx_word' id='word_1_226' title='bbox 1287 2111 1410 2165; x_wconf 90' lang='lat' dir='ltr'>suis</span> <span class='ocrx_word' id='word_1_227' title='bbox 1441 2113 1501 2166; x_wconf 93' lang='lat' dir='ltr'>ut</span> <span class='ocrx_word' id='word_1_228' title='bbox 1535 2114 1733 2165; x_wconf 90' lang='lat' dir='ltr'>essent</span> <span class='ocrx_word' id='word_1_229' title='bbox 1771 2124 1866 2179; x_wconf 84' lang='lat' dir='ltr'>pa-</span> <span class='ocrx_word' id='word_1_230' title='bbox 1979 2117 2116 2166; x_wconf 90' lang='lat' dir='ltr'>sunt</span> <span class='ocrx_word' id='word_1_231' title='bbox 2148 2112 2201 2165; x_wconf 89' lang='lat' dir='ltr'>in</span> <span class='ocrx_word' id='word_1_232' title='bbox 2238 2112 2417 2179; x_wconf 91' lang='lat' dir='ltr'>ﬁgura</span> <span class='ocrx_word' id='word_1_233' title='bbox 2452 2111 2650 2167; x_wconf 84' lang='lat' dir='ltr'>vultus</span> <span class='ocrx_word' id='word_1_234' title='bbox 2708 2111 2853 2180; x_wconf 89' lang='lat' dir='ltr'>ejus,</span> <span class='ocrx_word' id='word_1_235' title='bbox 2886 2111 3230 2166; x_wconf 90' lang='lat' dir='ltr'>estimantcs</span> <span class='ocrx_word' id='word_1_236' title='bbox 3292 2109 3453 2166; x_wconf 91' lang='lat' dir='ltr'>illum</span> <span class='ocrx_word' id='word_1_237' title='bbox 3486 2124 3617 2169; x_wconf 88' lang='lat' dir='ltr'>esse</span> 
     </span>
    </p>
   </div>
   <div class='ocr_carea' id='block_1_20' title="bbox 195 2199 3622 2269">
    <p class='ocr_par' dir='ltr' id='par_1_20' title="bbox 195 2199 3622 2269">
     <span class='ocr_line' id='line_1_20' title="bbox 195 2199 3622 2269; baseline -0.001 -11"><span class='ocrx_word' id='word_1_238' title='bbox 195 2203 310 2259; x_wconf 87' lang='lat' dir='ltr'>rati</span> <span class='ocrx_word' id='word_1_239' title='bbox 345 2217 486 2259; x_wconf 91' lang='lat' dir='ltr'>cum</span> <span class='ocrx_word' id='word_1_240' title='bbox 506 2202 776 2257; x_wconf 82' lang='lat' dir='ltr'>omnibus</span> <span class='ocrx_word' id='word_1_241' title='bbox 800 2200 921 2256; x_wconf 87' lang='lat' dir='ltr'>suis</span> <span class='ocrx_word' id='word_1_242' title='bbox 944 2200 1014 2255; x_wconf 86' lang='lat' dir='ltr'>ad</span> <span class='ocrx_word' id='word_1_243' title='bbox 1049 2199 1435 2255; x_wconf 70' lang='lat' dir='ltr'>resistendum</span> <span class='ocrx_word' id='word_1_244' title='bbox 1461 2199 1734 2266; x_wconf 86' lang='lat' dir='ltr'>gentibus</span> <span class='ocrx_word' id='word_1_245' title='bbox 1759 2200 1865 2252; x_wconf 70' lang='grc' dir='ltr'>Μελ·</span> <span class='ocrx_word' id='word_1_246' title='bbox 1979 2200 2167 2255; x_wconf 88' lang='lat' dir='ltr'>deum.</span> <span class='ocrx_word' id='word_1_247' title='bbox 2196 2202 2594 2267; x_wconf 66' lang='lat' dir='ltr'>Interrogatus</span> <span class='ocrx_word' id='word_1_248' title='bbox 2616 2207 2806 2255; x_wconf 89' lang='lat' dir='ltr'>autem</span> <span class='ocrx_word' id='word_1_249' title='bbox 2831 2201 2901 2255; x_wconf 89' lang='lat' dir='ltr'>ab</span> <span class='ocrx_word' id='word_1_250' title='bbox 2925 2199 3009 2254; x_wconf 89' lang='lat' dir='ltr'>eis</span> <span class='ocrx_word' id='word_1_251' title='bbox 3036 2200 3165 2268; x_wconf 87' lang='lat' dir='ltr'>quis</span> <span class='ocrx_word' id='word_1_252' title='bbox 3181 2204 3360 2267; x_wconf 89' lang='lat' dir='ltr'>esset,</span> <span class='ocrx_word' id='word_1_253' title='bbox 3390 2213 3622 2269; x_wconf 86' lang='lat' dir='ltr'>respon-</span> 
     </span>
    </p>
   </div>
   <div class='ocr_carea' id='block_1_21' title="bbox 191 2288 3621 2360">
    <p class='ocr_par' dir='ltr' id='par_1_21' title="bbox 191 2288 3621 2360">
     <span class='ocr_line' id='line_1_21' title="bbox 191 2288 3621 2360; baseline -0.001 -13"><span class='ocrx_word' id='word_1_254' title='bbox 191 2291 493 2360; x_wconf 70' lang='lat' dir='ltr'>cedonize,</span> <span class='ocrx_word' id='word_1_255' title='bbox 533 2290 807 2359; x_wconf 89' lang='lat' dir='ltr'>misitque</span> <span class='ocrx_word' id='word_1_256' title='bbox 838 2289 906 2344; x_wconf 90' lang='lat' dir='ltr'>ad</span> <span class='ocrx_word' id='word_1_257' title='bbox 940 2291 1149 2344; x_wconf 85' lang='lat' dir='ltr'>Porum</span> <span class='ocrx_word' id='word_1_258' title='bbox 1185 2303 1378 2357; x_wconf 81' lang='lat' dir='ltr'>regem</span> <span class='ocrx_word' id='word_1_259' title='bbox 1409 2288 1605 2354; x_wconf 71' lang='lat' dir='ltr'>Indiae,</span> <span class='ocrx_word' id='word_1_260' title='bbox 1643 2293 1701 2341; x_wconf 90' lang='lat' dir='ltr'>ut</span> <span class='ocrx_word' id='word_1_261' title='bbox 1740 2301 1866 2356; x_wconf 90' lang='lat' dir='ltr'>pre-</span> <span class='ocrx_word' id='word_1_262' title='bbox 1978 2289 2082 2358; x_wconf 90' lang='lat' dir='ltr'>dit,</span> <span class='ocrx_word' id='word_1_263' title='bbox 2109 2304 2170 2344; x_wconf 92' lang='lat' dir='ltr'>se</span> <span class='ocrx_word' id='word_1_264' title='bbox 2193 2290 2633 2359; x_wconf 88' lang='lat' dir='ltr'>apocrisiarium</span> <span class='ocrx_word' id='word_1_265' title='bbox 2654 2305 2786 2344; x_wconf 86' lang='lat' dir='ltr'>esse</span> <span class='ocrx_word' id='word_1_266' title='bbox 2814 2290 2966 2357; x_wconf 88' lang='lat' dir='ltr'>regis</span> <span class='ocrx_word' id='word_1_267' title='bbox 2991 2288 3323 2343; x_wconf 79' lang='lat' dir='ltr'>Alexandri.</span> <span class='ocrx_word' id='word_1_268' title='bbox 3352 2290 3416 2342; x_wconf 87' lang='lat' dir='ltr'>Et</span> <span class='ocrx_word' id='word_1_269' title='bbox 3444 2289 3621 2343; x_wconf 87' lang='lat' dir='ltr'>duxe-</span> 
     </span>
    </p>
   </div>
   <div class='ocr_carea' id='block_1_22' title="bbox 192 2375 3622 2447">
    <p class='ocr_par' dir='ltr' id='par_1_22' title="bbox 192 2375 3622 2447">
     <span class='ocr_line' id='line_1_22' title="bbox 192 2375 3622 2447; baseline -0.001 -12"><span class='ocrx_word' id='word_1_270' title='bbox 192 2381 367 2435; x_wconf 86' lang='lat' dir='ltr'>berct</span> <span class='ocrx_word' id='word_1_271' title='bbox 390 2379 446 2435; x_wconf 87' lang='lat' dir='ltr'>ei</span> <span class='ocrx_word' id='word_1_272' title='bbox 473 2378 857 2447; x_wconf 87' lang='lat' dir='ltr'>adjutorium.</span> <span class='ocrx_word' id='word_1_273' title='bbox 887 2377 993 2443; x_wconf 90' lang='lat' dir='ltr'>Qui</span> <span class='ocrx_word' id='word_1_274' title='bbox 1021 2376 1326 2447; x_wconf 83' lang='lat' dir='ltr'>rescripsit</span> <span class='ocrx_word' id='word_1_275' title='bbox 1362 2376 1435 2444; x_wconf 91' lang='lat' dir='ltr'>ei,</span> <span class='ocrx_word' id='word_1_276' title='bbox 1464 2391 1523 2430; x_wconf 89' lang='lat' dir='ltr'>se</span> <span class='ocrx_word' id='word_1_277' title='bbox 1559 2376 1630 2430; x_wconf 89' lang='lat' dir='ltr'>de</span> <span class='ocrx_word' id='word_1_278' title='bbox 1656 2375 1863 2445; x_wconf 89' lang='lat' dir='ltr'>injuria</span> <span class='ocrx_word' id='word_1_279' title='bbox 1981 2381 2115 2432; x_wconf 87' lang='lat' dir='ltr'>runt</span> <span class='ocrx_word' id='word_1_280' title='bbox 2153 2393 2281 2431; x_wconf 88' lang='lat' dir='ltr'>eum</span> <span class='ocrx_word' id='word_1_281' title='bbox 2335 2378 2402 2431; x_wconf 89' lang='lat' dir='ltr'>ad</span> <span class='ocrx_word' id='word_1_282' title='bbox 2440 2378 2688 2432; x_wconf 88' lang='lat' dir='ltr'>Darium.</span> <span class='ocrx_word' id='word_1_283' title='bbox 2726 2377 2831 2441; x_wconf 86' lang='lat' dir='ltr'>Qui</span> <span class='ocrx_word' id='word_1_284' title='bbox 2863 2378 3067 2431; x_wconf 86' lang='lat' dir='ltr'>videns</span> <span class='ocrx_word' id='word_1_285' title='bbox 3096 2391 3224 2431; x_wconf 90' lang='lat' dir='ltr'>eum</span> <span class='ocrx_word' id='word_1_286' title='bbox 3263 2376 3528 2431; x_wconf 89' lang='lat' dir='ltr'>adoravit</span> <span class='ocrx_word' id='word_1_287' title='bbox 3555 2382 3622 2431; x_wconf 91' lang='lat' dir='ltr'>ut</span> 
     </span>
    </p>
   </div>
   <div class='ocr_carea' id='block_1_23' title="bbox 192 2465 3621 2540">
    <p class='ocr_par' dir='ltr' id='par_1_23' title="bbox 192 2465 3621 2540">
     <span class='ocr_line' id='line_1_23' title="bbox 192 2465 3621 2540; baseline -0.001 -17"><span class='ocrx_word' id='word_1_288' title='bbox 192 2471 326 2540; x_wconf 87' lang='lat' dir='ltr'>ejus</span> <span class='ocrx_word' id='word_1_289' title='bbox 356 2468 537 2525; x_wconf 87' lang='lat' dir='ltr'>valde</span> <span class='ocrx_word' id='word_1_290' title='bbox 571 2467 639 2499; x_wconf 69' lang='grc'>²⁰⁶</span> <span class='ocrx_word' id='word_1_291' title='bbox 673 2467 890 2535; x_wconf 87' lang='lat' dir='ltr'>dolere,</span> <span class='ocrx_word' id='word_1_292' title='bbox 928 2470 983 2521; x_wconf 90' lang='lat' dir='ltr'>et</span> <span class='ocrx_word' id='word_1_293' title='bbox 1018 2482 1078 2520; x_wconf 89' lang='lat' dir='ltr'>sc</span> <span class='ocrx_word' id='word_1_294' title='bbox 1113 2466 1343 2535; x_wconf 88' lang='lat' dir='ltr'>quidem</span> <span class='ocrx_word' id='word_1_295' title='bbox 1378 2471 1705 2536; x_wconf 89' lang='lat' dir='ltr'>promptum</span> <span class='ocrx_word' id='word_1_296' title='bbox 1735 2479 1864 2518; x_wconf 87' lang='lat' dir='ltr'>esse</span> <span class='ocrx_word' id='word_1_297' title='bbox 1979 2465 2170 2534; x_wconf 88' lang='lat' dir='ltr'>deum,</span> <span class='ocrx_word' id='word_1_298' title='bbox 2203 2466 2469 2533; x_wconf 89' lang='lat' dir='ltr'>cogitans</span> <span class='ocrx_word' id='word_1_299' title='bbox 2503 2466 2660 2522; x_wconf 89' lang='lat' dir='ltr'>illum</span> <span class='ocrx_word' id='word_1_300' title='bbox 2695 2481 2824 2521; x_wconf 89' lang='lat' dir='ltr'>esse</span> <span class='ocrx_word' id='word_1_301' title='bbox 2860 2466 3120 2520; x_wconf 87' lang='lat' dir='ltr'>Mithram</span> <span class='ocrx_word' id='word_1_302' title='bbox 3156 2466 3345 2533; x_wconf 89' lang='lat' dir='ltr'>deum,</span> <span class='ocrx_word' id='word_1_303' title='bbox 3381 2465 3621 2520; x_wconf 89' lang='lat' dir='ltr'>descen-</span> 
     </span>
    </p>
   </div>
   <div class='ocr_carea' id='block_1_24' title="bbox 191 2553 3622 2627">
    <p class='ocr_par' dir='ltr' id='par_1_24' title="bbox 191 2553 3622 2627">
     <span class='ocr_line' id='line_1_24' title="bbox 191 2553 3622 2627; baseline -0.001 -13"><span class='ocrx_word' id='word_1_304' title='bbox 191 2560 426 2627; x_wconf 89' lang='lat' dir='ltr'>venire,</span> <span class='ocrx_word' id='word_1_305' title='bbox 453 2558 559 2614; x_wconf 88' lang='lat' dir='ltr'>sed</span> <span class='ocrx_word' id='word_1_306' title='bbox 590 2556 926 2612; x_wconf 90' lang='lat' dir='ltr'>inﬁrmitate</span> <span class='ocrx_word' id='word_1_307' title='bbox 951 2556 1330 2626; x_wconf 75' lang='lat' dir='ltr'>prepodicnte</span> <span class='ocrx_word' id='word_1_308' title='bbox 1374 2571 1480 2610; x_wconf 95' lang='lat' dir='ltr'>non</span> <span class='ocrx_word' id='word_1_309' title='bbox 1510 2569 1696 2625; x_wconf 88' lang='lat' dir='ltr'>posse,</span> <span class='ocrx_word' id='word_1_310' title='bbox 1722 2553 1868 2607; x_wconf 90' lang='lat' dir='ltr'>mili-</span> <span class='ocrx_word' id='word_1_311' title='bbox 1980 2555 2210 2608; x_wconf 87' lang='lat' dir='ltr'>dentem</span> <span class='ocrx_word' id='word_1_312' title='bbox 2228 2554 2296 2608; x_wconf 90' lang='lat' dir='ltr'>de</span> <span class='ocrx_word' id='word_1_313' title='bbox 2321 2555 2503 2610; x_wconf 83' lang='lat' dir='ltr'>caelis.</span> <span class='ocrx_word' id='word_1_314' title='bbox 2529 2555 3072 2623; x_wconf 82' lang='lat' dir='ltr'>luterrogavitergo</span> <span class='ocrx_word' id='word_1_315' title='bbox 3097 2568 3256 2607; x_wconf 90' lang='lat' dir='ltr'>eum:</span> <span class='ocrx_word' id='word_1_316' title='bbox 3281 2554 3425 2617; x_wconf 82' lang='lat' dir='ltr'>Quis</span> <span class='ocrx_word' id='word_1_317' title='bbox 3443 2567 3502 2609; x_wconf 88' lang='lat' dir='ltr'>es</span> <span class='ocrx_word' id='word_1_318' title='bbox 3521 2553 3622 2610; x_wconf 80' lang='lat' dir='ltr'>tu?</span> 
     </span>
    </p>
   </div>
   <div class='ocr_carea' id='block_1_25' title="bbox 196 2642 3621 2713">
    <p class='ocr_par' dir='ltr' id='par_1_25' title="bbox 196 2642 3621 2713">
     <span class='ocr_line' id='line_1_25' title="bbox 196 2642 3621 2713; baseline 0 -14"><span class='ocrx_word' id='word_1_319' title='bbox 196 2650 288 2701; x_wconf 89' lang='lat' dir='ltr'>tes</span> <span class='ocrx_word' id='word_1_320' title='bbox 321 2650 527 2700; x_wconf 87' lang='lat' dir='ltr'>tamen</span> <span class='ocrx_word' id='word_1_321' title='bbox 567 2659 705 2700; x_wconf 92' lang='lat' dir='ltr'>suos</span> <span class='ocrx_word' id='word_1_322' title='bbox 728 2659 856 2699; x_wconf 90' lang='lat' dir='ltr'>cum</span> <span class='ocrx_word' id='word_1_323' title='bbox 891 2643 1019 2698; x_wconf 88' lang='lat' dir='ltr'>aliis</span> <span class='ocrx_word' id='word_1_324' title='bbox 1040 2643 1316 2711; x_wconf 77' lang='lat' dir='ltr'>gentibus</span> <span class='ocrx_word' id='word_1_325' title='bbox 1341 2647 1620 2696; x_wconf 77' lang='lat' dir='ltr'>venturos</span> <span class='ocrx_word' id='word_1_326' title='bbox 1643 2656 1790 2696; x_wconf 86' lang='lat' dir='ltr'>esse.</span> <span class='ocrx_word' id='word_1_327' title='bbox 1982 2643 2082 2697; x_wconf 88' lang='lat' dir='ltr'>Cui</span> <span class='ocrx_word' id='word_1_328' title='bbox 2103 2642 2196 2696; x_wconf 91' lang='lat' dir='ltr'>ille</span> <span class='ocrx_word' id='word_1_329' title='bbox 2221 2662 2232 2697; x_wconf 92' lang='lat'>:</span> <span class='ocrx_word' id='word_1_330' title='bbox 2254 2643 2954 2713; x_wconf 70' lang='lat' dir='ltr'>Apocrisiariussu-mi&#39;eg</span> <span class='ocrx_word' id='word_1_331' title='bbox 2967 2644 3018 2698; x_wconf 90' lang='lat' dir='ltr'>is</span> <span class='ocrx_word' id='word_1_332' title='bbox 3031 2644 3075 2697; x_wconf 84' lang='lat' dir='ltr'><strong><em>A</em></strong></span> <span class='ocrx_word' id='word_1_333' title='bbox 3088 2643 3621 2711; x_wconf 69' lang='lat' dir='ltr'>texandri,missus</span> 
     </span>
    </p>
   </div>
   <div class='ocr_carea' id='block_1_26' title="bbox 265 2728 3622 2801">
    <p class='ocr_par' dir='ltr' id='par_1_26' title="bbox 265 2728 3622 2801">
     <span class='ocr_line' id='line_1_26' title="bbox 265 2728 3622 2801; baseline 0 -15"><span class='ocrx_word' id='word_1_334' title='bbox 265 2734 458 2788; x_wconf 83' lang='lat' dir='ltr'>Mater</span> <span class='ocrx_word' id='word_1_335' title='bbox 494 2735 692 2788; x_wconf 87' lang='lat' dir='ltr'>autem</span> <span class='ocrx_word' id='word_1_336' title='bbox 723 2731 877 2785; x_wconf 87' lang='lat' dir='ltr'>Darii</span> <span class='ocrx_word' id='word_1_337' title='bbox 913 2747 1039 2785; x_wconf 91' lang='lat' dir='ltr'>cum</span> <span class='ocrx_word' id='word_1_338' title='bbox 1076 2730 1339 2784; x_wconf 89' lang='lat' dir='ltr'>audisset</span> <span class='ocrx_word' id='word_1_339' title='bbox 1373 2729 1525 2798; x_wconf 85' lang='lat' dir='ltr'>quod</span> <span class='ocrx_word' id='word_1_340' title='bbox 1553 2728 1650 2782; x_wconf 92' lang='lat' dir='ltr'>ille</span> <span class='ocrx_word' id='word_1_341' title='bbox 1682 2743 1742 2783; x_wconf 90' lang='lat' dir='ltr'>se</span> <span class='ocrx_word' id='word_1_342' title='bbox 1767 2728 1868 2782; x_wconf 89' lang='lat' dir='ltr'>itc-</span> <span class='ocrx_word' id='word_1_343' title='bbox 1978 2732 2270 2786; x_wconf 67' lang='lat' dir='ltr'>nuncia&#39;re</span> <span class='ocrx_word' id='word_1_344' title='bbox 2285 2731 3622 2801; x_wconf 60' lang='lat' dir='ltr'>tibiquiamoramfacitincampoenspectans</span> 
     </span>
    </p>
   </div>
   <div class='ocr_carea' id='block_1_27' title="bbox 194 2815 3618 2892">
    <p class='ocr_par' dir='ltr' id='par_1_27' title="bbox 194 2815 3618 2892">
     <span class='ocr_line' id='line_1_27' title="bbox 194 2815 3618 2892; baseline -0.001 -16"><span class='ocrx_word' id='word_1_345' title='bbox 194 2837 322 2878; x_wconf 90' lang='lat' dir='ltr'>rum</span> <span class='ocrx_word' id='word_1_346' title='bbox 361 2827 717 2892; x_wconf 86' lang='lat' dir='ltr'>prepararet</span> <span class='ocrx_word' id='word_1_347' title='bbox 779 2819 849 2874; x_wconf 90' lang='lat' dir='ltr'>ad</span> <span class='ocrx_word' id='word_1_348' title='bbox 886 2818 1266 2888; x_wconf 63' lang='lat' dir='ltr'>prteliandum</span> <span class='ocrx_word' id='word_1_349' title='bbox 1326 2833 1454 2872; x_wconf 91' lang='lat' dir='ltr'>cum</span> <span class='ocrx_word' id='word_1_350' title='bbox 1517 2815 1863 2872; x_wconf 61' lang='lat' dir='ltr'>Alexandro,</span> <span class='ocrx_word' id='word_1_351' title='bbox 1981 2820 2051 2873; x_wconf 86' lang='lat' dir='ltr'>te.</span> <span class='ocrx_word' id='word_1_352' title='bbox 2074 2819 3618 2890; x_wconf 69' lang='lat' dir='ltr'>Undc,sitibiq)iacet,constitue(liemqimliandi.Cui</span> 
     </span>
    </p>
   </div>
   <div class='ocr_carea' id='block_1_28' title="bbox 193 2905 3624 2979">
    <p class='ocr_par' dir='ltr' id='par_1_28' title="bbox 193 2905 3624 2979">
     <span class='ocr_line' id='line_1_28' title="bbox 193 2905 3624 2979; baseline -0.001 -14"><span class='ocrx_word' id='word_1_353' title='bbox 193 2909 415 2965; x_wconf 83' lang='lat' dir='ltr'>direxit</span> <span class='ocrx_word' id='word_1_354' title='bbox 455 2908 542 2963; x_wconf 86' lang='lat' dir='ltr'>illi</span> <span class='ocrx_word' id='word_1_355' title='bbox 578 2907 883 2979; x_wconf 88' lang='lat' dir='ltr'>epistolam</span> <span class='ocrx_word' id='word_1_356' title='bbox 914 2908 1060 2961; x_wconf 87' lang='lat' dir='ltr'>hanc</span> <span class='ocrx_word' id='word_1_357' title='bbox 1096 2926 1107 2960; x_wconf 92' lang='lat'>:</span> <span class='ocrx_word' id='word_1_358' title='bbox 1142 2907 1332 2961; x_wconf 76' lang='lat' dir='ltr'>Dario</span> <span class='ocrx_word' id='word_1_359' title='bbox 1371 2907 1501 2976; x_wconf 67' lang='lat' dir='ltr'>regi</span> <span class='ocrx_word' id='word_1_360' title='bbox 1542 2905 1736 2961; x_wconf 76' lang='lat' dir='ltr'>mater</span> <span class='ocrx_word' id='word_1_361' title='bbox 1757 2918 1868 2959; x_wconf 87' lang='lat' dir='ltr'>sua</span> <span class='ocrx_word' id='word_1_362' title='bbox 1979 2907 2215 2961; x_wconf 89' lang='lat' dir='ltr'>Darius:</span> <span class='ocrx_word' id='word_1_363' title='bbox 2262 2907 2546 2964; x_wconf 70' lang='lat' dir='ltr'>Forsitan</span> <span class='ocrx_word' id='word_1_364' title='bbox 2595 2910 2655 2963; x_wconf 85' lang='lat' dir='ltr'>tu</span> <span class='ocrx_word' id='word_1_365' title='bbox 2679 2923 2737 2964; x_wconf 87' lang='lat' dir='ltr'>es</span> <span class='ocrx_word' id='word_1_366' title='bbox 2757 2908 3116 2975; x_wconf 65' lang='lat' dir='ltr'>Alexander,</span> <span class='ocrx_word' id='word_1_367' title='bbox 3151 2910 3258 2977; x_wconf 87' lang='lat' dir='ltr'>qui</span> <span class='ocrx_word' id='word_1_368' title='bbox 3289 2921 3418 2963; x_wconf 85' lang='lat' dir='ltr'>cum</span> <span class='ocrx_word' id='word_1_369' title='bbox 3451 2907 3624 2963; x_wconf 83' lang='lat' dir='ltr'>tanta</span> 
     </span>
    </p>
   </div>
   <div class='ocr_carea' id='block_1_29' title="bbox 189 2992 3620 3068">
    <p class='ocr_par' dir='ltr' id='par_1_29' title="bbox 189 2992 3620 3068">
     <span class='ocr_line' id='line_1_29' title="bbox 189 2992 3620 3068; baseline -0.001 -14"><span class='ocrx_word' id='word_1_370' title='bbox 189 2998 496 3068; x_wconf 84' lang='lat' dir='ltr'>gaudium</span> <span class='ocrx_word' id='word_1_371' title='bbox 512 3041 522 3051; x_wconf 92' lang='lat'>.</span> <span class='ocrx_word' id='word_1_372' title='bbox 537 2996 820 3052; x_wconf 77' lang='lat' dir='ltr'>Audicim</span> <span class='ocrx_word' id='word_1_373' title='bbox 830 3009 896 3052; x_wconf 90' lang='lat' dir='ltr'>us</span> <span class='ocrx_word' id='word_1_374' title='bbox 919 2996 1067 3065; x_wconf 78' lang='lat' dir='ltr'>quia</span> <span class='ocrx_word' id='word_1_375' title='bbox 1081 3009 1405 3066; x_wconf 69' lang='lat' dir='ltr'>congregas</span> <span class='ocrx_word' id='word_1_376' title='bbox 1421 2995 1510 3050; x_wconf 80' lang='lat' dir='ltr'>aii</span> <span class='ocrx_word' id='word_1_377' title='bbox 1517 3008 1584 3049; x_wconf 90' lang='lat' dir='ltr'>as</span> <span class='ocrx_word' id='word_1_378' title='bbox 1591 2993 1800 3064; x_wconf 80' lang='lat' dir='ltr'>gentes</span> <span class='ocrx_word' id='word_1_379' title='bbox 1815 2992 1876 3046; x_wconf 88' lang='lat' dir='ltr'>et</span> <span class='ocrx_word' id='word_1_380' title='bbox 1982 2996 2244 3064; x_wconf 73' lang='lat' dir='ltr'>loqueris</span> <span class='ocrx_word' id='word_1_381' title='bbox 2262 2997 2557 3063; x_wconf 84' lang='lat' dir='ltr'>audacia;</span> <span class='ocrx_word' id='word_1_382' title='bbox 2572 3012 2689 3052; x_wconf 85' lang='lat' dir='ltr'>non</span> <span class='ocrx_word' id='word_1_383' title='bbox 2709 2999 2864 3051; x_wconf 87' lang='lat' dir='ltr'>enim</span> <span class='ocrx_word' id='word_1_384' title='bbox 2885 2998 3145 3065; x_wconf 68' lang='lat' dir='ltr'>loqueris</span> <span class='ocrx_word' id='word_1_385' title='bbox 3165 2997 3322 3052; x_wconf 83' lang='lat' dir='ltr'>sicut</span> <span class='ocrx_word' id='word_1_386' title='bbox 3341 2995 3620 3065; x_wconf 83' lang='lat' dir='ltr'>nuncius,</span> 
     </span>
    </p>
   </div>
   <div class='ocr_carea' id='block_1_30' title="bbox 186 3081 1866 3158">
    <p class='ocr_par' dir='ltr' id='par_1_30' title="bbox 186 3081 1866 3158">
     <span class='ocr_line' id='line_1_30' title="bbox 186 3081 1866 3158; baseline -0.004 -16"><span class='ocrx_word' id='word_1_387' title='bbox 186 3101 477 3158; x_wconf 76' lang='lat' dir='ltr'>pugnare</span> <span class='ocrx_word' id='word_1_388' title='bbox 490 3102 522 3141; x_wconf 76' lang='grc' dir='ltr'><em>τ</em></span> <span class='ocrx_word' id='word_1_389' title='bbox 533 3087 586 3142; x_wconf 88' lang='lat' dir='ltr'>is</span> <span class='ocrx_word' id='word_1_390' title='bbox 600 3099 729 3140; x_wconf 82' lang='lat' dir='ltr'>cum</span> <span class='ocrx_word' id='word_1_391' title='bbox 747 3084 1117 3140; x_wconf 73' lang='lat' dir='ltr'>Alexandro.</span> <span class='ocrx_word' id='word_1_392' title='bbox 1139 3085 1302 3148; x_wconf 77' lang='lat' dir='ltr'>Quod</span> <span class='ocrx_word' id='word_1_393' title='bbox 1312 3085 1367 3138; x_wconf 87' lang='lat' dir='ltr'>si</span> <span class='ocrx_word' id='word_1_394' title='bbox 1390 3084 1442 3139; x_wconf 78' lang='lat' dir='ltr'>to</span> <span class='ocrx_word' id='word_1_395' title='bbox 1450 3082 1570 3137; x_wconf 78' lang='lat' dir='ltr'>tum</span> <span class='ocrx_word' id='word_1_396' title='bbox 1583 3081 1866 3136; x_wconf 83' lang='lat' dir='ltr'>mundum</span> 
     </span>
    </p>
   </div>
   <div class='ocr_carea' id='block_1_31' title="bbox 197 3171 1865 3244">
    <p class='ocr_par' dir='ltr' id='par_1_31' title="bbox 197 3171 1865 3244">
     <span class='ocr_line' id='line_1_31' title="bbox 197 3171 1865 3244; baseline -0.004 -14"><span class='ocrx_word' id='word_1_397' title='bbox 197 3174 476 3230; x_wconf 68' lang='lat' dir='ltr'>adunare</span> <span class='ocrx_word' id='word_1_398' title='bbox 490 3174 784 3244; x_wconf 70' lang='lat' dir='ltr'>potueris,</span> <span class='ocrx_word' id='word_1_399' title='bbox 821 3173 971 3242; x_wconf 84' lang='lat' dir='ltr'>quid</span> <span class='ocrx_word' id='word_1_400' title='bbox 994 3173 1209 3227; x_wconf 60' lang='lat' dir='ltr'>estinde</span> <span class='ocrx_word' id='word_1_401' title='bbox 1237 3172 1691 3235; x_wconf 75' lang='lat' dir='ltr'>ereniatnescis,</span> <span class='ocrx_word' id='word_1_402' title='bbox 1717 3171 1865 3238; x_wconf 83' lang='lat' dir='ltr'>quia</span> 
     </span>
    </p>
   </div>
   <div class='ocr_carea' id='block_1_32' title="bbox 193 3259 1865 3319">
    <p class='ocr_par' dir='ltr' id='par_1_32' title="bbox 193 3259 1865 3319">
     <span class='ocr_line' id='line_1_32' title="bbox 193 3259 1865 3319; baseline -0.004 -1"><span class='ocrx_word' id='word_1_403' title='bbox 193 3263 468 3319; x_wconf 65' lang='lat' dir='ltr'>victoria</span> <span class='ocrx_word' id='word_1_404' title='bbox 483 3263 586 3318; x_wconf 81' lang='lat' dir='ltr'>illi</span> <span class='ocrx_word' id='word_1_405' title='bbox 622 3275 904 3317; x_wconf 67' lang='lat' dir='ltr'>concessa</span> <span class='ocrx_word' id='word_1_406' title='bbox 917 3261 1218 3316; x_wconf 69' lang='lat' dir='ltr'>suntDim</span> <span class='ocrx_word' id='word_1_407' title='bbox 1232 3261 1332 3314; x_wconf 77' lang='lat' dir='ltr'>itte</span> <span class='ocrx_word' id='word_1_408' title='bbox 1343 3274 1576 3315; x_wconf 70' lang='lat' dir='ltr'>sensum</span> <span class='ocrx_word' id='word_1_409' title='bbox 1591 3274 1625 3314; x_wconf 91' lang='lat' dir='ltr'>a</span> <span class='ocrx_word' id='word_1_410' title='bbox 1636 3259 1865 3314; x_wconf 77' lang='lat' dir='ltr'>ititudi-</span> 
     </span>
    </p>
   </div>
   <div class='ocr_carea' id='block_1_33' title="bbox 197 3330 1944 3421">
    <p class='ocr_par' dir='ltr' id='par_1_33' title="bbox 197 3330 1944 3421">
     <span class='ocr_line' id='line_1_33' title="bbox 197 3330 1944 3421; baseline -0.003 -15"><span class='ocrx_word' id='word_1_411' title='bbox 197 3351 294 3407; x_wconf 84' lang='lat' dir='ltr'>nis</span> <span class='ocrx_word' id='word_1_412' title='bbox 310 3352 447 3420; x_wconf 64' lang='lat' dir='ltr'>tua,</span> <span class='ocrx_word' id='word_1_413' title='bbox 458 3350 652 3407; x_wconf 64' lang='lat' dir='ltr'>etrecl</span> <span class='ocrx_word' id='word_1_414' title='bbox 656 3351 758 3406; x_wconf 86' lang='lat' dir='ltr'>ina</span> <span class='ocrx_word' id='word_1_415' title='bbox 765 3365 894 3421; x_wconf 62' lang='lat' dir='ltr'>ﬁdit</span> <span class='ocrx_word' id='word_1_416' title='bbox 903 3351 962 3404; x_wconf 87' lang='lat' dir='ltr'>lu</span> <span class='ocrx_word' id='word_1_417' title='bbox 971 3351 1086 3405; x_wconf 78' lang='lat' dir='ltr'>iam</span> <span class='ocrx_word' id='word_1_418' title='bbox 1099 3351 1256 3417; x_wconf 81' lang='lat' dir='ltr'>,etne</span> <span class='ocrx_word' id='word_1_419' title='bbox 1258 3364 1398 3420; x_wconf 67' lang='lat' dir='ltr'>pra:</span> <span class='ocrx_word' id='word_1_420' title='bbox 1409 3386 1433 3403; x_wconf 69' lang='grc' dir='ltr'>ι.</span> <span class='ocrx_word' id='word_1_421' title='bbox 1448 3363 1574 3404; x_wconf 87' lang='lat' dir='ltr'>mas</span> <span class='ocrx_word' id='word_1_422' title='bbox 1585 3363 1637 3402; x_wconf 90' lang='lat' dir='ltr'>m</span> <span class='ocrx_word' id='word_1_423' title='bbox 1650 3349 1857 3417; x_wconf 76' lang='lat' dir='ltr'>ultam,</span> <span class='ocrx_word' id='word_1_424' title='bbox 1895 3330 1944 3392; x_wconf 72' lang='grc' dir='ltr'>Ο</span> 
     </span>
    </p>
   </div>
   <div class='ocr_carea' id='block_1_34' title="bbox 198 3437 1864 3510">
    <p class='ocr_par' dir='ltr' id='par_1_34' title="bbox 198 3437 1864 3510">
     <span class='ocr_line' id='line_1_34' title="bbox 198 3437 1864 3510; baseline -0.001 -16"><span class='ocrx_word' id='word_1_425' title='bbox 198 3441 346 3510; x_wconf 88' lang='lat' dir='ltr'>quia</span> <span class='ocrx_word' id='word_1_426' title='bbox 359 3439 586 3510; x_wconf 72' lang='lat' dir='ltr'>perdes</span> <span class='ocrx_word' id='word_1_427' title='bbox 625 3439 838 3495; x_wconf 75' lang='lat' dir='ltr'>citam.</span> <span class='ocrx_word' id='word_1_428' title='bbox 890 3439 975 3493; x_wconf 87' lang='lat' dir='ltr'>De</span> <span class='ocrx_word' id='word_1_429' title='bbox 995 3439 1161 3494; x_wconf 74' lang='lat' dir='ltr'>nobis</span> <span class='ocrx_word' id='word_1_430' title='bbox 1185 3439 1381 3493; x_wconf 80' lang='lat' dir='ltr'>autem</span> <span class='ocrx_word' id='word_1_431' title='bbox 1409 3439 1588 3506; x_wconf 81' lang='lat' dir='ltr'>scias,</span> <span class='ocrx_word' id='word_1_432' title='bbox 1619 3437 1765 3506; x_wconf 79' lang='lat' dir='ltr'>quia</span> <span class='ocrx_word' id='word_1_433' title='bbox 1797 3439 1864 3492; x_wconf 86' lang='lat' dir='ltr'>in</span> 
     </span>
    </p>
   </div>
   <div class='ocr_carea' id='block_1_35' title="bbox 195 3527 1862 3598">
    <p class='ocr_par' dir='ltr' id='par_1_35' title="bbox 195 3527 1862 3598">
     <span class='ocr_line' id='line_1_35' title="bbox 195 3527 1862 3598; baseline -0.001 -16"><span class='ocrx_word' id='word_1_434' title='bbox 195 3529 466 3585; x_wconf 77' lang='lat' dir='ltr'>maxime</span> <span class='ocrx_word' id='word_1_435' title='bbox 481 3529 700 3584; x_wconf 77' lang='lat' dir='ltr'>lion-ore</span> <span class='ocrx_word' id='word_1_436' title='bbox 711 3543 840 3584; x_wconf 79' lang='lat' dir='ltr'>sum</span> <span class='ocrx_word' id='word_1_437' title='bbox 848 3542 914 3584; x_wconf 85' lang='lat' dir='ltr'>us</span> <span class='ocrx_word' id='word_1_438' title='bbox 927 3530 1086 3598; x_wconf 75' lang='lat' dir='ltr'>apud</span> <span class='ocrx_word' id='word_1_439' title='bbox 1100 3543 1246 3595; x_wconf 78' lang='lat' dir='ltr'>eum,</span> <span class='ocrx_word' id='word_1_440' title='bbox 1273 3527 1378 3583; x_wconf 87' lang='lat' dir='ltr'>sed</span> <span class='ocrx_word' id='word_1_441' title='bbox 1388 3529 1450 3583; x_wconf 87' lang='lat' dir='ltr'>in</span> <span class='ocrx_word' id='word_1_442' title='bbox 1458 3528 1625 3583; x_wconf 87' lang='lat' dir='ltr'>ducis</span> <span class='ocrx_word' id='word_1_443' title='bbox 1637 3527 1862 3581; x_wconf 77' lang='lat' dir='ltr'>malum.</span> 
     </span>
    </p>
   </div>
   <div class='ocr_carea' id='block_1_36' title="bbox 197 3615 1862 3689">
    <p class='ocr_par' dir='ltr' id='par_1_36' title="bbox 197 3615 1862 3689">
     <span class='ocr_line' id='line_1_36' title="bbox 197 3615 1862 3689; baseline -0.001 -17"><span class='ocrx_word' id='word_1_444' title='bbox 197 3631 520 3688; x_wconf 73' lang='lat' dir='ltr'>supernos,</span> <span class='ocrx_word' id='word_1_445' title='bbox 538 3616 597 3672; x_wconf 86' lang='lat' dir='ltr'>et</span> <span class='ocrx_word' id='word_1_446' title='bbox 599 3617 772 3689; x_wconf 81' lang='lat' dir='ltr'>facis</span> <span class='ocrx_word' id='word_1_447' title='bbox 795 3630 896 3672; x_wconf 82' lang='lat' dir='ltr'>nos</span> <span class='ocrx_word' id='word_1_448' title='bbox 909 3617 1182 3672; x_wconf 72' lang='lat' dir='ltr'>amittere</span> <span class='ocrx_word' id='word_1_449' title='bbox 1198 3616 1368 3687; x_wconf 79' lang='lat' dir='ltr'>grati</span> <span class='ocrx_word' id='word_1_450' title='bbox 1375 3631 1470 3670; x_wconf 80' lang='lat' dir='ltr'>am</span> <span class='ocrx_word' id='word_1_451' title='bbox 1485 3630 1664 3686; x_wconf 87' lang='lat' dir='ltr'>quam</span> <span class='ocrx_word' id='word_1_452' title='bbox 1690 3615 1862 3671; x_wconf 79' lang='lat' dir='ltr'>liabe—</span> 
     </span>
    </p>
   </div>
   <div class='ocr_carea' id='block_1_37' title="bbox 195 3705 1857 3776">
    <p class='ocr_par' dir='ltr' id='par_1_37' title="bbox 195 3705 1857 3776">
     <span class='ocr_line' id='line_1_37' title="bbox 195 3705 1857 3776; baseline 0 -17"><span class='ocrx_word' id='word_1_453' title='bbox 195 3719 354 3762; x_wconf 85' lang='lat' dir='ltr'>mus.</span> <span class='ocrx_word' id='word_1_454' title='bbox 383 3707 514 3762; x_wconf 77' lang='lat' dir='ltr'>Fili</span> <span class='ocrx_word' id='word_1_455' title='bbox 537 3707 639 3774; x_wconf 88' lang='lat' dir='ltr'>mi,</span> <span class='ocrx_word' id='word_1_456' title='bbox 665 3706 790 3761; x_wconf 81' lang='lat' dir='ltr'>noli</span> <span class='ocrx_word' id='word_1_457' title='bbox 795 3719 1129 3776; x_wconf 65' lang='lat' dir='ltr'>preparare</span> <span class='ocrx_word' id='word_1_458' title='bbox 1149 3705 1335 3760; x_wconf 73' lang='lat' dir='ltr'>matri</span> <span class='ocrx_word' id='word_1_459' title='bbox 1360 3705 1473 3759; x_wconf 72' lang='grc' dir='ltr'>ίῖιιε</span> <span class='ocrx_word' id='word_1_460' title='bbox 1492 3705 1857 3775; x_wconf 85' lang='lat' dir='ltr'>angustiam,</span> 
     </span>
    </p>
   </div>
   <div class='ocr_carea' id='block_1_38' title="bbox 198 3793 1860 3866">
    <p class='ocr_par' dir='ltr' id='par_1_38' title="bbox 198 3793 1860 3866">
     <span class='ocr_line' id='line_1_38' title="bbox 198 3793 1860 3866; baseline -0.001 -17"><span class='ocrx_word' id='word_1_461' title='bbox 198 3794 345 3864; x_wconf 79' lang='lat' dir='ltr'>quia</span> <span class='ocrx_word' id='word_1_462' title='bbox 355 3795 602 3866; x_wconf 68' lang='lat' dir='ltr'>ﬁducia</span> <span class='ocrx_word' id='word_1_463' title='bbox 620 3794 801 3849; x_wconf 74' lang='lat' dir='ltr'>mia/ii</span> <span class='ocrx_word' id='word_1_464' title='bbox 817 3796 920 3863; x_wconf 82' lang='lat' dir='ltr'>est,</span> <span class='ocrx_word' id='word_1_465' title='bbox 945 3795 999 3849; x_wconf 87' lang='lat' dir='ltr'>si</span> <span class='ocrx_word' id='word_1_466' title='bbox 1018 3793 1289 3861; x_wconf 55' lang='lat' dir='ltr'>colueris,</span> <span class='ocrx_word' id='word_1_467' title='bbox 1319 3794 1373 3848; x_wconf 84' lang='lat' dir='ltr'>te</span> <span class='ocrx_word' id='word_1_468' title='bbox 1393 3793 1457 3848; x_wconf 84' lang='lat' dir='ltr'>in</span> <span class='ocrx_word' id='word_1_469' title='bbox 1491 3793 1630 3848; x_wconf 82' lang='lat' dir='ltr'>bono</span> <span class='ocrx_word' id='word_1_470' title='bbox 1653 3795 1860 3849; x_wconf 75' lang='lat' dir='ltr'>ordine</span> 
     </span>
    </p>
   </div>
   <div class='ocr_carea' id='block_1_39' title="bbox 187 3882 1860 3953">
    <p class='ocr_par' dir='ltr' id='par_1_39' title="bbox 187 3882 1860 3953">
     <span class='ocr_line' id='line_1_39' title="bbox 187 3882 1860 3953; baseline -0.001 -16"><span class='ocrx_word' id='word_1_471' title='bbox 187 3882 482 3952; x_wconf 77' lang='lat' dir='ltr'>futurum</span> <span class='ocrx_word' id='word_1_472' title='bbox 516 3897 649 3938; x_wconf 83' lang='lat' dir='ltr'>cum</span> <span class='ocrx_word' id='word_1_473' title='bbox 676 3883 1033 3938; x_wconf 61' lang='lat' dir='ltr'>Alexandro.</span> <span class='ocrx_word' id='word_1_474' title='bbox 1077 3883 1341 3938; x_wconf 84' lang='lat' dir='ltr'>Perlecta</span> <span class='ocrx_word' id='word_1_475' title='bbox 1371 3882 1578 3937; x_wconf 81' lang='lat' dir='ltr'>Darius</span> <span class='ocrx_word' id='word_1_476' title='bbox 1606 3884 1708 3938; x_wconf 85' lang='lat' dir='ltr'>hac</span> <span class='ocrx_word' id='word_1_477' title='bbox 1742 3884 1860 3953; x_wconf 86' lang='lat' dir='ltr'>epi-</span> 
     </span>
    </p>
   </div>
   <div class='ocr_carea' id='block_1_40' title="bbox 196 3971 1291 4039">
    <p class='ocr_par' dir='ltr' id='par_1_40' title="bbox 196 3971 1291 4039">
     <span class='ocr_line' id='line_1_40' title="bbox 196 3971 1291 4039; baseline 0.002 -15"><span class='ocrx_word' id='word_1_478' title='bbox 196 3971 344 4026; x_wconf 90' lang='lat' dir='ltr'>stola</span> <span class='ocrx_word' id='word_1_479' title='bbox 370 3973 650 4028; x_wconf 87' lang='lat' dir='ltr'>turbatus</span> <span class='ocrx_word' id='word_1_480' title='bbox 683 3977 770 4026; x_wconf 92' lang='lat' dir='ltr'>est</span> <span class='ocrx_word' id='word_1_481' title='bbox 794 3971 979 4039; x_wconf 88' lang='lat' dir='ltr'>valde,</span> <span class='ocrx_word' id='word_1_482' title='bbox 1020 3976 1077 4025; x_wconf 89' lang='lat' dir='ltr'>et</span> <span class='ocrx_word' id='word_1_483' title='bbox 1114 3971 1291 4026; x_wconf 86' lang='lat' dir='ltr'>ﬂevit.</span> 
     </span>
    </p>
   </div>
   <div class='ocr_carea' id='block_1_41' title="bbox 264 4059 1860 4127">
    <p class='ocr_par' dir='ltr' id='par_1_41' title="bbox 264 4059 1860 4127">
     <span class='ocr_line' id='line_1_41' title="bbox 264 4059 1860 4127; baseline 0 -13"><span class='ocrx_word' id='word_1_484' title='bbox 264 4061 423 4115; x_wconf 87' lang='lat' dir='ltr'>Inter</span> <span class='ocrx_word' id='word_1_485' title='bbox 448 4061 574 4116; x_wconf 70' lang='lat' dir='ltr'>haec</span> <span class='ocrx_word' id='word_1_486' title='bbox 594 4059 918 4115; x_wconf 83' lang='lat' dir='ltr'>Alexander</span> <span class='ocrx_word' id='word_1_487' title='bbox 937 4060 1449 4115; x_wconf 88' lang='lat' dir='ltr'>movitexercitum</span> <span class='ocrx_word' id='word_1_488' title='bbox 1468 4076 1654 4127; x_wconf 91' lang='lat' dir='ltr'>suum,</span> <span class='ocrx_word' id='word_1_489' title='bbox 1675 4064 1730 4115; x_wconf 93' lang='lat' dir='ltr'>et</span> <span class='ocrx_word' id='word_1_490' title='bbox 1753 4075 1860 4114; x_wconf 79' lang='lat' dir='ltr'>eoe-</span> 
     </span>
    </p>
   </div>
   <div class='ocr_carea' id='block_1_42' title="bbox 197 4146 1858 4219">
    <p class='ocr_par' dir='ltr' id='par_1_42' title="bbox 197 4146 1858 4219">
     <span class='ocr_line' id='line_1_42' title="bbox 197 4146 1858 4219; baseline 0.002 -19"><span class='ocrx_word' id='word_1_491' title='bbox 197 4146 531 4217; x_wconf 87' lang='lat' dir='ltr'>pitingrcdi</span> <span class='ocrx_word' id='word_1_492' title='bbox 557 4152 774 4204; x_wconf 87' lang='lat' dir='ltr'>terram</span> <span class='ocrx_word' id='word_1_493' title='bbox 811 4147 986 4218; x_wconf 90' lang='lat' dir='ltr'>Darii,</span> <span class='ocrx_word' id='word_1_494' title='bbox 1013 4154 1072 4202; x_wconf 90' lang='lat' dir='ltr'>et</span> <span class='ocrx_word' id='word_1_495' title='bbox 1099 4150 1576 4219; x_wconf 81' lang='lat' dir='ltr'>apprOpinquans</span> <span class='ocrx_word' id='word_1_496' title='bbox 1597 4149 1668 4217; x_wconf 85' lang='lat' dir='ltr'>ei,</span> <span class='ocrx_word' id='word_1_497' title='bbox 1699 4151 1858 4205; x_wconf 85' lang='lat' dir='ltr'>itaut</span> 
     </span>
    </p>
   </div>
   <div class='ocr_carea' id='block_1_43' title="bbox 202 4237 1859 4294">
    <p class='ocr_par' dir='ltr' id='par_1_43' title="bbox 202 4237 1859 4294">
     <span class='ocr_line' id='line_1_43' title="bbox 202 4237 1859 4294; baseline 0.001 -4"><span class='ocrx_word' id='word_1_498' title='bbox 202 4237 550 4294; x_wconf 88' lang='lat' dir='ltr'>Macedones</span> <span class='ocrx_word' id='word_1_499' title='bbox 567 4237 833 4294; x_wconf 89' lang='lat' dir='ltr'>viderent</span> <span class='ocrx_word' id='word_1_500' title='bbox 859 4254 920 4294; x_wconf 89' lang='lat' dir='ltr'>su</span> <span class='ocrx_word' id='word_1_501' title='bbox 934 4237 1339 4292; x_wconf 86' lang='lat' dir='ltr'>blimissimum</span> <span class='ocrx_word' id='word_1_502' title='bbox 1364 4237 1634 4293; x_wconf 75' lang='lat' dir='ltr'>lrcumex</span> <span class='ocrx_word' id='word_1_503' title='bbox 1655 4238 1859 4293; x_wconf 86' lang='lat' dir='ltr'>civita-</span> 
     </span>
    </p>
   </div>
   <div class='ocr_carea' id='block_1_44' title="bbox 201 4327 1856 4397">
    <p class='ocr_par' dir='ltr' id='par_1_44' title="bbox 201 4327 1856 4397">
     <span class='ocr_line' id='line_1_44' title="bbox 201 4327 1856 4397; baseline 0.003 -19"><span class='ocrx_word' id='word_1_504' title='bbox 201 4327 637 4397; x_wconf 88' lang='lat' dir='ltr'>teDarii,jussit</span> <span class='ocrx_word' id='word_1_505' title='bbox 685 4327 900 4382; x_wconf 84' lang='lat' dir='ltr'>milites</span> <span class='ocrx_word' id='word_1_506' title='bbox 916 4343 1050 4382; x_wconf 89' lang='lat' dir='ltr'>suos</span> <span class='ocrx_word' id='word_1_507' title='bbox 1080 4327 1332 4381; x_wconf 88' lang='lat' dir='ltr'>evellere</span> <span class='ocrx_word' id='word_1_508' title='bbox 1349 4327 1559 4382; x_wconf 79' lang='lat' dir='ltr'>herbas</span> <span class='ocrx_word' id='word_1_509' title='bbox 1583 4332 1638 4381; x_wconf 91' lang='lat' dir='ltr'>et</span> <span class='ocrx_word' id='word_1_510' title='bbox 1668 4343 1856 4383; x_wconf 91' lang='lat' dir='ltr'>ramos</span> 
     </span>
    </p>
   </div>
   <div class='ocr_carea' id='block_1_45' title="bbox 201 4415 1854 4486">
    <p class='ocr_par' dir='ltr' id='par_1_45' title="bbox 201 4415 1854 4486">
     <span class='ocr_line' id='line_1_45' title="bbox 201 4415 1854 4486; baseline 0.002 -19"><span class='ocrx_word' id='word_1_511' title='bbox 201 4415 474 4472; x_wconf 87' lang='lat' dir='ltr'>arborum</span> <span class='ocrx_word' id='word_1_512' title='bbox 491 4415 747 4485; x_wconf 87' lang='lat' dir='ltr'>etligare</span> <span class='ocrx_word' id='word_1_513' title='bbox 766 4416 818 4469; x_wconf 91' lang='lat' dir='ltr'>in</span> <span class='ocrx_word' id='word_1_514' title='bbox 838 4415 1087 4486; x_wconf 87' lang='lat' dir='ltr'>pedibus</span> <span class='ocrx_word' id='word_1_515' title='bbox 1109 4431 1389 4485; x_wconf 87' lang='lat' dir='ltr'>equorum</span> <span class='ocrx_word' id='word_1_516' title='bbox 1408 4415 1854 4472; x_wconf 84' lang='lat' dir='ltr'>adoxcitandum</span> 
     </span>
    </p>
   </div>
   <div class='ocr_carea' id='block_1_46' title="bbox 202 4501 1858 4575">
    <p class='ocr_par' dir='ltr' id='par_1_46' title="bbox 202 4501 1858 4575">
     <span class='ocr_line' id='line_1_46' title="bbox 202 4501 1858 4575; baseline 0.002 -18"><span class='ocrx_word' id='word_1_517' title='bbox 202 4501 612 4575; x_wconf 87' lang='lat' dir='ltr'>pulverem,ita</span> <span class='ocrx_word' id='word_1_518' title='bbox 631 4510 694 4560; x_wconf 91' lang='lat' dir='ltr'>ut</span> <span class='ocrx_word' id='word_1_519' title='bbox 710 4504 977 4559; x_wconf 90' lang='lat' dir='ltr'>viderent</span> <span class='ocrx_word' id='word_1_520' title='bbox 994 4507 1258 4560; x_wconf 74' lang='lat' dir='ltr'>Perszcct</span> <span class='ocrx_word' id='word_1_521' title='bbox 1280 4505 1651 4560; x_wconf 88' lang='lat' dir='ltr'>mirarentur.</span> <span class='ocrx_word' id='word_1_522' title='bbox 1673 4505 1858 4560; x_wconf 88' lang='lat' dir='ltr'>Dista-</span> 
     </span>
    </p>
   </div>
   <div class='ocr_carea' id='block_1_47' title="bbox 201 4587 1854 4662">
    <p class='ocr_par' dir='ltr' id='par_1_47' title="bbox 201 4587 1854 4662">
     <span class='ocr_line' id='line_1_47' title="bbox 201 4587 1854 4662; baseline 0.003 -19"><span class='ocrx_word' id='word_1_523' title='bbox 201 4587 338 4644; x_wconf 85' lang='lat' dir='ltr'>hant</span> <span class='ocrx_word' id='word_1_524' title='bbox 373 4593 527 4647; x_wconf 88' lang='lat' dir='ltr'>enim</span> <span class='ocrx_word' id='word_1_525' title='bbox 563 4607 592 4647; x_wconf 85' lang='lat' dir='ltr'>a</span> <span class='ocrx_word' id='word_1_526' title='bbox 625 4592 864 4648; x_wconf 84' lang='lat' dir='ltr'>civitate</span> <span class='ocrx_word' id='word_1_527' title='bbox 898 4592 1106 4647; x_wconf 88' lang='lat' dir='ltr'>itinere</span> <span class='ocrx_word' id='word_1_528' title='bbox 1138 4593 1357 4648; x_wconf 89' lang='lat' dir='ltr'>dierum</span> <span class='ocrx_word' id='word_1_529' title='bbox 1397 4593 1676 4662; x_wconf 86' lang='lat' dir='ltr'>quinque.</span> <span class='ocrx_word' id='word_1_530' title='bbox 1717 4594 1854 4648; x_wconf 89' lang='lat' dir='ltr'>Cum</span> 
     </span>
    </p>
   </div>
   <div class='ocr_carea' id='block_1_48' title="bbox 1976 3085 3622 3156">
    <p class='ocr_par' dir='ltr' id='par_1_48' title="bbox 1976 3085 3622 3156">
     <span class='ocr_line' id='line_1_48' title="bbox 1976 3085 3622 3156; baseline 0.001 -17"><span class='ocrx_word' id='word_1_531' title='bbox 1976 3085 2081 3139; x_wconf 88' lang='lat' dir='ltr'>sed</span> <span class='ocrx_word' id='word_1_532' title='bbox 2092 3087 2144 3140; x_wconf 89' lang='lat' dir='ltr'>si</span> <span class='ocrx_word' id='word_1_533' title='bbox 2150 3099 2218 3139; x_wconf 80' lang='lat' dir='ltr'>cn</span> <span class='ocrx_word' id='word_1_534' title='bbox 2228 3086 2249 3138; x_wconf 86' lang='grc' dir='ltr'><em>ί</em></span> <span class='ocrx_word' id='word_1_535' title='bbox 2260 3087 2279 3139; x_wconf 79' lang='grc' dir='ltr'><em>ἰ</em></span> <span class='ocrx_word' id='word_1_536' title='bbox 2274 3099 2382 3154; x_wconf 70' lang='lat' dir='ltr'>pse</span> <span class='ocrx_word' id='word_1_537' title='bbox 2395 3086 2438 3139; x_wconf 79' lang='grc' dir='ltr'><strong><em>Α</em></strong></span> <span class='ocrx_word' id='word_1_538' title='bbox 2451 3086 2754 3140; x_wconf 66' lang='lat' dir='ltr'>lexander.</span> <span class='ocrx_word' id='word_1_539' title='bbox 2772 3086 2951 3141; x_wconf 77' lang='lat' dir='ltr'>Scias</span> <span class='ocrx_word' id='word_1_540' title='bbox 2967 3086 3159 3140; x_wconf 81' lang='lat' dir='ltr'>tamen</span> <span class='ocrx_word' id='word_1_541' title='bbox 3159 3099 3274 3156; x_wconf 67' lang='lat' dir='ltr'>pro</span> <span class='ocrx_word' id='word_1_542' title='bbox 3288 3099 3381 3141; x_wconf 71' lang='lat' dir='ltr'>cer</span> <span class='ocrx_word' id='word_1_543' title='bbox 3389 3085 3456 3153; x_wconf 88' lang='lat' dir='ltr'>to,</span> <span class='ocrx_word' id='word_1_544' title='bbox 3474 3086 3622 3156; x_wconf 87' lang='lat' dir='ltr'>quia</span> 
     </span>
    </p>
   </div>
   <div class='ocr_carea' id='block_1_49' title="bbox 1977 3175 3622 3231">
    <p class='ocr_par' dir='ltr' id='par_1_49' title="bbox 1977 3175 3622 3231">
     <span class='ocr_line' id='line_1_49' title="bbox 1977 3175 3622 3231; baseline 0.001 -2"><span class='ocrx_word' id='word_1_545' title='bbox 1977 3176 2237 3230; x_wconf 82' lang='lat' dir='ltr'>audacia</span> <span class='ocrx_word' id='word_1_546' title='bbox 2254 3177 2356 3229; x_wconf 85' lang='lat' dir='ltr'>tua</span> <span class='ocrx_word' id='word_1_547' title='bbox 2374 3175 2536 3230; x_wconf 78' lang='lat' dir='ltr'>nullo</span> <span class='ocrx_word' id='word_1_548' title='bbox 2549 3177 2714 3230; x_wconf 85' lang='lat' dir='ltr'>modo</span> <span class='ocrx_word' id='word_1_549' title='bbox 2728 3176 3046 3231; x_wconf 75' lang='lat' dir='ltr'>conturbat</span> <span class='ocrx_word' id='word_1_550' title='bbox 3067 3190 3173 3230; x_wconf 78' lang='lat' dir='ltr'>me.</span> <span class='ocrx_word' id='word_1_551' title='bbox 3190 3177 3316 3231; x_wconf 79' lang='lat' dir='ltr'>Sed</span> <span class='ocrx_word' id='word_1_552' title='bbox 3324 3177 3622 3231; x_wconf 87' lang='lat' dir='ltr'>manduca</span> 
     </span>
    </p>
   </div>
   <div class='ocr_carea' id='block_1_50' title="bbox 1977 3265 3621 3334">
    <p class='ocr_par' dir='ltr' id='par_1_50' title="bbox 1977 3265 3621 3334">
     <span class='ocr_line' id='line_1_50' title="bbox 1977 3265 3621 3334; baseline 0.001 -16"><span class='ocrx_word' id='word_1_553' title='bbox 1977 3265 2010 3318; x_wconf 77' lang='lat' dir='ltr'>li</span> <span class='ocrx_word' id='word_1_554' title='bbox 2020 3266 2093 3318; x_wconf 70' lang='lat' dir='ltr'>od</span> <span class='ocrx_word' id='word_1_555' title='bbox 2097 3267 2149 3320; x_wconf 88' lang='lat' dir='ltr'>ie</span> <span class='ocrx_word' id='word_1_556' title='bbox 2161 3281 2213 3319; x_wconf 89' lang='lat' dir='ltr'>m</span> <span class='ocrx_word' id='word_1_557' title='bbox 2221 3279 2398 3333; x_wconf 80' lang='lat' dir='ltr'>ecum,</span> <span class='ocrx_word' id='word_1_558' title='bbox 2418 3267 2565 3334; x_wconf 87' lang='lat' dir='ltr'>quia</span> <span class='ocrx_word' id='word_1_559' title='bbox 2579 3267 2637 3320; x_wconf 88' lang='lat' dir='ltr'>et</span> <span class='ocrx_word' id='word_1_560' title='bbox 2647 3267 2689 3320; x_wconf 77' lang='grc' dir='ltr'><strong><em>Α</em></strong></span> <span class='ocrx_word' id='word_1_561' title='bbox 2702 3266 2986 3321; x_wconf 52' lang='lat' dir='ltr'>[mandem</span> <span class='ocrx_word' id='word_1_562' title='bbox 2998 3266 3246 3321; x_wconf 84' lang='lat' dir='ltr'>seditad</span> <span class='ocrx_word' id='word_1_563' title='bbox 3256 3280 3477 3321; x_wconf 80' lang='lat' dir='ltr'>comam</span> <span class='ocrx_word' id='word_1_564' title='bbox 3491 3278 3621 3321; x_wconf 84' lang='lat' dir='ltr'>cum</span> 
     </span>
    </p>
   </div>
   <div class='ocr_carea' id='block_1_51' title="bbox 1973 3354 3617 3424">
    <p class='ocr_par' dir='ltr' id='par_1_51' title="bbox 1973 3354 3617 3424">
     <span class='ocr_line' id='line_1_51' title="bbox 1973 3354 3617 3424; baseline 0 -16"><span class='ocrx_word' id='word_1_565' title='bbox 1973 3356 2176 3410; x_wconf 86' lang='lat' dir='ltr'>missis</span> <span class='ocrx_word' id='word_1_566' title='bbox 2197 3357 2360 3410; x_wconf 64' lang='lat' dir='ltr'>meis.</span> <span class='ocrx_word' id='word_1_567' title='bbox 2381 3357 2444 3408; x_wconf 82' lang='lat' dir='ltr'>Et</span> <span class='ocrx_word' id='word_1_568' title='bbox 2466 3356 2790 3409; x_wconf 86' lang='lat' dir='ltr'>extendens</span> <span class='ocrx_word' id='word_1_569' title='bbox 2814 3370 3060 3422; x_wconf 90' lang='lat' dir='ltr'>manum,</span> <span class='ocrx_word' id='word_1_570' title='bbox 3081 3354 3464 3424; x_wconf 87' lang='lat' dir='ltr'>apprehendit</span> <span class='ocrx_word' id='word_1_571' title='bbox 3487 3368 3617 3408; x_wconf 90' lang='lat' dir='ltr'>eum</span> 
     </span>
    </p>
   </div>
   <div class='ocr_carea' id='block_1_52' title="bbox 1976 3441 3620 3512">
    <p class='ocr_par' dir='ltr' id='par_1_52' title="bbox 1976 3441 3620 3512">
     <span class='ocr_line' id='line_1_52' title="bbox 1976 3441 3620 3512; baseline 0 -16"><span class='ocrx_word' id='word_1_572' title='bbox 1976 3443 2412 3512; x_wconf 83' lang='lat' dir='ltr'>perdexteram,</span> <span class='ocrx_word' id='word_1_573' title='bbox 2432 3444 2872 3512; x_wconf 87' lang='lat' dir='ltr'>introduxitque</span> <span class='ocrx_word' id='word_1_574' title='bbox 2915 3443 2966 3496; x_wconf 91' lang='lat' dir='ltr'>in</span> <span class='ocrx_word' id='word_1_575' title='bbox 2986 3443 3466 3512; x_wconf 88' lang='lat' dir='ltr'>palatiumsuum.</span> <span class='ocrx_word' id='word_1_576' title='bbox 3491 3441 3620 3496; x_wconf 85' lang='lat' dir='ltr'>Ale-</span> 
     </span>
    </p>
   </div>
   <div class='ocr_carea' id='block_1_53' title="bbox 1973 3529 3619 3603">
    <p class='ocr_par' dir='ltr' id='par_1_53' title="bbox 1973 3529 3619 3603">
     <span class='ocr_line' id='line_1_53' title="bbox 1973 3529 3619 3603; baseline 0.001 -19"><span class='ocrx_word' id='word_1_577' title='bbox 1973 3532 2193 3586; x_wconf 88' lang='lat' dir='ltr'>xander</span> <span class='ocrx_word' id='word_1_578' title='bbox 2223 3547 2360 3586; x_wconf 83' lang='lat' dir='ltr'>vero</span> <span class='ocrx_word' id='word_1_579' title='bbox 2399 3548 2499 3603; x_wconf 88' lang='lat' dir='ltr'>pro</span> <span class='ocrx_word' id='word_1_580' title='bbox 2534 3533 2696 3600; x_wconf 88' lang='lat' dir='ltr'>signo</span> <span class='ocrx_word' id='word_1_581' title='bbox 2721 3532 2905 3587; x_wconf 85' lang='lat' dir='ltr'>tenuit</span> <span class='ocrx_word' id='word_1_582' title='bbox 2929 3532 2981 3585; x_wconf 91' lang='lat' dir='ltr'>in</span> <span class='ocrx_word' id='word_1_583' title='bbox 3009 3532 3184 3586; x_wconf 88' lang='lat' dir='ltr'>corde</span> <span class='ocrx_word' id='word_1_584' title='bbox 3210 3547 3311 3586; x_wconf 89' lang='lat' dir='ltr'>suo</span> <span class='ocrx_word' id='word_1_585' title='bbox 3333 3532 3439 3586; x_wconf 87' lang='lat' dir='ltr'>hoc</span> <span class='ocrx_word' id='word_1_586' title='bbox 3463 3529 3619 3598; x_wconf 89' lang='lat' dir='ltr'>quod</span> 
     </span>
    </p>
   </div>
   <div class='ocr_carea' id='block_1_54' title="bbox 1973 3620 3622 3692">
    <p class='ocr_par' dir='ltr' id='par_1_54' title="bbox 1973 3620 3622 3692">
     <span class='ocr_line' id='line_1_54' title="bbox 1973 3620 3622 3692; baseline 0 -18"><span class='ocrx_word' id='word_1_587' title='bbox 1973 3621 2195 3677; x_wconf 82' lang='lat' dir='ltr'>induxit</span> <span class='ocrx_word' id='word_1_588' title='bbox 2232 3637 2360 3677; x_wconf 89' lang='lat' dir='ltr'>eum</span> <span class='ocrx_word' id='word_1_589' title='bbox 2387 3637 2489 3692; x_wconf 89' lang='lat' dir='ltr'>per</span> <span class='ocrx_word' id='word_1_590' title='bbox 2514 3622 2833 3690; x_wconf 86' lang='lat' dir='ltr'>dexteram,</span> <span class='ocrx_word' id='word_1_591' title='bbox 2890 3622 3054 3692; x_wconf 86' lang='lat' dir='ltr'>quasi</span> <span class='ocrx_word' id='word_1_592' title='bbox 3075 3621 3188 3689; x_wconf 90' lang='lat' dir='ltr'>jam</span> <span class='ocrx_word' id='word_1_593' title='bbox 3219 3626 3444 3676; x_wconf 88' lang='lat' dir='ltr'>teneret</span> <span class='ocrx_word' id='word_1_594' title='bbox 3467 3620 3622 3691; x_wconf 89' lang='lat' dir='ltr'>pala-</span> 
     </span>
    </p>
   </div>
   <div class='ocr_carea' id='block_1_55' title="bbox 1972 3710 3619 3780">
    <p class='ocr_par' dir='ltr' id='par_1_55' title="bbox 1972 3710 3619 3780">
     <span class='ocr_line' id='line_1_55' title="bbox 1972 3710 3619 3780; baseline 0.001 -17"><span class='ocrx_word' id='word_1_595' title='bbox 1972 3712 2116 3765; x_wconf 86' lang='lat' dir='ltr'>tium</span> <span class='ocrx_word' id='word_1_596' title='bbox 2152 3710 2364 3765; x_wconf 90' lang='lat' dir='ltr'>inimici</span> <span class='ocrx_word' id='word_1_597' title='bbox 2423 3711 2531 3780; x_wconf 91' lang='lat' dir='ltr'>sui,</span> <span class='ocrx_word' id='word_1_598' title='bbox 2597 3712 3010 3780; x_wconf 85' lang='lat' dir='ltr'>ingressusque</span> <span class='ocrx_word' id='word_1_599' title='bbox 3044 3710 3383 3778; x_wconf 90' lang='lat' dir='ltr'>triclinium,</span> <span class='ocrx_word' id='word_1_600' title='bbox 3419 3710 3473 3763; x_wconf 89' lang='lat' dir='ltr'>in</span> <span class='ocrx_word' id='word_1_601' title='bbox 3506 3723 3619 3779; x_wconf 93' lang='lat' dir='ltr'>quo</span> 
     </span>
    </p>
   </div>
   <div class='ocr_carea' id='block_1_56' title="bbox 1971 3798 3620 3870">
    <p class='ocr_par' dir='ltr' id='par_1_56' title="bbox 1971 3798 3620 3870">
     <span class='ocr_line' id='line_1_56' title="bbox 1971 3798 3620 3870; baseline -0.001 -16"><span class='ocrx_word' id='word_1_602' title='bbox 1971 3805 2096 3854; x_wconf 87' lang='lat' dir='ltr'>erat</span> <span class='ocrx_word' id='word_1_603' title='bbox 2124 3801 2450 3855; x_wconf 87' lang='lat' dir='ltr'>convivium</span> <span class='ocrx_word' id='word_1_604' title='bbox 2481 3804 2890 3870; x_wconf 49' lang='lat' dir='ltr'>praeparatum,</span> <span class='ocrx_word' id='word_1_605' title='bbox 2920 3800 3072 3855; x_wconf 86' lang='lat' dir='ltr'>sedit</span> <span class='ocrx_word' id='word_1_606' title='bbox 3095 3814 3223 3854; x_wconf 90' lang='lat' dir='ltr'>cum</span> <span class='ocrx_word' id='word_1_607' title='bbox 3262 3813 3415 3868; x_wconf 80' lang='lat' dir='ltr'>rege,</span> <span class='ocrx_word' id='word_1_608' title='bbox 3452 3798 3620 3853; x_wconf 87' lang='lat' dir='ltr'>sede-</span> 
     </span>
    </p>
   </div>
   <div class='ocr_carea' id='block_1_57' title="bbox 1973 3888 3618 3958">
    <p class='ocr_par' dir='ltr' id='par_1_57' title="bbox 1973 3888 3618 3958">
     <span class='ocr_line' id='line_1_57' title="bbox 1973 3888 3618 3958; baseline 0 -16"><span class='ocrx_word' id='word_1_609' title='bbox 1973 3893 2103 3944; x_wconf 90' lang='lat' dir='ltr'>runt</span> <span class='ocrx_word' id='word_1_610' title='bbox 2131 3894 2187 3942; x_wconf 84' lang='lat' dir='ltr'>et</span> <span class='ocrx_word' id='word_1_611' title='bbox 2215 3889 2508 3958; x_wconf 85' lang='lat' dir='ltr'>principes</span> <span class='ocrx_word' id='word_1_612' title='bbox 2535 3889 2685 3943; x_wconf 87' lang='lat' dir='ltr'>Darii</span> <span class='ocrx_word' id='word_1_613' title='bbox 2715 3890 2858 3944; x_wconf 89' lang='lat' dir='ltr'>facie</span> <span class='ocrx_word' id='word_1_614' title='bbox 2879 3889 2948 3944; x_wconf 89' lang='lat' dir='ltr'>ad</span> <span class='ocrx_word' id='word_1_615' title='bbox 2969 3889 3189 3944; x_wconf 87' lang='lat' dir='ltr'>faciem.</span> <span class='ocrx_word' id='word_1_616' title='bbox 3214 3888 3618 3956; x_wconf 63' lang='lat' dir='ltr'>Persaeitaque</span> 
     </span>
    </p>
   </div>
   <div class='ocr_carea' id='block_1_58' title="bbox 1973 3975 3616 4048">
    <p class='ocr_par' dir='ltr' id='par_1_58' title="bbox 1973 3975 3616 4048">
     <span class='ocr_line' id='line_1_58' title="bbox 1973 3975 3616 4048; baseline -0.001 -17"><span class='ocrx_word' id='word_1_617' title='bbox 1973 3977 2247 4031; x_wconf 84' lang='lat' dir='ltr'>sedentes</span> <span class='ocrx_word' id='word_1_618' title='bbox 2273 3978 2324 4031; x_wconf 91' lang='lat' dir='ltr'>in</span> <span class='ocrx_word' id='word_1_619' title='bbox 2350 3978 2615 4032; x_wconf 87' lang='lat' dir='ltr'>convivio</span> <span class='ocrx_word' id='word_1_620' title='bbox 2633 3979 3023 4048; x_wconf 84' lang='lat' dir='ltr'>despexerunt</span> <span class='ocrx_word' id='word_1_621' title='bbox 3042 3978 3262 4033; x_wconf 89' lang='lat' dir='ltr'>vultum</span> <span class='ocrx_word' id='word_1_622' title='bbox 3283 3975 3616 4048; x_wconf 77' lang='lat' dir='ltr'>Alexandri,</span> 
     </span>
    </p>
   </div>
   <div class='ocr_carea' id='block_1_59' title="bbox 1970 4064 3621 4134">
    <p class='ocr_par' dir='ltr' id='par_1_59' title="bbox 1970 4064 3621 4134">
     <span class='ocr_line' id='line_1_59' title="bbox 1970 4064 3621 4134; baseline 0 -16"><span class='ocrx_word' id='word_1_623' title='bbox 1970 4080 2039 4118; x_wconf 89' lang='lat' dir='ltr'>eo</span> <span class='ocrx_word' id='word_1_624' title='bbox 2075 4065 2225 4133; x_wconf 91' lang='lat' dir='ltr'>quod</span> <span class='ocrx_word' id='word_1_625' title='bbox 2273 4070 2430 4119; x_wconf 86' lang='lat' dir='ltr'>esset</span> <span class='ocrx_word' id='word_1_626' title='bbox 2481 4079 2717 4134; x_wconf 85' lang='lat' dir='ltr'>parvus,</span> <span class='ocrx_word' id='word_1_627' title='bbox 2752 4066 3085 4120; x_wconf 85' lang='lat' dir='ltr'>nescientes</span> <span class='ocrx_word' id='word_1_628' title='bbox 3118 4064 3306 4133; x_wconf 89' lang='lat' dir='ltr'>qualis</span> <span class='ocrx_word' id='word_1_629' title='bbox 3342 4064 3528 4120; x_wconf 87' lang='lat' dir='ltr'>virtus</span> <span class='ocrx_word' id='word_1_630' title='bbox 3561 4070 3621 4119; x_wconf 88' lang='lat' dir='ltr'>et</span> 
     </span>
    </p>
   </div>
   <div class='ocr_carea' id='block_1_60' title="bbox 1973 4151 3618 4222">
    <p class='ocr_par' dir='ltr' id='par_1_60' title="bbox 1973 4151 3618 4222">
     <span class='ocr_line' id='line_1_60' title="bbox 1973 4151 3618 4222; baseline 0.001 -14"><span class='ocrx_word' id='word_1_631' title='bbox 1973 4151 2161 4222; x_wconf 88' lang='lat' dir='ltr'>qualis</span> <span class='ocrx_word' id='word_1_632' title='bbox 2188 4153 2426 4208; x_wconf 77' lang='lat' dir='ltr'>audacm</span> <span class='ocrx_word' id='word_1_633' title='bbox 2464 4158 2589 4206; x_wconf 88' lang='lat' dir='ltr'>erat</span> <span class='ocrx_word' id='word_1_634' title='bbox 2618 4154 2671 4206; x_wconf 87' lang='lat' dir='ltr'>in</span> <span class='ocrx_word' id='word_1_635' title='bbox 2705 4154 2942 4209; x_wconf 89' lang='lat' dir='ltr'>vasculo</span> <span class='ocrx_word' id='word_1_636' title='bbox 2993 4153 3114 4207; x_wconf 90' lang='lat' dir='ltr'>tali.</span> <span class='ocrx_word' id='word_1_637' title='bbox 3149 4153 3448 4208; x_wconf 69' lang='lat' dir='ltr'>Pincernze</span> <span class='ocrx_word' id='word_1_638' title='bbox 3480 4169 3618 4209; x_wconf 90' lang='lat' dir='ltr'>vero</span> 
     </span>
    </p>
   </div>
   <div class='ocr_carea' id='block_1_61' title="bbox 1973 4240 3616 4310">
    <p class='ocr_par' dir='ltr' id='par_1_61' title="bbox 1973 4240 3616 4310">
     <span class='ocr_line' id='line_1_61' title="bbox 1973 4240 3616 4310; baseline 0.001 -16"><span class='ocrx_word' id='word_1_639' title='bbox 1973 4242 2235 4295; x_wconf 87' lang='lat' dir='ltr'>ferebant</span> <span class='ocrx_word' id='word_1_640' title='bbox 2259 4241 2456 4310; x_wconf 87' lang='lat' dir='ltr'>sepius</span> <span class='ocrx_word' id='word_1_641' title='bbox 2482 4240 2708 4309; x_wconf 87' lang='lat' dir='ltr'>pocula.</span> <span class='ocrx_word' id='word_1_642' title='bbox 2738 4241 3022 4296; x_wconf 85' lang='lat' dir='ltr'>Mediante</span> <span class='ocrx_word' id='word_1_643' title='bbox 3044 4256 3182 4296; x_wconf 92' lang='lat' dir='ltr'>vero</span> <span class='ocrx_word' id='word_1_644' title='bbox 3205 4241 3472 4296; x_wconf 91' lang='lat' dir='ltr'>convivio</span> <span class='ocrx_word' id='word_1_645' title='bbox 3486 4255 3616 4298; x_wconf 88' lang='lat' dir='ltr'>cum</span> 
     </span>
    </p>
   </div>
   <div class='ocr_carea' id='block_1_62' title="bbox 1971 4328 3620 4398">
    <p class='ocr_par' dir='ltr' id='par_1_62' title="bbox 1971 4328 3620 4398">
     <span class='ocr_line' id='line_1_62' title="bbox 1971 4328 3620 4398; baseline -0.001 -14"><span class='ocrx_word' id='word_1_646' title='bbox 1971 4328 2207 4384; x_wconf 89' lang='lat' dir='ltr'>allatum</span> <span class='ocrx_word' id='word_1_647' title='bbox 2238 4328 2441 4383; x_wconf 83' lang='lat' dir='ltr'>fuisset</span> <span class='ocrx_word' id='word_1_648' title='bbox 2483 4328 2810 4383; x_wconf 82' lang='lat' dir='ltr'>Alexandro</span> <span class='ocrx_word' id='word_1_649' title='bbox 2858 4329 3127 4398; x_wconf 88' lang='lat' dir='ltr'>poculum</span> <span class='ocrx_word' id='word_1_650' title='bbox 3154 4344 3330 4384; x_wconf 88' lang='lat' dir='ltr'>aureo</span> <span class='ocrx_word' id='word_1_651' title='bbox 3352 4329 3419 4361; x_wconf 74' lang='grc'>²⁰⁷</span> <span class='ocrx_word' id='word_1_652' title='bbox 3443 4334 3501 4385; x_wconf 90' lang='lat' dir='ltr'>et</span> <span class='ocrx_word' id='word_1_653' title='bbox 3535 4330 3620 4385; x_wconf 88' lang='lat' dir='ltr'>bi-</span> 
     </span>
    </p>
   </div>
   <div class='ocr_carea' id='block_1_63' title="bbox 1972 4415 3618 4487">
    <p class='ocr_par' dir='ltr' id='par_1_63' title="bbox 1972 4415 3618 4487">
     <span class='ocr_line' id='line_1_63' title="bbox 1972 4415 3618 4487; baseline 0.001 -15"><span class='ocrx_word' id='word_1_654' title='bbox 1972 4417 2172 4482; x_wconf 82' lang='lat' dir='ltr'>bisset,</span> <span class='ocrx_word' id='word_1_655' title='bbox 2196 4417 2347 4470; x_wconf 91' lang='lat' dir='ltr'>misit</span> <span class='ocrx_word' id='word_1_656' title='bbox 2403 4415 2543 4471; x_wconf 93' lang='lat' dir='ltr'>illud</span> <span class='ocrx_word' id='word_1_657' title='bbox 2570 4418 2622 4469; x_wconf 92' lang='lat' dir='ltr'>in</span> <span class='ocrx_word' id='word_1_658' title='bbox 2650 4416 2836 4471; x_wconf 86' lang='lat' dir='ltr'>sinum</span> <span class='ocrx_word' id='word_1_659' title='bbox 2861 4432 3047 4485; x_wconf 88' lang='lat' dir='ltr'>suum,</span> <span class='ocrx_word' id='word_1_660' title='bbox 3103 4417 3356 4487; x_wconf 88' lang='lat' dir='ltr'>fecitque</span> <span class='ocrx_word' id='word_1_661' title='bbox 3386 4417 3497 4474; x_wconf 91' lang='lat' dir='ltr'>hoc</span> <span class='ocrx_word' id='word_1_662' title='bbox 3529 4433 3618 4473; x_wconf 88' lang='lat' dir='ltr'>se-</span> 
     </span>
    </p>
   </div>
   <div class='ocr_carea' id='block_1_64' title="bbox 1971 4505 3618 4576">
    <p class='ocr_par' dir='ltr' id='par_1_64' title="bbox 1971 4505 3618 4576">
     <span class='ocr_line' id='line_1_64' title="bbox 1971 4505 3618 4576; baseline 0.001 -15"><span class='ocrx_word' id='word_1_663' title='bbox 1971 4506 2159 4562; x_wconf 89' lang='lat' dir='ltr'>cundo</span> <span class='ocrx_word' id='word_1_664' title='bbox 2181 4510 2235 4560; x_wconf 91' lang='lat' dir='ltr'>et</span> <span class='ocrx_word' id='word_1_665' title='bbox 2264 4505 2463 4560; x_wconf 87' lang='lat' dir='ltr'>tercio.</span> <span class='ocrx_word' id='word_1_666' title='bbox 2493 4505 2654 4571; x_wconf 90' lang='lat' dir='ltr'>Quod</span> <span class='ocrx_word' id='word_1_667' title='bbox 2678 4520 2807 4560; x_wconf 85' lang='lat' dir='ltr'>cuni</span> <span class='ocrx_word' id='word_1_668' title='bbox 2833 4505 3116 4560; x_wconf 88' lang='lat' dir='ltr'>vidissent</span> <span class='ocrx_word' id='word_1_669' title='bbox 3137 4505 3448 4576; x_wconf 74' lang='lat' dir='ltr'>pincernze.</span> <span class='ocrx_word' id='word_1_670' title='bbox 3477 4522 3618 4563; x_wconf 88' lang='lat' dir='ltr'>nun-</span> 
     </span>
    </p>
   </div>
   <div class='ocr_carea' id='block_1_65' title="bbox 1969 4593 3687 4662">
    <p class='ocr_par' dir='ltr' id='par_1_65' title="bbox 1969 4593 3687 4662">
     <span class='ocr_line' id='line_1_65' title="bbox 1969 4593 3687 4662; baseline 0.001 -12"><span class='ocrx_word' id='word_1_671' title='bbox 1969 4597 2272 4650; x_wconf 85' lang='lat' dir='ltr'>ciaverunt</span> <span class='ocrx_word' id='word_1_672' title='bbox 2305 4593 2494 4649; x_wconf 89' lang='lat' dir='ltr'>Dario.</span> <span class='ocrx_word' id='word_1_673' title='bbox 2543 4593 2738 4648; x_wconf 88' lang='lat' dir='ltr'>Erexit</span> <span class='ocrx_word' id='word_1_674' title='bbox 2769 4609 2830 4648; x_wconf 90' lang='lat' dir='ltr'>se</span> <span class='ocrx_word' id='word_1_675' title='bbox 2864 4593 3090 4662; x_wconf 90' lang='lat' dir='ltr'>Darius,</span> <span class='ocrx_word' id='word_1_676' title='bbox 3126 4598 3183 4648; x_wconf 92' lang='lat' dir='ltr'>et</span> <span class='ocrx_word' id='word_1_677' title='bbox 3218 4593 3366 4648; x_wconf 87' lang='lat' dir='ltr'>dixit</span> <span class='ocrx_word' id='word_1_678' title='bbox 3402 4613 3414 4647; x_wconf 89' lang='lat'><strong>:</strong></span> <span class='ocrx_word' id='word_1_679' title='bbox 3449 4595 3492 4649; x_wconf 89' lang='grc' dir='ltr'><em>Ο</em></span> <span class='ocrx_word' id='word_1_680' title='bbox 3522 4597 3620 4652; x_wconf 69' lang='lat' dir='ltr'>uir</span> <span class='ocrx_word' id='word_1_681' title='bbox 3685 4610 3687 4612; x_wconf 76' lang='lat'><strong><em>‘</em></strong></span> 
     </span>
    </p>
   </div>
   <div class='ocr_carea' id='block_1_66' title="bbox 201 4679 3611 4756">
    <p class='ocr_par' dir='ltr' id='par_1_66' title="bbox 201 4679 3611 4756">
     <span class='ocr_line' id='line_1_66' title="bbox 201 4679 3611 4756; baseline 0.002 -26"><span class='ocrx_word' id='word_1_682' title='bbox 201 4682 391 4734; x_wconf 87' lang='lat' dir='ltr'>autem</span> <span class='ocrx_word' id='word_1_683' title='bbox 425 4679 725 4736; x_wconf 90' lang='lat' dir='ltr'>venissent</span> <span class='ocrx_word' id='word_1_684' title='bbox 761 4681 1028 4751; x_wconf 85' lang='lat' dir='ltr'>prepius,</span> <span class='ocrx_word' id='word_1_685' title='bbox 1071 4680 1220 4735; x_wconf 90' lang='lat' dir='ltr'>dixit</span> <span class='ocrx_word' id='word_1_686' title='bbox 1263 4679 1590 4734; x_wconf 71' lang='lat' dir='ltr'>Alexander</span> <span class='ocrx_word' id='word_1_687' title='bbox 1619 4681 1738 4735; x_wconf 89' lang='lat' dir='ltr'>suis</span> <span class='ocrx_word' id='word_1_688' title='bbox 1770 4695 1860 4736; x_wconf 89' lang='lat' dir='ltr'>sa-</span> <span class='ocrx_word' id='word_1_689' title='bbox 1887 4686 2314 4756; x_wconf 78' lang='lat' dir='ltr'>Dfortissime,</span> <span class='ocrx_word' id='word_1_690' title='bbox 2341 4683 2492 4754; x_wconf 86' lang='lat' dir='ltr'>quid</span> <span class='ocrx_word' id='word_1_691' title='bbox 2511 4683 2602 4739; x_wconf 89' lang='lat' dir='ltr'>est</span> <span class='ocrx_word' id='word_1_692' title='bbox 2629 4683 2733 4739; x_wconf 78' lang='lat' dir='ltr'>lioc</span> <span class='ocrx_word' id='word_1_693' title='bbox 2753 4683 2911 4752; x_wconf 87' lang='lat' dir='ltr'>quod</span> <span class='ocrx_word' id='word_1_694' title='bbox 2929 4683 3097 4753; x_wconf 85' lang='lat' dir='ltr'>agis?</span> <span class='ocrx_word' id='word_1_695' title='bbox 3121 4682 3219 4738; x_wconf 90' lang='lat' dir='ltr'>Cui</span> <span class='ocrx_word' id='word_1_696' title='bbox 3255 4682 3611 4738; x_wconf 86' lang='lat' dir='ltr'>Alexander:</span> 
     </span>
    </p>
   </div>
   <div class='ocr_carea' id='block_1_67' title="bbox 202 4765 1860 4841">
    <p class='ocr_par' dir='ltr' id='par_1_67' title="bbox 202 4765 1860 4841">
     <span class='ocr_line' id='line_1_67' title="bbox 202 4765 1860 4841; baseline 0.004 -22"><span class='ocrx_word' id='word_1_697' title='bbox 202 4765 529 4834; x_wconf 88' lang='lat' dir='ltr'>pientibus:</span> <span class='ocrx_word' id='word_1_698' title='bbox 567 4771 954 4826; x_wconf 75' lang='lat' dir='ltr'>Inceniamus</span> <span class='ocrx_word' id='word_1_699' title='bbox 969 4769 1283 4836; x_wconf 72' lang='lat' dir='ltr'>hominem,</span> <span class='ocrx_word' id='word_1_700' title='bbox 1319 4783 1491 4840; x_wconf 85' lang='lat' dir='ltr'>quem</span> <span class='ocrx_word' id='word_1_701' title='bbox 1518 4770 1860 4841; x_wconf 73' lang='lat' dir='ltr'>dirigamus</span> 
     </span>
    </p>
   </div>
   <div class='ocr_carea' id='block_1_68' title="bbox 200 4854 1860 4930">
    <p class='ocr_par' dir='ltr' id='par_1_68' title="bbox 200 4854 1860 4930">
     <span class='ocr_line' id='line_1_68' title="bbox 200 4854 1860 4930; baseline 0.004 -21"><span class='ocrx_word' id='word_1_702' title='bbox 200 4854 770 4930; x_wconf 72' lang='lat' dir='ltr'>Dario,utpreparet</span> <span class='ocrx_word' id='word_1_703' title='bbox 787 4872 847 4914; x_wconf 81' lang='lat' dir='ltr'>se</span> <span class='ocrx_word' id='word_1_704' title='bbox 860 4858 919 4914; x_wconf 89' lang='lat' dir='ltr'>et</span> <span class='ocrx_word' id='word_1_705' title='bbox 943 4858 1210 4914; x_wconf 70' lang='lat' dir='ltr'>exeatad</span> <span class='ocrx_word' id='word_1_706' title='bbox 1222 4872 1326 4913; x_wconf 87' lang='lat' dir='ltr'>nos</span> <span class='ocrx_word' id='word_1_707' title='bbox 1340 4860 1402 4914; x_wconf 82' lang='lat' dir='ltr'>in</span> <span class='ocrx_word' id='word_1_708' title='bbox 1405 4874 1450 4928; x_wconf 68' lang='grc' dir='ltr'>ρ</span> <span class='ocrx_word' id='word_1_709' title='bbox 1463 4873 1701 4929; x_wconf 78' lang='lat' dir='ltr'>agnam.</span> <span class='ocrx_word' id='word_1_710' title='bbox 1720 4861 1860 4916; x_wconf 86' lang='lat' dir='ltr'>Dor-</span> 
     </span>
    </p>
   </div>
   <div class='ocr_carea' id='block_1_69' title="bbox 202 4944 1853 5017">
    <p class='ocr_par' dir='ltr' id='par_1_69' title="bbox 202 4944 1853 5017">
     <span class='ocr_line' id='line_1_69' title="bbox 202 4944 1853 5017; baseline 0.004 -20"><span class='ocrx_word' id='word_1_711' title='bbox 202 4944 381 5002; x_wconf 89' lang='lat' dir='ltr'>miens</span> <span class='ocrx_word' id='word_1_712' title='bbox 399 4953 590 5004; x_wconf 87' lang='lat' dir='ltr'>autem</span> <span class='ocrx_word' id='word_1_713' title='bbox 611 4947 708 5017; x_wconf 90' lang='lat' dir='ltr'>ibi,</span> <span class='ocrx_word' id='word_1_714' title='bbox 727 4947 871 5003; x_wconf 89' lang='lat' dir='ltr'>vidit</span> <span class='ocrx_word' id='word_1_715' title='bbox 891 4948 944 5002; x_wconf 91' lang='lat' dir='ltr'>in</span> <span class='ocrx_word' id='word_1_716' title='bbox 971 4948 1579 5003; x_wconf 61' lang='lat' dir='ltr'>sommollamzxonem</span> <span class='ocrx_word' id='word_1_717' title='bbox 1603 4948 1771 5004; x_wconf 89' lang='lat' dir='ltr'>deum</span> <span class='ocrx_word' id='word_1_718' title='bbox 1798 4951 1853 5004; x_wconf 90' lang='lat' dir='ltr'>in</span> 
     </span>
    </p>
   </div>
   <div class='ocr_carea' id='block_1_70' title="bbox 203 5031 1852 5106">
    <p class='ocr_par' dir='ltr' id='par_1_70' title="bbox 203 5031 1852 5106">
     <span class='ocr_line' id='line_1_70' title="bbox 203 5031 1852 5106; baseline 0.005 -23"><span class='ocrx_word' id='word_1_719' title='bbox 203 5031 379 5090; x_wconf 88' lang='lat' dir='ltr'>forma</span> <span class='ocrx_word' id='word_1_720' title='bbox 399 5035 613 5106; x_wconf 84' lang='lat' dir='ltr'>Hermi,</span> <span class='ocrx_word' id='word_1_721' title='bbox 652 5041 985 5106; x_wconf 88' lang='lat' dir='ltr'>portantem</span> <span class='ocrx_word' id='word_1_722' title='bbox 1019 5035 1425 5091; x_wconf 85' lang='lat' dir='ltr'>dominicalem</span> <span class='ocrx_word' id='word_1_723' title='bbox 1459 5036 1762 5092; x_wconf 89' lang='lat' dir='ltr'>clamidem</span> <span class='ocrx_word' id='word_1_724' title='bbox 1793 5042 1852 5092; x_wconf 89' lang='lat' dir='ltr'>et</span> 
     </span>
    </p>
   </div>
   <div class='ocr_carea' id='block_1_71' title="bbox 202 5116 1855 5194">
    <p class='ocr_par' dir='ltr' id='par_1_71' title="bbox 202 5116 1855 5194">
     <span class='ocr_line' id='line_1_71' title="bbox 202 5116 1855 5194; baseline 0.007 -24"><span class='ocrx_word' id='word_1_725' title='bbox 202 5116 624 5180; x_wconf 83' lang='lat' dir='ltr'>Macedonicam</span> <span class='ocrx_word' id='word_1_726' title='bbox 641 5124 1126 5194; x_wconf 88' lang='lat' dir='ltr'>vestem,sibique</span> <span class='ocrx_word' id='word_1_727' title='bbox 1143 5119 1855 5182; x_wconf 76' lang='lat' dir='ltr'>dicentem:FitiAtea;an-</span> 
     </span>
    </p>
   </div>
   <div class='ocr_carea' id='block_1_72' title="bbox 201 5206 1850 5284">
    <p class='ocr_par' dir='ltr' id='par_1_72' title="bbox 201 5206 1850 5284">
     <span class='ocr_line' id='line_1_72' title="bbox 201 5206 1850 5284; baseline 0.006 -24"><span class='ocrx_word' id='word_1_728' title='bbox 201 5206 562 5279; x_wconf 80' lang='lat' dir='ltr'>der,quando</span> <span class='ocrx_word' id='word_1_729' title='bbox 579 5227 806 5270; x_wconf 80' lang='lat' dir='ltr'>necesse</span> <span class='ocrx_word' id='word_1_730' title='bbox 819 5214 907 5270; x_wconf 88' lang='lat' dir='ltr'>est</span> <span class='ocrx_word' id='word_1_731' title='bbox 917 5214 998 5270; x_wconf 87' lang='lat' dir='ltr'>ad</span> <span class='ocrx_word' id='word_1_732' title='bbox 988 5215 1025 5284; x_wconf 85' lang='lat' dir='ltr'><em>j</em></span> <span class='ocrx_word' id='word_1_733' title='bbox 1028 5213 1291 5269; x_wconf 74' lang='lat' dir='ltr'>utorium</span> <span class='ocrx_word' id='word_1_734' title='bbox 1292 5215 1548 5284; x_wconf 67' lang='lat' dir='ltr'>paratus</span> <span class='ocrx_word' id='word_1_735' title='bbox 1561 5228 1690 5268; x_wconf 87' lang='lat' dir='ltr'>eum</span> <span class='ocrx_word' id='word_1_736' title='bbox 1703 5229 1850 5270; x_wconf 85' lang='lat' dir='ltr'>nun-</span> 
     </span>
    </p>
   </div>
   <div class='ocr_carea' id='block_1_73' title="bbox 1970 4770 3616 4829">
    <p class='ocr_par' dir='ltr' id='par_1_73' title="bbox 1970 4770 3616 4829">
     <span class='ocr_line' id='line_1_73' title="bbox 1970 4770 3616 4829; baseline 0 -1"><span class='ocrx_word' id='word_1_737' title='bbox 1970 4774 2261 4829; x_wconf 85' lang='lat' dir='ltr'>Dominus</span> <span class='ocrx_word' id='word_1_738' title='bbox 2290 4771 2670 4828; x_wconf 85' lang='lat' dir='ltr'>meussedens</span> <span class='ocrx_word' id='word_1_739' title='bbox 2689 4771 2756 4827; x_wconf 89' lang='lat' dir='ltr'>in</span> <span class='ocrx_word' id='word_1_740' title='bbox 2796 4771 3063 4827; x_wconf 67' lang='lat' dir='ltr'>convicio</span> <span class='ocrx_word' id='word_1_741' title='bbox 3103 4770 3286 4825; x_wconf 85' lang='lat' dir='ltr'>donat</span> <span class='ocrx_word' id='word_1_742' title='bbox 3316 4770 3616 4828; x_wconf 76' lang='lat' dir='ltr'>militibus</span> 
     </span>
    </p>
   </div>
   <div class='ocr_carea' id='block_1_74' title="bbox 1968 4859 3616 4930">
    <p class='ocr_par' dir='ltr' id='par_1_74' title="bbox 1968 4859 3616 4930">
     <span class='ocr_line' id='line_1_74' title="bbox 1968 4859 3616 4930; baseline -0.001 -12"><span class='ocrx_word' id='word_1_743' title='bbox 1968 4861 2097 4918; x_wconf 87' lang='lat' dir='ltr'>suis</span> <span class='ocrx_word' id='word_1_744' title='bbox 2109 4861 2358 4917; x_wconf 73' lang='lat' dir='ltr'>vascula</span> <span class='ocrx_word' id='word_1_745' title='bbox 2385 4861 2575 4917; x_wconf 84' lang='lat' dir='ltr'>illain</span> <span class='ocrx_word' id='word_1_746' title='bbox 2588 4859 2804 4930; x_wconf 82' lang='lat' dir='ltr'>quibus</span> <span class='ocrx_word' id='word_1_747' title='bbox 2845 4859 3065 4914; x_wconf 79' lang='lat' dir='ltr'>bibunt.</span> <span class='ocrx_word' id='word_1_748' title='bbox 3081 4859 3315 4923; x_wconf 84' lang='lat' dir='ltr'>Quodsi</span> <span class='ocrx_word' id='word_1_749' title='bbox 3329 4859 3616 4916; x_wconf 73' lang='lat' dir='ltr'>taliscau-</span> 
     </span>
    </p>
   </div>
   <div class='ocr_carea' id='block_1_75' title="bbox 1967 4947 3613 5018">
    <p class='ocr_par' dir='ltr' id='par_1_75' title="bbox 1967 4947 3613 5018">
     <span class='ocr_line' id='line_1_75' title="bbox 1967 4947 3613 5018; baseline -0.002 -11"><span class='ocrx_word' id='word_1_750' title='bbox 1967 4951 2214 5007; x_wconf 83' lang='lat' dir='ltr'>suetndo</span> <span class='ocrx_word' id='word_1_751' title='bbox 2252 4964 2368 5005; x_wconf 85' lang='lat' dir='ltr'>non</span> <span class='ocrx_word' id='word_1_752' title='bbox 2381 4949 2763 5018; x_wconf 75' lang='lat' dir='ltr'>estintercos,</span> <span class='ocrx_word' id='word_1_753' title='bbox 2796 4947 3149 5005; x_wconf 72' lang='lat' dir='ltr'>reddocobis</span> <span class='ocrx_word' id='word_1_754' title='bbox 3179 4947 3395 5004; x_wconf 85' lang='lat' dir='ltr'>omnia.</span> <span class='ocrx_word' id='word_1_755' title='bbox 3423 4949 3482 5002; x_wconf 91' lang='lat' dir='ltr'>In</span> <span class='ocrx_word' id='word_1_756' title='bbox 3502 4948 3613 5004; x_wconf 90' lang='lat' dir='ltr'>hoc</span> 
     </span>
    </p>
   </div>
   <div class='ocr_carea' id='block_1_76' title="bbox 1967 5036 3610 5107">
    <p class='ocr_par' dir='ltr' id='par_1_76' title="bbox 1967 5036 3610 5107">
     <span class='ocr_line' id='line_1_76' title="bbox 1967 5036 3610 5107; baseline -0.002 -11"><span class='ocrx_word' id='word_1_757' title='bbox 1967 5054 2166 5096; x_wconf 88' lang='lat' dir='ltr'>omnes</span> <span class='ocrx_word' id='word_1_758' title='bbox 2199 5043 2531 5104; x_wconf 88' lang='lat' dir='ltr'>tacuerunt,</span> <span class='ocrx_word' id='word_1_759' title='bbox 2559 5038 2890 5106; x_wconf 87' lang='lat' dir='ltr'>cogitantes</span> <span class='ocrx_word' id='word_1_760' title='bbox 2915 5036 3218 5107; x_wconf 89' lang='lat' dir='ltr'>quodtalis</span> <span class='ocrx_word' id='word_1_761' title='bbox 3248 5036 3610 5094; x_wconf 91' lang='lat' dir='ltr'>consuetudo</span> 
     </span>
    </p>
   </div>
   <div class='ocr_carea' id='block_1_77' title="bbox 1966 5123 3612 5197">
    <p class='ocr_par' dir='ltr' id='par_1_77' title="bbox 1966 5123 3612 5197">
     <span class='ocr_line' id='line_1_77' title="bbox 1966 5123 3612 5197; baseline -0.002 -14"><span class='ocrx_word' id='word_1_762' title='bbox 1966 5125 2538 5197; x_wconf 65' lang='lat' dir='ltr'>essetapudillos’“.</span> <span class='ocrx_word' id='word_1_763' title='bbox 2571 5127 3020 5182; x_wconf 87' lang='lat' dir='ltr'>Unusautemex</span> <span class='ocrx_word' id='word_1_764' title='bbox 3066 5124 3427 5196; x_wconf 88' lang='lat' dir='ltr'>principibus</span> <span class='ocrx_word' id='word_1_765' title='bbox 3466 5123 3612 5179; x_wconf 90' lang='lat' dir='ltr'>mili-</span> 
     </span>
    </p>
   </div>
   <div class='ocr_carea' id='block_1_78' title="bbox 1965 5211 3611 5285">
    <p class='ocr_par' dir='ltr' id='par_1_78' title="bbox 1965 5211 3611 5285">
     <span class='ocr_line' id='line_1_78' title="bbox 1965 5211 3611 5285; baseline -0.002 -15"><span class='ocrx_word' id='word_1_766' title='bbox 1965 5217 2080 5285; x_wconf 68' lang='lat' dir='ltr'>tise,</span> <span class='ocrx_word' id='word_1_767' title='bbox 2109 5217 2200 5271; x_wconf 90' lang='lat' dir='ltr'>cui</span> <span class='ocrx_word' id='word_1_768' title='bbox 2218 5230 2420 5271; x_wconf 90' lang='lat' dir='ltr'>nomen</span> <span class='ocrx_word' id='word_1_769' title='bbox 2437 5214 2734 5284; x_wconf 86' lang='lat' dir='ltr'>Anepolis,</span> <span class='ocrx_word' id='word_1_770' title='bbox 2769 5215 3055 5283; x_wconf 86' lang='lat' dir='ltr'>quondam</span> <span class='ocrx_word' id='word_1_771' title='bbox 3071 5214 3283 5270; x_wconf 87' lang='lat' dir='ltr'>missus</span> <span class='ocrx_word' id='word_1_772' title='bbox 3296 5213 3367 5268; x_wconf 90' lang='lat' dir='ltr'>ad</span> <span class='ocrx_word' id='word_1_773' title='bbox 3383 5211 3611 5284; x_wconf 84' lang='lat' dir='ltr'>Phylip-</span> 
     </span>
    </p>
   </div>
   <div class='ocr_carea' id='block_1_79' title="bbox 202 5296 3612 5377">
    <p class='ocr_par' dir='ltr' id='par_1_79' title="bbox 202 5296 3612 5377">
     <span class='ocr_line' id='line_1_79' title="bbox 202 5296 3612 5377; baseline 0.002 -28"><span class='ocrx_word' id='word_1_774' title='bbox 202 5296 362 5354; x_wconf 74' lang='lat' dir='ltr'>ciare</span> <span class='ocrx_word' id='word_1_775' title='bbox 374 5300 502 5359; x_wconf 88' lang='lat' dir='ltr'>tibi.</span> <span class='ocrx_word' id='word_1_776' title='bbox 526 5303 867 5373; x_wconf 77' lang='lat' dir='ltr'>Vide,quem</span> <span class='ocrx_word' id='word_1_777' title='bbox 883 5303 1133 5359; x_wconf 86' lang='lat' dir='ltr'>missum</span> <span class='ocrx_word' id='word_1_778' title='bbox 1149 5303 1414 5374; x_wconf 79' lang='lat' dir='ltr'>dirigere</span> <span class='ocrx_word' id='word_1_779' title='bbox 1425 5304 1701 5360; x_wconf 74' lang='lat' dir='ltr'>colueris.</span> <span class='ocrx_word' id='word_1_780' title='bbox 1728 5303 1853 5360; x_wconf 80' lang='lat' dir='ltr'>Sed</span> <span class='ocrx_word' id='word_1_781' title='bbox 1962 5321 2096 5377; x_wconf 90' lang='lat' dir='ltr'>pum</span> <span class='ocrx_word' id='word_1_782' title='bbox 2117 5305 2351 5373; x_wconf 85' lang='lat' dir='ltr'>exigere</span> <span class='ocrx_word' id='word_1_783' title='bbox 2368 5305 2439 5359; x_wconf 89' lang='lat' dir='ltr'>ab</span> <span class='ocrx_word' id='word_1_784' title='bbox 2453 5319 2520 5359; x_wconf 92' lang='lat' dir='ltr'>eo</span> <span class='ocrx_word' id='word_1_785' title='bbox 2535 5303 2912 5370; x_wconf 88' lang='lat' dir='ltr'>censum,vidi</span> <span class='ocrx_word' id='word_1_786' title='bbox 2925 5309 2943 5358; x_wconf 92' lang='lat' dir='ltr'>t</span> <span class='ocrx_word' id='word_1_787' title='bbox 2957 5308 3095 5358; x_wconf 91' lang='lat' dir='ltr'>tunc</span> <span class='ocrx_word' id='word_1_788' title='bbox 3112 5302 3612 5371; x_wconf 84' lang='lat' dir='ltr'>Alexandrum,se-</span> 
     </span>
    </p>
   </div>
   <div class='ocr_carea' id='block_1_80' title="bbox 202 5382 1838 5463">
    <p class='ocr_par' dir='ltr' id='par_1_80' title="bbox 202 5382 1838 5463">
     <span class='ocr_line' id='line_1_80' title="bbox 202 5382 1838 5463; baseline 0.007 -26"><span class='ocrx_word' id='word_1_789' title='bbox 202 5382 326 5442; x_wconf 87' lang='lat' dir='ltr'>dico</span> <span class='ocrx_word' id='word_1_790' title='bbox 341 5388 452 5445; x_wconf 85' lang='lat' dir='ltr'>tibi</span> <span class='ocrx_word' id='word_1_791' title='bbox 466 5392 534 5447; x_wconf 85' lang='lat' dir='ltr'>ut</span> <span class='ocrx_word' id='word_1_792' title='bbox 553 5391 776 5448; x_wconf 72' lang='lat' dir='ltr'>induas</span> <span class='ocrx_word' id='word_1_793' title='bbox 773 5392 1045 5463; x_wconf 77' lang='lat' dir='ltr'>formam</span> <span class='ocrx_word' id='word_1_794' title='bbox 1073 5392 1348 5460; x_wconf 83' lang='lat' dir='ltr'>meam,et</span> <span class='ocrx_word' id='word_1_795' title='bbox 1371 5393 1435 5447; x_wconf 84' lang='lat' dir='ltr'>tu</span> <span class='ocrx_word' id='word_1_796' title='bbox 1463 5393 1652 5448; x_wconf 81' lang='lat' dir='ltr'>cadas</span> <span class='ocrx_word' id='word_1_797' title='bbox 1665 5394 1838 5450; x_wconf 78' lang='lat' dir='ltr'>illnc.</span> 
     </span>
    </p>
   </div>
   <div class='ocr_carea' id='block_1_81' title="bbox 202 5469 1842 5552">
    <p class='ocr_par' dir='ltr' id='par_1_81' title="bbox 202 5469 1842 5552">
     <span class='ocr_line' id='line_1_81' title="bbox 202 5469 1842 5552; baseline 0.006 -24"><span class='ocrx_word' id='word_1_798' title='bbox 202 5469 547 5537; x_wconf 79' lang='lat' dir='ltr'>Periculosa</span> <span class='ocrx_word' id='word_1_799' title='bbox 559 5479 799 5552; x_wconf 83' lang='lat' dir='ltr'>quidem</span> <span class='ocrx_word' id='word_1_800' title='bbox 808 5493 904 5536; x_wconf 82' lang='lat' dir='ltr'>res</span> <span class='ocrx_word' id='word_1_801' title='bbox 918 5495 972 5536; x_wconf 77' lang='lat' dir='ltr'>es</span> <span class='ocrx_word' id='word_1_802' title='bbox 982 5479 1020 5549; x_wconf 73' lang='grc' dir='ltr'>ί,</span> <span class='ocrx_word' id='word_1_803' title='bbox 1029 5481 1120 5536; x_wconf 72' lang='lat' dir='ltr'>ire</span> <span class='ocrx_word' id='word_1_804' title='bbox 1128 5495 1232 5551; x_wconf 75' lang='lat' dir='ltr'>reg</span> <span class='ocrx_word' id='word_1_805' title='bbox 1239 5495 1326 5535; x_wconf 84' lang='lat' dir='ltr'>em</span> <span class='ocrx_word' id='word_1_806' title='bbox 1333 5495 1440 5552; x_wconf 75' lang='lat' dir='ltr'>per</span> <span class='ocrx_word' id='word_1_807' title='bbox 1449 5482 1634 5537; x_wconf 89' lang='lat' dir='ltr'>missa</span> <span class='ocrx_word' id='word_1_808' title='bbox 1642 5483 1842 5552; x_wconf 84' lang='lat' dir='ltr'>ticum,</span> 
     </span>
    </p>
   </div>
   <div class='ocr_carea' id='block_1_82' title="bbox 201 5562 1847 5641">
    <p class='ocr_par' dir='ltr' id='par_1_82' title="bbox 201 5562 1847 5641">
     <span class='ocr_line' id='line_1_82' title="bbox 201 5562 1847 5641; baseline 0.007 -25"><span class='ocrx_word' id='word_1_809' title='bbox 201 5562 301 5618; x_wconf 80' lang='lat' dir='ltr'>sed</span> <span class='ocrx_word' id='word_1_810' title='bbox 313 5567 462 5636; x_wconf 83' lang='lat' dir='ltr'>quia</span> <span class='ocrx_word' id='word_1_811' title='bbox 477 5567 618 5628; x_wconf 79' lang='lat' dir='ltr'>deus</span> <span class='ocrx_word' id='word_1_812' title='bbox 631 5569 797 5627; x_wconf 85' lang='lat' dir='ltr'>estin</span> <span class='ocrx_word' id='word_1_813' title='bbox 807 5569 1182 5641; x_wconf 72' lang='lat' dir='ltr'>adiutorium</span> <span class='ocrx_word' id='word_1_814' title='bbox 1198 5569 1329 5639; x_wconf 83' lang='lat' dir='ltr'>tibi,</span> <span class='ocrx_word' id='word_1_815' title='bbox 1349 5585 1384 5625; x_wconf 80' lang='lat' dir='ltr'>n</span> <span class='ocrx_word' id='word_1_816' title='bbox 1398 5570 1584 5627; x_wconf 83' lang='lat' dir='ltr'>ullam</span> <span class='ocrx_word' id='word_1_817' title='bbox 1594 5571 1847 5628; x_wconf 83' lang='lat' dir='ltr'>sustine-</span> 
     </span>
    </p>
   </div>
   <div class='ocr_carea' id='block_1_83' title="bbox 1964 5390 3604 5464">
    <p class='ocr_par' dir='ltr' id='par_1_83' title="bbox 1964 5390 3604 5464">
     <span class='ocr_line' id='line_1_83' title="bbox 1964 5390 3604 5464; baseline -0.004 -12"><span class='ocrx_word' id='word_1_818' title='bbox 1964 5396 2390 5464; x_wconf 89' lang='lat' dir='ltr'>densquenune</span> <span class='ocrx_word' id='word_1_819' title='bbox 2437 5394 2490 5447; x_wconf 91' lang='lat' dir='ltr'>in</span> <span class='ocrx_word' id='word_1_820' title='bbox 2539 5393 2807 5448; x_wconf 90' lang='lat' dir='ltr'>convivio</span> <span class='ocrx_word' id='word_1_821' title='bbox 2837 5407 2963 5447; x_wconf 88' lang='lat' dir='ltr'>eum</span> <span class='ocrx_word' id='word_1_822' title='bbox 2989 5405 3058 5446; x_wconf 91' lang='lat' dir='ltr'>eo</span> <span class='ocrx_word' id='word_1_823' title='bbox 3101 5392 3244 5447; x_wconf 88' lang='lat' dir='ltr'>facie</span> <span class='ocrx_word' id='word_1_824' title='bbox 3276 5391 3344 5447; x_wconf 91' lang='lat' dir='ltr'>ad</span> <span class='ocrx_word' id='word_1_825' title='bbox 3381 5390 3604 5462; x_wconf 89' lang='lat' dir='ltr'>faciem,</span> 
     </span>
    </p>
   </div>
   <div class='ocr_carea' id='block_1_84' title="bbox 1963 5479 3606 5550">
    <p class='ocr_par' dir='ltr' id='par_1_84' title="bbox 1963 5479 3606 5550">
     <span class='ocr_line' id='line_1_84' title="bbox 1963 5479 3606 5550; baseline -0.002 -11"><span class='ocrx_word' id='word_1_826' title='bbox 1963 5484 2210 5540; x_wconf 91' lang='lat' dir='ltr'>intuitus</span> <span class='ocrx_word' id='word_1_827' title='bbox 2236 5487 2328 5538; x_wconf 88' lang='lat' dir='ltr'>est</span> <span class='ocrx_word' id='word_1_828' title='bbox 2345 5482 2543 5537; x_wconf 88' lang='lat' dir='ltr'>faciem</span> <span class='ocrx_word' id='word_1_829' title='bbox 2559 5480 2704 5549; x_wconf 87' lang='lat' dir='ltr'>ejus,</span> <span class='ocrx_word' id='word_1_830' title='bbox 2722 5479 3175 5550; x_wconf 84' lang='lat' dir='ltr'>coepitcogitare</span> <span class='ocrx_word' id='word_1_831' title='bbox 3197 5479 3253 5535; x_wconf 90' lang='lat' dir='ltr'>in</span> <span class='ocrx_word' id='word_1_832' title='bbox 3277 5479 3456 5536; x_wconf 88' lang='lat' dir='ltr'>corde</span> <span class='ocrx_word' id='word_1_833' title='bbox 3470 5495 3606 5547; x_wconf 90' lang='lat' dir='ltr'>suo;</span> 
     </span>
    </p>
   </div>
   <div class='ocr_carea' id='block_1_85' title="bbox 1957 5567 3604 5639">
    <p class='ocr_par' dir='ltr' id='par_1_85' title="bbox 1957 5567 3604 5639">
     <span class='ocr_line' id='line_1_85' title="bbox 1957 5567 3604 5639; baseline -0.002 -8"><span class='ocrx_word' id='word_1_834' title='bbox 1957 5575 2166 5631; x_wconf 86' lang='lat' dir='ltr'>Nonne</span> <span class='ocrx_word' id='word_1_835' title='bbox 2176 5572 2292 5630; x_wconf 86' lang='lat' dir='ltr'>iste</span> <span class='ocrx_word' id='word_1_836' title='bbox 2304 5571 2448 5630; x_wconf 84' lang='lat' dir='ltr'>estA</span> <span class='ocrx_word' id='word_1_837' title='bbox 2458 5569 2777 5628; x_wconf 69' lang='lat' dir='ltr'>lewander?</span> <span class='ocrx_word' id='word_1_838' title='bbox 2799 5567 3152 5639; x_wconf 78' lang='lat' dir='ltr'>Intellegens</span> <span class='ocrx_word' id='word_1_839' title='bbox 3165 5569 3316 5626; x_wconf 89' lang='lat' dir='ltr'>enim</span> <span class='ocrx_word' id='word_1_840' title='bbox 3330 5582 3532 5627; x_wconf 84' lang='lat' dir='ltr'>vocem</span> <span class='ocrx_word' id='word_1_841' title='bbox 3545 5572 3604 5627; x_wconf 86' lang='lat' dir='ltr'>et</span> 
     </span>
    </p>
   </div>
   <div class='ocr_carea' id='block_1_86' title="bbox 345 5679 2239 5739">
    <p class='ocr_par' dir='ltr' id='par_1_86' title="bbox 345 5679 2239 5739">
     <span class='ocr_line' id='line_1_86' title="bbox 345 5679 2239 5739; baseline 0.004 -12"><span class='ocrx_word' id='word_1_842' title='bbox 345 5733 351 5739; x_wconf 90' lang='lat'><em>_</em></span> <span class='ocrx_word' id='word_1_843' title='bbox 1562 5679 1799 5734; x_wconf 69' lang='lat' dir='ltr'>VARIE</span> <span class='ocrx_word' id='word_1_844' title='bbox 1840 5680 2239 5737; x_wconf 84' lang='lat' dir='ltr'>LECTIONES.</span> 
     </span>
    </p>
   </div>
   <div class='ocr_carea' id='block_1_87' title="bbox 272 5765 1967 5836">
    <p class='ocr_par' dir='ltr' id='par_1_87' title="bbox 272 5765 1967 5836">
     <span class='ocr_line' id='line_1_87' title="bbox 272 5765 1967 5836; baseline 0.005 -8"><span class='ocrx_word' id='word_1_845' title='bbox 272 5765 364 5804; x_wconf 69' lang='grc'>²⁰⁶¹</span> <span class='ocrx_word' id='word_1_846' title='bbox 392 5773 570 5832; x_wconf 83' lang='lat' dir='ltr'>stadii</span> <span class='ocrx_word' id='word_1_847' title='bbox 602 5790 640 5834; x_wconf 82' lang='grc' dir='ltr'>ιι</span> <span class='ocrx_word' id='word_1_848' title='bbox 699 5788 730 5833; x_wconf 81' lang='lat' dir='ltr'>e</span> <span class='ocrx_word' id='word_1_849' title='bbox 757 5787 906 5834; x_wconf 72' lang='lat' dir='ltr'>corr.</span> <span class='ocrx_word' id='word_1_850' title='bbox 966 5781 1016 5833; x_wconf 80' lang='lat'>1.</span> <span class='ocrx_word' id='word_1_851' title='bbox 1050 5774 1118 5808; x_wconf 82' lang='grc'>²⁰⁷</span> <span class='ocrx_word' id='word_1_852' title='bbox 1161 5775 1254 5833; x_wconf 84' lang='lat' dir='ltr'>ita</span> <span class='ocrx_word' id='word_1_853' title='bbox 1282 5779 1330 5830; x_wconf 84' lang='lat'>1.</span> <span class='ocrx_word' id='word_1_854' title='bbox 1371 5773 1441 5809; x_wconf 80' lang='grc'>⁸⁰⁸</span> <span class='ocrx_word' id='word_1_855' title='bbox 1492 5774 1656 5836; x_wconf 78' lang='lat' dir='ltr'>deest</span> <span class='ocrx_word' id='word_1_856' title='bbox 1678 5779 1727 5835; x_wconf 81' lang='grc'><strong>1.</strong></span> <span class='ocrx_word' id='word_1_857' title='bbox 1759 5789 1860 5836; x_wconf 88' lang='lat' dir='ltr'>eos</span> <span class='ocrx_word' id='word_1_858' title='bbox 1889 5782 1967 5836; x_wconf 79' lang='lat'>9°.</span> 
     </span>
    </p>
   </div>
  </div>
