3932 6432
407 415 525 480 579

1561 407 2046 474 EKKEHARDI
2089 402 2666 473 URAUGIENSIS.

3689 374 3817 478 530

407 548 569 618 signa
599 544 774 617 illius,
811 546 1059 602 accessit
1093 545 1163 602 ad
1191 541 1445 615 Darium,
1480 551 1537 602 et
1571 545 1715 603 dixit
1743 563 1759 613 ;
1788 545 2056 617 Domine,
2090 544 2144 605 A
2174 543 2430 602 matrem
2457 543 2516 600 et
2541 555 2788 601 uxorem
2818 557 2891 600 ac
2895 536 3096 615 ﬁlias,
3127 539 3186 600 et
3211 538 3485 607 dabotibi
3505 546 3814 609 thesauros

403 638 752 694 istemiss-us
792 635 1140 707 quem-vides
1155 636 1386 706 ipseest
1409 635 1769 692 Aleteander.
1809 637 2060 706 Cognos-

403 740 542 782 cens
566 730 760 782 autem
787 723 1115 781 Alexander
1135 725 1266 795 quia
1284 724 1678 794 loquebamur
1695 725 1882 786 deillo
1907 729 1964 780 et
1989 724 2058 781 de

401 813 736 884 cognitione
749 812 896 882 ejus,
921 813 1109 884 exi‘liit
1137 813 1206 869 de
1232 813 1372 869 sede
1398 829 1522 882 sua,
1549 813 1880 884 tollensque
1909 813 2058 870 facu-

405 903 513 958 lam
537 903 609 958 de
655 916 824 956 manu
874 900 1175 971 cujusdam
1208 903 1405 957 Persae
1437 901 1693 958 tenentis
1739 916 1885 971 eam,
1921 905 2055 958 ante

403 1003 659 1046 mensam
693 989 848 1060 regis
882 991 1172 1060 percussit
1204 1005 1355 1060 eum,
1403 995 1463 1045 et
1495 991 1812 1046 ascendens
1841 1005 2054 1061 equum

404 1077 564 1134 abiit.
601 1079 796 1135 Persae
832 1091 970 1132 vero
1027 1077 1490 1148 insequebantur
1519 1093 1650 1133 eum
1685 1079 1892 1133 armati
1923 1092 2053 1134 cum

400 1166 554 1222 omni
589 1165 924 1236 velocitate,
973 1165 1076 1221 sed
1109 1165 1235 1238 ipse
1287 1167 1476 1222 ferens
1506 1165 1561 1220 in
1595 1181 1764 1222 manu
1807 1166 2052 1223 faculam

401 1254 724 1325 ardentem,
741 1259 838 1310 ten
851 1255 934 1311 uit
961 1256 1068 1310 iter
1083 1260 1330 1323 rectum,
1347 1255 1728 1325 insequentes
1753 1259 1946 1312 autem
1961 1269 2054 1312 ca-

401 1343 619 1400 debant
655 1344 710 1400 in
745 1344 972 1411 foveas;
1027 1350 1154 1400 erat
1185 1343 1336 1399 enim
1369 1345 1618 1400 obscura
1653 1359 1784 1399 nox.
1847 1343 2054 1402 Darius

397 1438 592 1489 autem
627 1432 838 1490 sedens
867 1433 921 1487 in
954 1431 1101 1489 solio
1134 1448 1258 1496 suo,
1291 1433 1434 1488 vidit
1460 1433 1686 1502 signum
1712 1433 2048 1504 infaustum,

402 1521 536 1592 quia
571 1521 786 1577 cecidit
819 1522 1025 1577 domus
1074 1522 1274 1576 Xersis
1306 1521 1464 1590 regis
1492 1527 1549 1577 et
1581 1525 1778 1578 statua
1809 1522 1956 1592 ejus,
1989 1527 2048 1577 et

399 1609 606 1665 doluit.
625 1609 955 1664 Alexander
973 1609 1170 1678 itaque
1185 1610 1422 1665 veniens
1444 1611 1514 1666 ad
1538 1609 1775 1666 ﬂuvium
1801 1611 2048 1680 Stragau

397 1697 656 1768 transiit,
695 1697 1010 1768 statimque
1043 1697 1364 1754 dissolutus
1387 1704 1476 1754 est
1501 1698 1731 1768 ﬂuvius,
1757 1705 2048 1755 mortuus-

397 1801 509 1856 que
532 1791 622 1842 est
643 1785 908 1842 caballus
929 1787 1056 1856 ejus
1088 1792 1396 1856 antequam
1422 1787 1630 1857 exiret,
1663 1791 1718 1842 ct
1744 1787 1881 1843 tulit
1911 1801 2042 1844 eum

2175 647 2324 706 quos
2349 632 2528 690 habeo
2540 635 2606 690 in
2620 633 2785 690 terra
2793 630 3080 690 Miniada
3091 633 3334 692 etSusis
3347 634 3657 709 etMactra,
3665 654 3812 712 quos

2173 721 2742 780 tleesaurizacerunt
2769 721 2855 780 ibi
2882 722 3086 792 patres
3115 722 3308 780 nostri
3321 723 3528 782 subtus
3551 727 3730 798 terra,
3755 729 3816 785 et

2171 811 2537 868 constituam
2586 811 2641 867 te
2681 811 2984 867 dominum
3028 810 3353 868 Persarum
3395 813 3452 868 et
3473 813 3797 873 Medorum.

2173 899 2420 956 Cunctis
2443 897 2649 956 diebus
2674 899 2813 956 vita
2845 899 2957 956 tua
2985 899 3106 956 esto
3133 899 3356 971 salvus,
3383 901 3442 958 et
3458 904 3806 964 concedatur

2169 986 2286 1044 tibi
2305 987 2560 1044 victoria
2588 1001 2626 1043 a
2653 987 2812 1042 Jove.

2237 1075 2476 1132 Relecta
2510 1075 2615 1131 hac
2639 1074 2884 1147 epistola
2907 1075 2978 1131 ab
3004 1075 3356 1149 Alexandro,
3393 1094 3540 1137 unus
3557 1095 3628 1137 ex
3651 1083 3802 1154 prin-

2165 1163 2397 1234 cipibus
2418 1163 2638 1221 militiae
2671 1164 3008 1220 Parmenius
3041 1164 3186 1220 dixit
3222 1185 3234 1220 :
3275 1167 3635 1240 Alexander,
3668 1170 3802 1228 tolle

2167 1251 2278 1309 tibi
2290 1254 2534 1310 cunctas
2546 1253 2656 1310 has
2671 1253 2945 1324 divitias,
2959 1253 3204 1310 etredde
3221 1255 3339 1312 sibi
3345 1271 3461 1328 pro
3487 1257 3799 1328 quibusm-

2157 1341 2286 1412 qat.
2313 1341 2412 1396 Cui
2433 1340 2794 1398 Alexander:
2807 1341 3020 1412 Miror,
3036 1343 3092 1400 si
3090 1357 3205 1416 per
3217 1343 3798 1407 datumoultDarius

2161 1432 2424 1502 recipere
2442 1431 2696 1488 matrem
2733 1432 2794 1488 et
2815 1445 3062 1488 uxorem
3087 1433 3367 1503 acﬁlias.
3393 1435 3471 1491 Si
3495 1435 3688 1494 victus
3715 1438 3798 1494 est

2161 1518 2604 1589 Darius,miclzi
2617 1520 2826 1576 datum
2835 1535 2945 1576 non
2955 1522 3150 1592 promi
3155 1521 3240 1578 tta
3248 1527 3286 1592 t,
3293 1523 3348 1580 si
3359 1523 3381 1578 i
3387 1523 3573 1580 terum
3576 1539 3797 1596 pugna-

2157 1621 2225 1664 re
2243 1608 2496 1666 coluerit
2510 1609 2569 1665 et
2599 1623 2704 1666 nos
2721 1609 2954 1680 vicerit,
2978 1611 3212 1667 utinam
3229 1611 3466 1668 salvare
3497 1614 3796 1672 valeamus

2157 1697 2384 1753 nosmet
2413 1699 2590 1769 ipsos,
2639 1699 2864 1768 quanto
2911 1701 3108 1770 magis
3130 1700 3203 1756 ut
3227 1706 3523 1758 teneamus
3549 1703 3796 1760 matrem

2159 1785 2289 1854 ejus
2319 1787 2376 1841 et
2401 1799 2647 1842 uxorem
2673 1800 2744 1843 ac
2759 1786 2957 1857 ﬁlias.

393 1875 638 1941 ﬂuvius;
668 1873 994 1930 Alexander
1016 1889 1156 1930 vero
1178 1875 1366 1930 exiliit
1392 1875 1667 1947 inripam,
1687 1876 2043 1948 junctusque
2071 1899 2126 1960 Β
2230 1873 2456 1930 Dimisit
2491 1879 2682 1931 autem
2720 1873 2964 1946 legatos,
2999 1875 3331 1947 precipiens
3353 1877 3439 1932 eis
3467 1882 3530 1934 ut
3551 1878 3690 1934 talia
3713 1880 3794 1936 di-

395 1963 643 2035 principi
688 1979 858 2034 quem
912 1963 1253 2034 reliquerat,
1312 1979 1584 2020 reversus
1639 1970 1731 2021 est
1765 1963 1838 2020 ad
1869 1980 2036 2031 suos;

391 2057 862 2123 congregataque
893 2053 1044 2108 omni
1080 2053 1282 2108 militia
1307 2068 1434 2122 sua,
1461 2054 1728 2110 ascendit
1757 2055 1814 2110 in
1847 2053 2038 2111 locum

389 2141 851 2211 eminentiorem,
885 2147 944 2196 et
970 2141 1324 2198 eonfortavit
1357 2141 1574 2198 milites
1603 2157 1760 2212 suos,
1797 2142 2034 2201 dicens:

386 2229 714 2288 Multitudo
724 2228 932 2286 nostra
954 2243 1073 2286 non
1097 2231 1372 2300 aquatur
1398 2230 1780 2288 multitudini
1820 2233 2038 2290 Persa-

385 2333 538 2388 rum,
554 2317 662 2375 sed
668 2333 784 2375 non
797 2317 1102 2374 conturbet
1120 2333 1226 2376 nos
1237 2318 1556 2376 multitudo
1569 2319 1833 2390 illorum,
1853 2321 2038 2378 etiam

382 2407 438 2464 si
455 2407 1267 2478 centupliciteraugerentur,
1299 2409 1450 2478 quia
1469 2422 1588 2466 non
1586 2409 1870 2481 preoalet
1882 2410 2032 2468 mul-

385 2495 929 2553 titudomuscarum
951 2497 1254 2567 parcitati
1274 2511 1605 2568 vesparum.
1653 2499 1762 2565 Qui
1792 2499 2031 2556 audien-

383 2589 474 2642 tes
505 2587 648 2656 haac,
683 2585 1066 2642 laudaverunt
1111 2601 1261 2642 eum.

450 2674 659 2731 Darius
691 2673 888 2744 itaque
921 2675 1094 2730 movit
1152 2676 1476 2732 exercitum
1509 2692 1678 2734 suum
1711 2677 1881 2736 valde
1916 2694 2032 2736 ma-

379 2777 574 2834 gnum,
595 2763 948 2834 transiitque
965 2763 1200 2820 ﬂuvium
1220 2767 1486 2836 Stragan,
1505 2770 1566 2822 ut
1587 2772 1873 2838 pugnaret
1898 2783 2028 2825 cum

379 2852 645 2910 exercitu
664 2851 994 2908 Alexandri.
1024 2853 1285 2908 Habebat
1309 2859 1500 2910 autem
1526 2869 1736 2911 currus
1759 2855 2021 2914 falcatos.

379 2941 516 2997 Cum
541 2943 733 2997 autem
755 2939 1016 2997 venisset
1070 2946 1314 3012 uterque
1337 2943 1636 3000 exercitus
1661 2945 1716 2998 in
1738 2960 2024 3018 campum,

377 3029 642 3086 ascendit
675 3029 1002 3085 Alexander
1057 3045 1268 3100 equum
1300 3032 1392 3086 cui
1435 3046 1640 3088 nomen
1697 3033 2024 3107 Bueefalus,

375 3121 433 3175 et
457 3118 621 3174 stetit
659 3118 710 3173 in
745 3117 934 3174 medio
965 3123 1100 3175 ante
1129 3134 1330 3174 omnes
1359 3121 1590 3177 Persas.
1617 3121 1897 3178 Videntes
1928 3137 2028 3180 au-

374 3211 490 3264 tem
523 3222 654 3264 eum
678 3209 891 3278 Pcrsm,
915 3207 1239 3264 timuerunt
1271 3209 1354 3264 ire
1385 3224 1560 3280 super
1589 3225 1742 3280 eum,
1777 3211 1907 3282 quia
1943 3211 2026 3268 di-

371 3296 588 3353 vinitas
621 3297 884 3368 quaedam
911 3297 1289 3368 coeperiebat
1321 3313 1473 3354 eum.
1522 3297 1602 3368 (F.
1629 3299 1774 3367 208.)
1831 3301 2023 3358 Mixtis

369 3390 561 3443 autem
599 3387 868 3457 utrisque
893 3387 1183 3458 partibus,
1211 3388 1546 3458 pugnabant
1569 3387 1802 3460 acriter,
1831 3390 2025 3446 multi-

369 3490 480 3546 que
511 3475 824 3543 cadebant;
882 3476 986 3532 sed
1017 3492 1088 3531 ex
1121 3481 1288 3546 parte
1317 3477 1472 3532 Darii
1521 3476 1776 3548 plurimi.
1808 3479 2022 3537 Videas

368 3563 566 3635 itaque
599 3563 808 3620 Darius
861 3564 993 3634 quia
1029 3564 1193 3619 multi
1243 3565 1513 3620 cecidere
1545 3566 1616 3621 de
1651 3566 1796 3636 suis,
1828 3568 2018 3638 fugam

368 3651 528 3719 iniit;
585 3653 855 3721 fugerunt
886 3657 946 3708 et
972 3654 1186 3724 Persa},
1225 3652 1539 3710 multitudo
1567 3670 1707 3711 vero
1741 3671 2016 3714 curruum

369 3738 714 3797 falcatorum
751 3740 1042 3810 fugientes
1069 3741 1418 3798 occidebant
1449 3743 2016 3817 suos,jacebantque

365 3829 521 3886 sicut
543 3829 821 3884 messisin
853 3843 1078 3900 campo.
1108 3829 1357 3884 Veniens
1376 3835 1569 3886 autem
1594 3833 1798 3890 Darius
1820 3834 1892 3890 ad
1918 3835 2018 3894 ﬂu-

364 3918 542 3989 vium,
575 3920 632 3974 et
667 3917 966 3973 inveniens
1024 3933 1154 3974 eum
1189 3918 1376 3974 adhuc
1407 3920 1797 3994 congelatum,
1857 3927 2017 3980 tran-

365 4006 496 4074 siit;
522 4007 625 4063 sed
641 4007 906 4078 sequenti
929 4006 1303 4064 multitudine
1323 4008 1708 4084 ingrediente,
1727 4013 2012 4072 dissoluta

363 4095 712 4167 estglacies,
747 4101 803 4152 et
839 4096 1072 4169 plurimi
1109 4097 1508 4165 mortuisunt;
1543 4100 1639 4172 qui
1667 4117 1804 4159 vero
1827 4103 2014 4175 ingre-

363 4183 420 4240 di
454 4199 566 4242 non
601 4189 888 4258 poterant,
942 4200 1045 4243 eos
1077 4186 1452 4257 insequentes
1485 4189 1830 4248 Macedones
1861 4195 2014 4250 occi-

359 4273 594 4330 debant.
629 4274 798 4345 Fugit
819 4278 1014 4332 autem
1036 4275 1262 4346 Darius,
1313 4282 1372 4332 et
1395 4277 1694 4348 ingressus
1725 4281 2010 4352 palutium

356 4377 544 4434 suum,
590 4365 910 4435 prostravit
946 4378 1008 4420 se
1041 4379 1220 4436 super
1249 4367 1451 4424 faciem
1485 4383 1648 4425 suam
1683 4370 1738 4425 in
1768 4375 2006 4444 terram,

352 4465 424 4508 ex
445 4451 680 4523 altoque
695 4457 930 4524 pectore
945 4453 1090 4511 dura
1116 4455 1354 4512 trahens
1367 4457 1641 4529 suspiria,
1661 4457 1810 4514 dixit
1837 4479 1848 4514 :
1872 4462 2011 4520 Heu

351 4553 461 4610 me,
486 4541 718 4612 quanta
735 4541 1052 4600 tribulatio
1073 4544 1469 4614 apprehendit
1489 4545 1828 4618 Persidam,
1857 4549 2009 4620 quia

2157 1967 2358 2018 cerent
2390 1963 2581 2020 Dario.
2642 1965 2982 2036 Precipiens
3015 1965 3212 2035 itaque
3244 1965 3524 2024 militibus
3577 1967 3701 2025 suis
3732 1972 3792 2025 ut

2157 2054 2420 2107 mortuos
2443 2051 2764 2123 sepelirent
2785 2057 2845 2109 et
2865 2052 3188 2109 vulneratis
3219 2053 3557 2110 medicinam
3580 2055 3793 2127 impen-

2155 2139 2382 2210 derent,
2417 2139 2753 2212 aliquantos
2801 2140 2926 2198 dies
2956 2141 3228 2197 hiemavit
3260 2142 3358 2213 ibi,
3395 2143 3609 2200 faciens
3636 2143 3794 2201 obla-

2151 2228 2368 2284 tionem
2393 2229 2506 2285 diis
2525 2229 2679 2298 suis;
2714 2223 3094 2302 precepitque
3123 2230 3407 2288 militibus
3434 2231 3554 2288 suis
3582 2238 3646 2289 ut
3667 2231 3792 2305 pul-

2147 2317 2433 2374 cherrima
2459 2317 2675 2389 palatia
2693 2319 2892 2376 Xersis
2909 2319 3062 2390 regis
3075 2319 3512 2376 comburerent:
3539 2319 3642 2377 sed
3660 2335 3792 2393 pau-

2149 2405 2328 2464 lulum
2355 2407 2700 2479 poenitentia
2731 2408 2946 2464 ductus
2963 2408 3143 2479 jussit
3166 2412 3229 2464 ut
3249 2409 3357 2466 hoc
3379 2424 3490 2466 non
3515 2409 3785 2467 facerent.

2146 2496 2323 2552 Erant
2348 2501 2542 2553 autem
2568 2497 2622 2552 in
2649 2497 2872 2554 hisdem
2899 2497 3044 2554 locis
3074 2497 3383 2570 sepulchra
3407 2503 3783 2571 mortuorum,

2147 2599 2276 2655 quae
2301 2585 2608 2656 fodientes,
2635 2586 2984 2643 invenerunt
3013 2601 3150 2643 vasa
3185 2600 3362 2642 aurea
3382 2591 3440 2643 et
3488 2591 3783 2659 argentea,

2145 2673 2491 2730 invenerunt
2516 2675 2690 2731 etiam
2729 2674 3101 2747 sepulchrum
3124 2674 3476 2746 olivitreum,
3509 2676 3580 2732 de
3611 2691 3724 2748 quo
3752 2691 3784 2732 a

2145 2762 2285 2818 foris
2315 2764 2633 2834 apparebat
2657 2779 2874 2836 corpus
2895 2763 3146 2821 hominis
3165 2771 3224 2820 et
3239 2763 3433 2836 capilli
3457 2764 3598 2835 ejus.
3626 2766 3786 2822 Inve-

2143 2856 2352 2908 nerunt
2379 2867 2610 2922 quoque
2638 2852 2715 2908 ibi
2740 2853 2970 2923 turrim,
3007 2853 3061 2908 in
3091 2867 3200 2924 qua
3217 2853 3382 2909 multi
3403 2854 3654 2911 truncati
3684 2853 3786 2911 bo-

2141 2940 2347 3012 mines,
2376 2939 2472 2996 alii
2503 2957 2644 2998 vero
2672 2947 2841 2998 erant
2878 2941 2956 2997 ibi
2979 2941 3034 2998 in
3058 2941 3349 3012 custodia,
3384 2943 3480 3013 qui
3501 2941 3784 3000 clamave-

2142 3033 2276 3084 runt
2301 3029 2369 3085 ad
2399 3029 2809 3101 Alexandrum,
2837 3030 3292 3087 misericordiam
3317 3030 3701 3102 postulantes,
3720 3034 3781 3088 ut

2140 3115 2562 3174 liberarcteos.
2590 3121 2716 3190 Ipsa
2752 3133 2889 3176 vero
2934 3118 3199 3175 custodia
3224 3123 3349 3175 erat
3373 3119 3638 3192 pessima.
3674 3118 3780 3186 Qui

2132 3204 2315 3274 jussit
2339 3222 2441 3263 eos
2473 3205 2737 3263 abstrahi
2771 3207 2842 3264 de
2877 3207 3000 3278 ipsa
3029 3207 3319 3279 custodia,
3353 3214 3412 3264 et
3433 3207 3637 3265 videns
3656 3221 3776 3278 eos,

2139 3293 2326 3351 doluit
2341 3301 2400 3351 et
2414 3296 3078 3369 ploravit,precepitque
3093 3296 3340 3368 singulis
3356 3296 3494 3353 dare
3509 3297 3780 3368 dragmas

2138 3383 2316 3454 mille,
2349 3385 2671 3441 restituens
2703 3385 2820 3442 illis
2847 3386 3245 3458 proprietates
3267 3401 3422 3443 suas.

2206 3474 2362 3528 lnter
2382 3472 2503 3530 baze
2531 3474 2865 3545 preparavit
2888 3489 2949 3530 se
2969 3475 3176 3530 Darius
3199 3475 3388 3530 denuo
3410 3473 3480 3531 ad
3506 3489 3775 3546 pugnam,

2135 3560 2494 3632 scripsitque
2526 3562 2836 3632 epistolam
2867 3563 2937 3618 ad
2969 3565 3182 3620 Porum
3215 3578 3406 3633 regem
3429 3563 3700 3620 Indorum
3719 3564 3777 3619 in

2131 3648 2254 3706 hzee
2279 3651 2453 3706 verba
2480 3670 2492 3706 :
2517 3653 2750 3709 Darius
2769 3667 2882 3709 rea:
2894 3668 3100 3725 regum
3126 3654 3258 3724 reqi
3288 3655 3440 3710 Poro
3453 3653 3770 3725 gaudium.

2128 3739 2334 3808 Nuper
2361 3741 2578 3811 scripsi
2592 3740 2674 3796 ad
2703 3741 2758 3797 te
2779 3742 3142 3813 deprecando
3168 3741 3474 3813 utfaceres
3485 3739 3650 3799 nobis
3677 3742 3775 3799 ad-

2115 3825 2418 3896 jutorium
2435 3831 2640 3886 contra
2653 3829 2791 3887 illos
2801 3833 2909 3902 qui
2921 3831 3120 3888 conati
3131 3831 3274 3888 sunt
3291 3830 3588 3902 dissipare
3601 3831 3773 3902 pala-

2131 3914 2282 3970 tium
2310 3916 2594 3986 uostrum,
2610 3920 2763 3988 quia
2777 3918 2900 3975 hac
2917 3918 3124 3988 bestia,
3141 3933 3273 3990 qua
3290 3919 3634 3989 oenitsuper
3643 3933 3765 3989 nos,

2111 4004 2382 4076 ferocem
2401 4005 2850 4078 babetmentem,
2885 4008 2945 4064 et
2970 4009 3188 4065 aestuat
3210 4009 3589 4078 animusejus
3615 4009 3776 4065 sicut

2129 4095 2440 4166 tempestas
2469 4095 2678 4152 maris.
2715 4096 2793 4166 (F.
2829 4097 2978 4167 209.)
3031 4095 3540 4166 Voluirecolliqere
3559 4095 3632 4154 ab
3661 4097 3768 4154 illo

2123 4185 2376 4240 matrem
2393 4184 2452 4240 et
2473 4198 2718 4242 uxorem
2740 4185 2799 4242 et
2811 4185 2990 4257 ﬁlias
3011 4186 3072 4243 et
3094 4184 3308 4258 oferre
3327 4186 3426 4242 illi
3441 4199 3689 4243 munera
3713 4185 3774 4242 et

2123 4271 2722 4344 noluitacq-uiescere.
2747 4275 2922 4332 Nunc
2931 4287 3066 4332 vero
3078 4288 3294 4346 quanio
3302 4275 3356 4332 is
3365 4273 3494 4332 sine
3503 4274 3769 4331 volunta-

2126 4360 2178 4416 te
2187 4373 2317 4417 mea
2327 4362 2603 4434 pugnabo
2614 4364 2834 4420 iterum
2845 4377 2977 4420 cum
2993 4363 3766 4436 eo,conqreqatisqueqenti-

2124 4447 2229 4506 bus
2241 4451 2450 4508 multis
2466 4450 2699 4508 certabo
2715 4466 2898 4524 usque
2908 4453 2992 4509 ad
2998 4453 3260 4524 mortem,
3287 4454 3434 4524 quia
3443 4451 3658 4509 melius
3680 4452 3770 4510 est

2119 4537 2470 4598 micbimori
2482 4541 2547 4597 in
2569 4539 2736 4611 bello,
2761 4554 2946 4612 quam
2956 4542 3156 4598 videre
3169 4541 3763 4614 desolationemrequi

356 4629 718 4688 humiliatus
731 4631 822 4688 est
843 4630 1096 4702 Darius,
1111 4632 1220 4704 qui
1254 4632 1800 4706 subjuqaoitatque
1811 4637 1878 4694 in
1900 4653 2008 4710 φο-
2037 4637 2090 4698 D
2120 4627 2384 4699 etaetatis
2401 4643 2558 4686 mee-
2599 4629 3066 4702 Conarebamini
3091 4644 3228 4703 erro
3249 4631 3309 4688 et
3331 4629 3550 4702 parate
3562 4643 3660 4688 υοε
3683 4629 3764 4686 ad

357 4717 608 4776 tentiam
619 4720 1034 4792 suamredeqit
1059 4720 1496 4791 m-uttasqentes
1506 4731 1527 4778 ,ι
1538 4724 1616 4779 In
1621 4727 1839 4794 puncto
1860 4729 2007 4788 arti-

350 4807 474 4865 culi
483 4810 669 4866 unius
681 4809 804 4866 diei
815 4809 1194 4880 euenit,qu
1204 4809 1462 4868 humiles
1475 4812 1819 4872 exaltentur
1827 4831 2004 4889 super

347 4895 552 4967 nubes,
571 4896 744 4954 etsub
753 4898 923 4956 limes
934 4898 1332 4956 humiliantur
1341 4914 1530 4972 usque
1542 4901 2003 4964 deorsum.Dein-

351 4986 424 5042 de
444 4986 679 5056 erigens
698 5000 762 5042 se
786 4991 847 5042 et
865 4986 919 5042 in
940 5001 1175 5044 sensum
1198 5001 1365 5046 suum
1393 4989 1642 5064 rediens,
1665 4994 1904 5067 scripsit
1927 4997 2000 5056 ad

355 5071 746 5132 Alexandrum
776 5074 1084 5147 epistolam
1116 5075 1446 5147 bujusmodi
1485 5099 1496 5134 :

416 5147 649 5204 Darius
659 5161 772 5203 rete
784 5147 1281 5206 dominatorimeo
1314 5152 1988 5227 Aleaandroqaudiwm.

341 5233 706 5292 Recordetur
719 5236 826 5294 tua
836 5237 1168 5308 clementia,
1185 5241 1335 5308 quia
1346 5241 1405 5298 et
1415 5241 1479 5298 tu
1489 5242 1657 5300 homo
1669 5258 1748 5311 es;
1762 5247 2002 5319 sufﬁcit

343 5333 539 5379 autem
551 5322 857 5382 bominiin
868 5340 986 5397 quo
1010 5329 1316 5398 sapientia
1327 5331 1580 5403 est,cum
1599 5333 1884 5392 habuerit
1907 5338 1998 5394 oi-

342 5410 612 5481 ctoriam,
635 5415 841 5473 utnon
857 5417 1118 5475 eleoetur
1139 5419 1399 5492 amplius
1418 5437 1580 5480 mens
1597 5425 1730 5496 ejus
1742 5466 1756 5480 .
1785 5426 1996 5484 Recor-

345 5499 494 5558 dare
527 5503 722 5575 iqitur
758 5506 910 5576 quia
949 5522 1212 5579 superna
1248 5511 1543 5570 divinitas
1569 5515 1858 5572 concessit
1885 5513 1998 5576 tibi

347 5586 850 5678 liancoictoriam,
859 5596 1074 5667 etquia
1082 5599 1562 5674 refugiumfacio
1573 5601 1658 5660 ad
1669 5602 1722 5660 te
1735 5620 1751 5670 ;
1774 5605 1996 5678 impen-

344 5673 417 5734 de
437 5680 628 5768 michi
646 5683 1290 5758 misericordiam;scis
1309 5673 1467 5748 enim
1485 5705 1592 5752 nos
1610 5673 1996 5768 nostramque

347 5766 742 5833 nativitatem
783 5771 967 5846 atque
1000 5777 1484 5852 magnitudinem
1492 5797 1520 5854 ,·
1551 5783 1796 5843 concede
1829 5766 2001 5848 nobis

2115 4719 2323 4790 portas
2338 4720 2612 4794 Caspias.
2634 4721 2916 4780 Omnibus
2941 4721 3359 4794 quieobiscum
3369 4721 3639 4778 venerint
3658 4720 3760 4778 da-

2118 4809 2244 4865 tum
2258 4808 2427 4878 dabo,
2451 4811 2784 4882 unicuique
2795 4811 2992 4882 pediti
2987 4825 3102 4884 per
3113 4809 3384 4884 singulos
3393 4822 3616 4868 menses
3624 4807 3758 4867 sali-

2116 4897 2218 4955 dos
2231 4899 2368 4968 tres,
2403 4897 2598 4971 equiti
2632 4913 2768 4958 vero
2795 4900 3081 4974 quinque,
3115 4903 3176 4958 et
3208 4899 3762 4958 cibariaillorumet

2111 4990 2845 5061 quacumquenecessaria
2868 4989 3292 5062 tribuamitlis,
3328 4987 3754 5061 despoliiscero

2109 5077 2482 5150 captivorum
2499 5078 2875 5136 medietatem
2897 5078 3171 5138 dabimus
3183 5078 3316 5148 tibi,
3332 5077 3600 5136 caballus
3617 5090 3756 5148 quo-

2110 5178 2227 5236 que
2235 5165 2568 5238 Bucefalus
2580 5166 2641 5222 et
2655 5168 2971 5238 imperiale
2977 5168 3404 5241 paramentum
3421 5165 3754 5235 Alexandri

2111 5253 2278 5310 tuum
2289 5255 2392 5324 sit,
2408 5256 2466 5312 et
2479 5255 2836 5328 ubicumque
2845 5257 3229 5329 applicueris,
3246 5256 3394 5316 dabo
3407 5255 3518 5314 tibi
3527 5255 3752 5314 centum

2111 5342 2839 5414 etoctoqintajuoencutas
2853 5360 2982 5403 cum
2996 5347 3364 5405 ornamentis
3375 5359 3598 5404 earum.
3608 5344 3750 5404 Cum

2109 5434 2408 5504 acceperis
2435 5435 2748 5506 epistolam
2771 5433 2946 5506 hanc,
2954 5435 3199 5508 festina
3213 5436 3434 5494 venire.

2179 5523 2452 5579 Homines
2483 5537 2622 5580 vero
2651 5523 2806 5580 Darii
2871 5525 3158 5596 fugientes
3213 5523 3284 5581 ad
3338 5522 3744 5594 Alexandrum,

2107 5610 2532 5669 nunciaverunt
2569 5611 2622 5668 ei
2655 5612 2844 5670 omnia
2886 5611 3030 5671 hanc.
3058 5613 3166 5680 Qui
3193 5613 3439 5672 audiens
3469 5613 3594 5672 haec
3621 5626 3750 5686 pre-

2105 5701 2337 5774 paravit
2355 5713 2440 5773 se,
2469 5705 2532 5758 et
2553 5701 2704 5758 dixit
2733 5702 3004 5762 omnibus
3031 5707 3094 5762 ut
3126 5702 3288 5763 nullo
3317 5703 3490 5763 modo
3518 5716 3748 5762 vocare-

2101 5793 2202 5850 tur
2257 5789 2598 5868 imperator,
2645 5791 2694 5852 si
2743 5805 2987 5869 regnum
3029 5793 3188 5852 Darii
3225 5806 3339 5855 non
3368 5792 3710 5870 optinuisset
