3932 6412
331 352 450 428 587

1489 346 1969 416 EKKEHARDI
2012 345 2564 416 URAUGIENSIS

3617 348 3746 414 588

336 481 1979 566 litudinepersensit,muriobiceposterioratutatuscon—
2007 484 2062 543 A
2093 485 2204 551 ret,
2237 480 2310 537 ad
2343 480 2543 538 urbem
2577 479 2885 553 quandam,
2916 470 3008 538 cui
3043 477 3278 538 Ambira
3327 493 3433 536 rex
3473 484 3736 552 preerat,

338 584 556 641 trarios
575 581 804 639 facilius
823 591 892 634 eo
931 590 1116 647 usque
1148 573 1644 645 sustinuit,donec
1693 570 1979 643 perfossis

338 672 522 731 muris
544 669 733 728 omnis
763 666 1062 724 exercitus
1085 663 1434 735 ingreditur.
1469 664 1529 717 In
1559 676 1628 717 eo
1664 658 1864 733 praelio
1894 673 1983 715 sa-

335 762 484 833 gitta
517 760 624 818 sub
654 771 896 814 mamma
922 753 1229 824 trajectus,
1266 752 1380 807 ﬁxo
1428 766 1581 822 genu
1604 753 1847 806 eatenus
1880 762 1982 819 pu-

334 849 555 921 gnavit,
589 847 773 903 donec
796 858 950 914 eum,
985 858 1015 899 a
1036 857 1151 914 quo
1167 840 1512 899 vulneratus
1529 842 1641 909 est,
1658 835 1976 894 occideret.

338 933 827 995 Indeconscensis
841 932 1090 988 navibus
1120 928 1469 986 cumoccani
1502 927 1675 983 litora
1711 938 1981 997 peragra-

2096 570 2377 641 pervenit,
2397 571 2500 626 sed
2528 570 2581 625 in
2597 571 2989 642 expugnation
3004 570 3304 626 ecivitatis
3328 583 3584 638 magnam
3609 584 3743 641 par-

2092 662 2209 715 tem
2234 666 2535 716 exercitus
2554 661 2788 731 sagittis
2803 661 3060 717 hostium
3083 674 3305 716 veneno
3330 658 3495 714 illitis
3518 659 3734 724 amisit;

2093 750 2151 801 at
2180 752 2315 818 post
2344 750 2520 804 herba
2550 764 2659 819 per
2680 748 2965 805 somnium
2979 748 3090 803 sibi
3114 752 3351 804 ostensa
3371 754 3431 804 et
3455 747 3511 803 in
3535 752 3733 819 potum

2093 834 2308 891 sauciis
2339 835 2493 907 data,
2530 852 2661 893 cum
2695 836 3384 907 reliquissubveniretur,
3421 836 3734 893 urbemex-

2092 923 2393 994 pugnavit.

903 1029 1011 1090 DE
1054 1026 1590 1089 MIRABILIBUS
1635 1023 1854 1094 QUAS
1897 1019 2406 1082 ALEXANDER
2450 1023 2771 1083 VIDISSE
2815 1023 3166 1083 DICITUR.

407 1132 469 1188 ln
499 1129 589 1187 his
618 1144 760 1199 ergo
784 1126 1096 1183 itineribus
1126 1140 1252 1195 quae
1285 1127 1342 1179 et
1359 1126 1571 1194 quanta
1594 1119 1977 1193 pertuleritet
2089 1131 2224 1174 area
2246 1122 2305 1174 et
2346 1134 2504 1175 mare
2528 1121 2681 1177 sicut
2711 1121 2890 1177 draco
2917 1135 3133 1189 gyrans
3181 1134 3325 1176 eam.
3363 1121 3557 1177 Divina
3590 1136 3729 1179 vero

335 1234 507 1293 quam
538 1216 800 1274 miranda
822 1213 1224 1286 conspexerit,
1258 1213 1403 1283 ipsc,
1431 1215 1492 1268 ut
1528 1211 1736 1279 fertur,
1761 1207 1829 1263 ad
1865 1221 1980 1262 ma-

333 1310 484 1364 trem
504 1319 666 1362 suam
692 1301 1091 1376 Olympiadem
1105 1304 1166 1356 et
1180 1299 1522 1368 magistrum
1562 1311 1729 1353 suum
1755 1294 1982 1351 Aristo-

334 1394 498 1451 tilem
530 1391 758 1461 scribit,
781 1390 851 1446 de
876 1389 1094 1460 quibus
1108 1387 1299 1458 aliqua
1316 1387 1390 1442 ob
1414 1383 1863 1441 delectationem
1884 1395 1984 1436 no-

333 1482 490 1540 ticiae
520 1495 713 1537 rerum
770 1477 1126 1534 mirabilium
1145 1475 1465 1533 breviando
1509 1470 1979 1545 perstringimus,

336 1574 598 1627 ceterum
614 1568 921 1624 veritatem
938 1566 1195 1637 ipsarum
1211 1561 1639 1631 rerumjudicio
1665 1557 1980 1629 legentiu'n

337 1656 739 1727 relinquimus.
769 1653 953 1724 (Hist.
981 1654 1230 1710 Λιβίας.
1256 1651 1451 1706 Bamb.
1482 1650 1517 1704 f.
1570 1648 1720 1720 216.)
1764 1645 1982 1702 Scribit

2090 1206 2284 1263 virtus
2316 1208 2676 1265 obumbrans
2696 1209 2936 1280 griphes
2956 1209 3189 1279 dejecit,
3224 1223 3326 1265 eos
3356 1209 3413 1264 in
3435 1214 3649 1266 terram
3672 1211 3731 1266 in

2092 1295 2223 1352 loco
2251 1298 2568 1368 campestri
2593 1297 2763 1367 longe
2786 1300 2858 1353 ab
2879 1298 3144 1354 exercitu
3168 1298 3377 1353 itinere
3401 1298 3625 1355 dierum
3637 1299 3735 1356 de-

2093 1398 2219 1440 cem
2249 1384 2497 1450 ;nullam
2524 1390 2716 1441 tamen
2738 1385 3014 1442 lesionem
3030 1386 3315 1441 sustinuit
3337 1386 3661 1444 Alexander
3677 1387 3734 1443 in

2092 1472 2525 1541 cancellisillis,
2557 1488 2687 1529 cum
2710 1474 2844 1528 forti
2878 1488 3017 1529 vero
3042 1473 3310 1543 angustia
3354 1472 3591 1543 junctus
3643 1480 3735 1530 est

2097 1560 2382 1617 militibus
2412 1561 2743 1627 suis.Quem
2777 1561 3047 1617 videntes
3079 1561 3263 1616 laetati
3317 1565 3470 1631 sunt,
3518 1561 3737 1617 collau-

2095 1648 2303 1705 dantes
2333 1651 2706 1706 eum.ltcrum
2724 1651 2885 1705 venit
2908 1650 2962 1705 in
2992 1665 3093 1705 cor
3115 1650 3262 1720 ejus,
3282 1654 3343 1705 ut
3369 1656 3737 1706 mensuraret

338 1745 534 1815 itaque
560 1744 630 1800 ad
664 1747 907 1798 matrem
933 1755 1117 1807 suam,
1150 1738 1282 1810 quia
1311 1753 1443 1794 cum
1476 1736 1664 1847 adhuc
1712 1734 1769 1790 in
1803 1734 1983 1847 Babi-
2010 1786 2066 1847 Β
2096 1737 2446 1807 profundum
2478 1739 2671 1808 maris,
2706 1739 3051 1809 vocavitque
3079 1737 3405 1807 astrologos
3424 1742 3480 1793 et
3508 1751 3739 1806 geome-

338 1832 353 1847 I
443 1832 483 1847 ογ
542 1846 547 1847 ,
603 1831 651 1847 o,
708 1844 799 1847 ,,,,-
830 1844 861 1847 μ
900 1828 1277 1847 -..μ-ν.1-....ι--..
1316 1825 1378 1847 ,1-
1420 1829 1575 1847 Δις-...ι
1604 1825 1616 1847 :
1674 1838 1698 1847 Α
1753 1822 1914 1847 Anne:
1968 1822 1979 1847 ε
2095 1824 2279 1847 Δ..ε..--
2335 1841 2434 1847 __-
2458 1826 2667 1847 -:_._'-__-
2699 1827 2775 1847 Δρ-
2801 1831 2859 1847 --Α
2884 1828 3135 1847 r._A__.-_n
3168 1826 3271 1847 -:L:
3296 1825 3588 1847 _-----_I--_..
3617 1827 3731 1847 A-I,-

337 1832 494 1888 lonia
526 1831 869 1902 priusquam
891 1828 1277 1898 egrederetur
1312 1825 1382 1881 de
1420 1829 1579 1881 terra
1604 1822 1723 1893 illa,
1750 1831 1876 1878 erat
1904 1822 1980 1876 ibi

338 1919 548 1977 mulier
563 1920 848 1990 quaedam,
874 1932 1001 1988 quae
1018 1915 1248 1987 peperit
1272 1914 1472 1983 ﬁlium,
1495 1913 1592 1984 qui
1614 1913 1685 1968 ab
1711 1910 1983 1968 umbilico

336 2014 398 2065 et
428 2023 662 2066 sursum
689 2011 818 2063 erat
846 2010 909 2063 ut
935 2007 1123 2073 homo,
1151 2005 1422 2061 deorsum
1448 2008 1641 2059 autem
1661 2004 1789 2057 erat
1813 2004 1873 2056 ut
1891 2001 1985 2055 be-

335 2097 449 2154 stia
481 2096 923 2153 similitudinem
948 2093 1170 2150 habens
1192 2092 1371 2149 canis.
1416 2091 1524 2158 Qui
1566 2104 1695 2146 cum
1728 2088 1986 2161 peperis-

336 2190 448 2256 set,
508 2183 811 2256 cooperuit
843 2197 973 2239 eum
998 2182 1358 2253 adduxitque
1432 2178 1761 2236 Alexandro
1836 2177 1979 2249 regi,

338 2272 704 2342 mandansei,
724 2271 1279 2328 utliceretsibicum
1303 2285 1371 2327 eo
1407 2273 1637 2326 secrete
1656 2266 1983 2337 loqui.Quze

336 2378 467 2421 cum
489 2360 1032 2419 vocataveniretait
1058 2359 1240 2425 ;Jube
1252 2374 1447 2418 omnes
1469 2359 1655 2428 exire,
1697 2357 1985 2415 secretum

337 2449 1391 2519 habeoiudicaretibi.0mnibusergo
1405 2446 1840 2515 recedentibus,
1870 2444 1980 2501 dis-

335 2539 681 2611 c00periens
714 2537 1063 2594 infantulum
1088 2536 1437 2593 monstravit
1481 2536 1554 2591 ei.
1581 2534 1759 2601 Quem
1774 2533 1981 2591 videns

338 2627 717 2698 rex,miratus
730 2631 843 2697 est,
867 2642 1010 2683 voca
1043 2631 1221 2696 toque
1236 2622 1835 2693 ariolo,interrogavit
1851 2637 1978 2678 eum

338 2716 473 2786 quid
515 2715 623 2771 hoc
645 2715 1045 2787 portenderet.
1089 2711 1719 2785 Quisuspiransdixit:
1758 2712 1802 2768 Ο
1850 2723 1979 2781 rex,

337 2802 851 2877 appropinquabit
860 2804 1084 2874 tempus
1098 2802 1361 2871 tuum,ut
1370 2814 1547 2857 exeas
1562 2799 1631 2856 de
1643 2800 1749 2857 Iwe
1764 2798 1978 2856 seculo.

337 2892 631 2950 Medietas
643 2893 925 2962 corporis,
941 2904 1073 2961 qua
1086 2889 1265 2946 habet
1278 2889 1578 2961 aspectum
1605 2889 1886 2958 hominis,
1919 2888 1984 2943 tu

339 2994 420 3051 es,
437 2993 585 3052 pars
613 2980 812 3037 autem
826 2992 1001 3036 versa
1017 2980 1082 3035 iu
1097 2978 1344 3035 bestiam
1389 2978 1654 3034 homines
1694 2978 1843 3035 sunt
1874 2977 1985 3047 qui

328 3068 472 3140 post
486 3067 801 3125 teveuieut.
827 3067 1081 3124 Audiens
1095 3067 1220 3123 haec
1235 3066 1586 3135 Alexander,
1600 3065 1796 3121 tristis
1815 3064 1984 3121 eﬁ‘ec-

2095 1824 2301 1894 tricos,
2335 1826 2671 1897 precipiens
2693 1827 2778 1883 eis
2801 1831 2865 1882 ut
2882 1828 3141 1883 facerent
3164 1826 3272 1881 sibi
3296 1825 3593 1882 vasculum
3617 1827 3736 1882 tale

2097 1914 2154 1968 in
2185 1928 2297 1984 quo
2325 1915 2604 1985 possetin
2663 1915 3013 1986 profundum
3058 1914 3232 1970 maris
3277 1914 3636 1971 descendere
3674 1921 3736 1971 et

2098 2001 2633 2073 mirabiliaquaeibi
2658 2008 2793 2059 sunt
2840 2003 3192 2075 perspicere.
3240 2002 3347 2068 Qui
3408 2002 3734 2060 dixerunt:

2094 2092 2241 2148 Fiat
2268 2091 2800 2149 doliusolaeitreus
2813 2094 2872 2148 et
2888 2094 3108 2163 ligetur
3148 2091 3394 2161 catenis,
3425 2092 3484 2148 et
3523 2092 3745 2163 regant

2095 2193 2226 2236 eum
2252 2181 2479 2238 milites
2473 2179 2813 2252 fortissimi
2829 2179 3299 2237 iusubmitteudo
3320 2179 3734 2237 etreduceudo.

2098 2270 2216 2324 Hoc
2248 2269 2450 2325 audito
2485 2268 2834 2339 Alexander,
2867 2268 3129 2340 precepit
3176 2268 3314 2324 talia
3344 2268 3491 2330 ﬁeri.
3524 2273 3582 2324 et
3634 2267 3739 2324 tali

2096 2357 2268 2414 modo
2301 2358 2648 2429 perquirens
2675 2358 3023 2430 profundum
3071 2357 3270 2426 maris,
3302 2356 3446 2413 vidit
3473 2356 3739 2413 diversas

2099 2446 2315 2516 ﬁguras
2330 2446 2814 2502 diversicolorum
2834 2446 3078 2517 piscium
3099 2449 3160 2501 et
3176 2446 3344 2516 quasi
3369 2445 3739 2502 terrestrium

2094 2534 2427 2591 animalium
2457 2535 2806 2605 profundum
2833 2534 3009 2590 maris
3039 2533 3480 2604 ambulantium,
3531 2532 3739 2590 multa-

2095 2637 2206 2693 que
2241 2638 2368 2693 quae
2403 2623 2516 2679 dici
2553 2638 2666 2679 non
2701 2627 2972 2693 possunt.

2167 2712 2399 2782 (Ep.ad
2429 2712 2759 2768 Arist.Cod.
2790 2712 2982 2768 Bamb.
3021 2711 3058 2766 f.
3080 2709 3249 2783 228’.)
3285 2712 3599 2782 Postquam
3640 2724 3739 2767 au-

2095 2804 2209 2855 tem
2233 2799 2393 2855 venit
2417 2800 2471 2855 in
2504 2800 2804 2855 Persidam
2827 2804 2883 2854 et
2918 2798 3213 2854 interfecit
3255 2797 3487 2855 Darium
3539 2811 3735 2867 regem

2094 2902 2288 2943 mense
2317 2887 2482 2958 Maio,
2512 2892 2574 2944 ut
2599 2889 2722 2959 ipse
2744 2888 3027 2957 magistro
3060 2902 3166 2944 suo
3188 2886 3731 2955 Aristoteliscribit,

2095 2976 2426 3047 subjugavit
2458 2977 2567 3032 sibi
2595 2992 2819 3031 omnem
2883 2982 3099 3031 terram
3150 2976 3330 3046 illius,
3364 2979 3420 3032 et
3455 2975 3647 3047 posuit
3677 2975 3734 3029 in

2094 3065 2411 3136 provinciis
2434 3065 2679 3121 orientis
2702 3080 2840 3121 suos
2872 3065 3208 3134 honoratos,
3234 3069 3291 3119 et
3352 3064 3563 3121 divites
3597 3064 3733 3120 facti

339 3138 438 3215 tus
452 3161 564 3227 est,
589 3161 647 3213 et
678 3155 828 3212 dixit
854 3176 866 3211 :
899 3158 944 3213 Ο
969 3157 1272 3228 Juppiter,
1308 3155 1573 3227 apertuit
1623 3154 1865 3226 quidem
1917 3153 1989 3211 ut
2016 3138 2063 3200 Ο
2095 3158 2232 3209 sunt
2262 3168 2479 3209 omnes.
2512 3155 2702 3209 Mense
2728 3158 2921 3209 autem
2952 3152 3106 3209 Julio
3131 3153 3458 3223 deﬁciente,
3491 3151 3647 3208 venit
3678 3152 3737 3207 in

337 3246 466 3304 dies
483 3245 678 3303 obitus
702 3246 819 3301 mei
848 3246 917 3302 iu
930 3258 1085 3317 pace
1102 3245 1414 3316 ﬂuiretu/r,
1445 3244 1517 3300 ut
1540 3242 1648 3300 Ιιοσ
1677 3242 1983 3315 quodpro—

331 3336 507 3407 posui
518 3335 926 3407 perﬁceretur,
955 3334 1061 3391 sed
1080 3335 1230 3405 quia
1252 3333 1363 3390 tibi
1379 3334 1473 3391 sic
1484 3333 1707 3405 placet,
1750 3332 1986 3402 suscipe

336 3436 430 3479 me
460 3423 648 3480 tecum
675 3422 1089 3479 immortalem.

409 3511 490 3582 (Ρ.
523 3512 676 3583 217.)
711 3511 1049 3567 Coadunato
1080 3513 1274 3565 autem
1308 3508 1524 3581 populo
1557 3522 1684 3579 suo,
1744 3506 1986 3577 exiit,et

337 3599 495 3656 venit
531 3598 604 3655 ad
636 3598 936 3655 columnas
968 3596 1241 3669 Heraclii,
1295 3611 1465 3654 unam
1524 3609 1780 3667 auream,
1841 3595 1985 3651 alte-

339 3701 461 3743 ram
494 3690 854 3757 argenteam,
907 3686 1193 3742 habentes
1223 3686 1279 3741 in
1336 3684 1702 3755 longitudine
1750 3684 1984 3741 cubitos

337 3774 667 3845 duodecim,
702 3774 758 3829 in
789 3773 1101 3830 latitudine
1136 3772 1305 3831 duos.

408 3862 548 3919 Inde
578 3866 897 3932 moventes,
924 3861 1175 3931 ingressi
1207 3866 1345 3918 sunt
1403 3861 1701 3918 desertum
1754 3860 1985 3917 invene-

339 3957 593 4022 runtque
623 3951 749 4007 loca
778 3950 988 4020 frigida
1019 3954 1194 4021 atque
1228 3950 1314 4007 sic
1338 3951 1609 4020 obscura,
1636 3954 1699 4007 ut
1744 3961 1892 4021 pene
1921 3961 1984 4004 se

337 4042 543 4096 mutuo
573 4053 685 4095 non
719 4044 1127 4109 agnoscerent.

409 4128 548 4184 Inde
575 4126 942 4184 ambulantes
965 4141 1068 4199 per
1088 4131 1311 4199 septem
1330 4126 1477 4198 dies,
1493 4130 1779 4185 venerunt
1794 4125 1865 4182 ad
1882 4125 1985 4183 ﬁu-

335 4216 493 4275 vium
522 4216 796 4287 calidum,
821 4215 1212 4286 videruntque
1236 4216 1314 4271 ibi
1347 4216 1626 4273 mulieres
1641 4219 1979 4285 Amazonas,

337 4305 635 4377 speciosus
657 4304 851 4376 nimis,
886 4304 1223 4376 equitantes
1246 4304 1300 4360 in
1315 4304 1575 4361 horridis
1590 4304 1977 4361 vestimentis.

336 4398 614 4465 argentea
643 4407 800 4451 arma
824 4394 880 4450 in
914 4393 1180 4450 manibus
1209 4398 1522 4459 tenentes;
1555 4407 1637 4450 aes
1679 4397 1873 4449 autem
1920 4398 1981 4449 et

2094 3241 2314 3298 Indiam
2347 3242 2905 3312 Fasiacen,ubicum
2923 3256 3123 3310 magna
3141 3241 3449 3297 celeritate
3482 3241 3741 3298 vicitPo-

2097 3346 2222 3388 rum
2248 3346 2443 3401 regem
2468 3331 2803 3402 multasque
2822 3330 3308 3387 divitiasinvenit.
3338 3330 3734 3402 Apprebendit

2095 3421 2246 3478 enim
2286 3421 2584 3479 civitatem
2619 3420 2950 3493 ipsiusPori
2983 3425 3039 3476 et
3067 3420 3297 3476 domum
3326 3419 3452 3489 ejus
3482 3419 3740 3490 magniﬁ-

2097 3525 2244 3582 cam,
2278 3511 2332 3566 in
2361 3525 2470 3582 qua
2504 3511 2738 3567 fuerunt
2764 3509 3208 3581 quadringentae
3231 3508 3513 3565 columnae
3545 3524 3738 3565 aureae

2095 3614 2225 3656 cum
2256 3598 2554 3670 capitellis
2573 3599 2789 3667 aureis,
2820 3602 2876 3653 et
2914 3598 3169 3669 parietes
3198 3598 3404 3654 domus
3444 3602 3609 3653 erant
3640 3612 3736 3653 ve-

2096 3688 2225 3745 stiti
2253 3686 2484 3743 laminis
2497 3687 2714 3757 anreis,
2738 3703 2864 3758 qua:
2879 3691 3045 3742 erant
3058 3701 3276 3757 grossae
3292 3687 3346 3741 in
3361 3685 3738 3758 spissitudine

2096 3776 2253 3832 sicut
2286 3780 2377 3832 est
2403 3776 2621 3845 digitus
2639 3775 2910 3845 hominis,
2934 3775 3099 3832 vinea
3123 3790 3354 3846 quoque
3376 3789 3549 3831 aurea
3571 3780 3736 3831 etra-

2095 3864 2241 3921 cemi
2274 3864 2604 3935 cristallini,
2642 3865 2854 3936 quibus
2879 3864 3245 3936 interpositae
3276 3868 3442 3919 erant
3496 3878 3738 3934 gemmae

2096 3953 2293 4023 ignita)
2320 3958 2375 4009 et
2393 3954 2798 4023 smaragdinae.
2817 3954 3030 4009 Omnes
3044 3953 3217 4009 etiam
3243 3951 3591 4021 mansiones,
3608 3966 3738 4024 qua:

2097 4041 2325 4098 inerant
2359 4042 2669 4113 ei,ornatze
2699 4047 2865 4097 erant
2892 4042 2961 4098 de
3004 4041 3339 4111 margaritis
3398 4045 3456 4096 et
3514 4040 3739 4098 uniani-

2097 4131 2269 4188 nibus
2299 4135 2355 4187 et
2376 4130 2773 4197 carbunculis,
2808 4137 2869 4187 et
2892 4131 3412 4200 januashabebant
3450 4131 3520 4187 de
3556 4132 3735 4186 ebore

2095 4218 2247 4290 albo,
2282 4224 2342 4277 et
2374 4219 2668 4291 laquearia
2694 4220 2918 4276 subﬁxa
2935 4220 3007 4275 de
3028 4219 3182 4288 ligno
3200 4220 3351 4289 quod
3370 4218 3587 4275 dicitur
3603 4220 3738 4276 ebe-

2095 4323 2229 4364 num
2261 4314 2322 4365 et
2350 4309 2681 4379 estnigrum
2699 4310 3076 4379 nasciturque
3097 4307 3325 4364 inlndia
3340 4313 3399 4364 et
3421 4308 3725 4380 Ethyopia,

2093 4402 2153 4453 et
2184 4412 2429 4455 camerae
2460 4405 2627 4453 erant
2662 4398 2829 4455 facta)
2846 4397 3409 4469 decypressis.Foris
3427 4400 3619 4453 autem
3640 4411 3737 4453 ex-

339 4485 554 4542 ferrum
586 4484 793 4541 ibinon
816 4483 1135 4541 invenitur.
1156 4484 1412 4553 Jungens
1436 4488 1629 4540 autem
1655 4496 1718 4538 se
1749 4483 1982 4538 exerci-
2010 4497 2063 4558 D
2095 4491 2186 4543 tra
2218 4486 2448 4543 domum
2476 4490 2639 4543 erant
2672 4491 2883 4543 statuae
2913 4486 2984 4541 de
3015 4501 3158 4542 auro
3200 4485 3406 4557 positae
3420 4490 3479 4540 et
3501 4484 3718 4556 platani

334 4577 432 4632 tus
464 4573 741 4646 adipsum
776 4573 1035 4644 ﬂuvium,
1061 4571 1315 4628 transire
1343 4586 1456 4628 non
1486 4571 1702 4642 potuit,
1744 4570 1879 4641 quia
1901 4570 1983 4627 la-

332 4661 526 4719 titudo
557 4665 614 4718 et
646 4661 898 4718 altitudo
921 4660 1082 4717 illius
1113 4674 1317 4730 magna
1349 4663 1479 4715 erat
1511 4658 1701 4730 nimis,
1745 4656 1982 4729 plenus-

337 4764 449 4823 que
478 4755 607 4806 erat
639 4749 952 4821 reptilibus
973 4752 1033 4804 et
1065 4747 1288 4804 bestiis.

403 4836 628 4896 Abinde
659 4836 963 4893 venientes
1002 4835 1073 4892 ad
1107 4850 1264 4891 mare
1296 4835 1578 4905 Rubrum,
1629 4833 1979 4894 invenerunt

333 4931 589 4985 montem
610 4924 997 4994 nimisaltum,
1024 4926 1080 4980 in
1105 4938 1275 4995 quem
1300 4923 1705 4996 ascendentes,
1721 4925 1979 4984 visisunt

332 5016 470 5088 sibi,
503 5016 672 5087 quasi
703 5018 907 5071 essent
943 5013 999 5069 in
1023 5013 1194 5070 coelo.
1216 5012 1505 5082 Cogitavit
1527 5018 1719 5071 autem
1734 5014 1982 5072 Alexan-

331 5105 439 5164 der
468 5102 975 5173 cumamicissuis,
1006 5106 1072 5158 ut
1100 5101 1422 5158 instrueret
1443 5101 1683 5174 aliquid,
1718 5103 1835 5160 tale
1868 5119 1982 5176 quo

333 5192 875 5266 possetascendere
892 5191 1125 5261 coelum,
1160 5194 1224 5247 ut
1248 5191 1546 5263 probaret,
1584 5192 1630 5249 si
1688 5196 1846 5250 esset
1871 5193 1981 5249 hoc

334 5283 545 5339 caelum
578 5282 731 5354 quod
755 5278 1211 5339 videmus.Fecit
1231 5293 1370 5349 ergo
1394 5280 1506 5336 sibi
1527 5281 1725 5337 sedem
1745 5281 1980 5350 excogi-

334 5374 538 5442 tatam,
560 5373 618 5427 et
643 5370 1086 5445 apprehendens
1112 5368 1350 5441 griphes
1372 5368 1537 5441 duos,
1561 5369 1862 5439 colligavit
1879 5382 1980 5427 eos

333 5458 578 5529 catenis,
605 5464 664 5515 et
702 5458 892 5533 posuit
908 5463 1111 5516 vectes
1141 5462 1276 5515 ante
1307 5473 1429 5529 eos,
1463 5462 1522 5515 et
1545 5458 1599 5515 in
1643 5457 1977 5516 summitate

332 5561 538 5605 eorum
566 5546 787 5605 cibaria
819 5547 1408 5621 illorum.Cmperunt
1429 5547 1608 5618 igitur
1640 5561 1979 5606 sursumas-

334 5635 803 5722 Vindereﬁonec
825 5643 983 5698 terra
998 5641 1122 5698 tota
1143 5636 1256 5697 sibi
1275 5637 1586 5698 videbatur
1600 5636 1711 5698 sub
1733 5650 1795 5695 se
1809 5639 1977 5717 quasi

2094 4589 2307 4643 aureae,
2342 4574 2395 4631 ei
2427 4574 2579 4631 inter
2613 4574 2743 4630 illas
2763 4573 3128 4631 erantmulta
3143 4588 3356 4644 genera
3373 4573 3728 4631 ancellarum

2094 4663 2236 4721 varii
2253 4661 2488 4728 coloris,
2511 4662 2880 4719 ethabebant
2905 4662 3150 4733 ungulas
3163 4666 3219 4718 et
3237 4666 3427 4719 rostra
3443 4662 3728 4731 inaurata,

2092 4757 2152 4809 et
2182 4753 2238 4808 in
2288 4750 2566 4808 auriculis
2626 4751 2956 4822 pendebant
2984 4751 3315 4819 margaritae
3359 4754 3417 4806 et
3466 4751 3721 4807 uniones.

2094 4838 2266 4897 Multa
2298 4854 2529 4910 quoque
2560 4852 2698 4895 vasa
2731 4852 2989 4909 gemmea
3019 4844 3080 4894 et
3110 4837 3433 4895 cristallina
3462 4842 3523 4894 et
3551 4852 3724 4895 aurea

2093 4928 2312 4985 invenit
2345 4927 2445 4999 ibi,
2477 4933 2755 4997 argentea
2786 4943 2925 4984 vero
2959 4942 3161 4999 pauca.

2166 5018 2421 5088 Cumque
2443 5017 2631 5073 omnia
2664 5017 2720 5072 in
2755 5030 2858 5073 sua
2886 5022 3180 5088 potestate
3213 5017 3473 5086 haberet,
3510 5014 3731 5072 deside-

2094 5105 2243 5162 ravit
2276 5104 2611 5162 interiorem
2637 5105 2856 5162 Indiam
2872 5104 3071 5162 videre
3095 5104 3235 5161 etad
3284 5109 3486 5177 portas
3501 5104 3735 5175 Caspias

2094 5193 2426 5267 pervenire.
2464 5194 2588 5261 Quo
2622 5208 2753 5251 cum
2788 5193 3058 5249 tenderet
3094 5209 3221 5251 cum
3238 5193 3395 5249 omni
3435 5207 3538 5249 suo
3568 5207 3732 5249 exer-

2091 5282 2232 5352 citu,
2270 5288 2663 5355 pervenerunt
2699 5283 2769 5339 ad
2802 5283 3090 5355 quendam
3135 5282 3392 5353 fluvium,
3454 5283 3512 5338 in
3566 5283 3732 5354 cujus

2091 5372 2281 5429 medio
2308 5372 2656 5430 eratcivitas
2678 5377 2979 5444 cooperta,
3016 5372 3146 5429 etin
3176 5371 3429 5429 circuitu
3473 5370 3732 5428 civitatis

2090 5464 2379 5533 erataqua
2404 5461 2567 5532 quasi
2591 5459 2798 5518 stadiis
2821 5465 3077 5532 quatuor
3094 5477 3107 5527 ;
3125 5460 3250 5533 ipsa
3265 5474 3405 5518 vero
3437 5474 3584 5531 aqua
3604 5465 3733 5516 erat

2089 5564 2282 5608 amara
2307 5549 2479 5607 nimis
2499 5549 2661 5607 velut
2678 5548 3027 5607 elleborum.
3045 5549 3231 5622 (Hist.
3247 5550 3340 5608 Al.
3368 5549 3405 5605 f.
3427 5547 3597 5621 212’.)
3625 5547 3730 5606 Ubi

2088 5654 2220 5702 cum
2256 5639 2682 5725 applicuissent
2741 5639 2884 5699 hora
2940 5638 3059 5702 dic:
3113 5639 3318 5716 tercia,
3375 5637 3610 5721 quidam
3664 5652 3734 5701 ex
