3932 6412
210 377 347 439 589

1105 324 1544 436 CHRONIC'A.
1591 405 1658 417 —
1688 363 2168 433 CHRONICON
2210 363 2759 432 UNIVERSALE.

3521 368 3641 434 590

201 511 550 580 juvenibus
583 507 997 566 audacior-ibus
1039 481 1278 564 numero
1313 510 1383 561 27
1413 503 1736 575 evaginatis
1761 503 1882 574 gla-
1909 501 1966 563 Α
1998 515 2223 572 quoque
2252 516 2451 559 omnes
2470 517 2672 559 vocem
2697 502 2864 574 quasi
2887 503 2958 559 de
2987 503 3137 560 coelo
3179 503 3290 560 sibi
3315 503 3641 576 precipien-

211 598 339 654 diis
385 599 530 655 nudi
582 597 829 663 ingressi
877 599 1011 652 sunt
1043 595 1298 663 ﬂuvium,
1336 594 1437 649 sed
1471 597 1778 662 surgentes
1808 605 1881 647 ex

208 701 287 743 eo
326 687 547 743 bestiaa
579 701 707 756 qua;
767 684 1040 740 dicuntur
1096 682 1392 754 yppotami
1451 682 1878 737 devoraverunt

207 789 344 830 eos.
409 776 694 845 Gyrantes
722 777 914 828 autem
946 771 1127 827 ceteri
1159 771 1374 826 milites
1408 769 1643 826 ﬂuvium
1667 783 1739 824 ex
1769 768 1878 824 alia

209 867 422 934 parte,
446 866 835 932 perrexerunt
859 859 1152 930 superius,
1171 865 1229 914 et
1249 859 1878 926 inveneruntstagnum

209 950 424 1020 dulce,
474 950 670 1020 ibique
699 948 1083 1019 applicantes,
1137 947 1489 1003 acccderunt
1513 947 1689 1001 focos.
1727 947 1879 1000 Hora

208 1053 366 1094 vero
399 1037 593 1093 noctis
626 1037 807 1091 tercia
832 1040 1116 1090 exeuntes
1147 1035 1343 1091 subito
1376 1051 1446 1089 ex
1477 1033 1657 1104 ipsius
1687 1031 1878 1101 stagni

208 1125 583 1181 arundineto
641 1125 774 1180 fera:
834 1123 1160 1193 silvestres,
1217 1127 1501 1178 venerunt
1557 1121 1627 1175 ad
1688 1121 1877 1190 ipsum

207 1218 504 1283 stagnum
537 1213 760 1281 bibere,
789 1212 986 1268 leones
1027 1211 1185 1267 mirae
1219 1209 1652 1279 magnitudinis,
1689 1207 1874 1279 pardi,

210 1302 502 1372 tigrides,
527 1302 692 1373 porci
727 1301 980 1357 silvatici
1012 1300 1296 1356 habentes
1320 1300 1527 1354 dentes
1549 1299 1603 1353 in
1627 1297 1872 1365 longitu-

208 1390 356 1446 dine
387 1390 576 1447 cubiti
633 1390 825 1459 unius,
858 1388 1154 1460 elephanti
1185 1401 1416 1458 quoque
1446 1392 1502 1442 et
1537 1385 1880 1456 scorpiones

209 1481 516 1535 habentes
547 1478 972 1548 longitudinem
1030 1477 1204 1532 unius
1252 1475 1453 1532 cubiti.
1491 1476 1788 1530 Venerunt
1817 1478 1875 1528 et

207 1567 489 1622 homines
523 1565 800 1635 silvatici,
833 1565 1114 1620 habentes
1145 1578 1247 1620 sex
1272 1563 1484 1632 digitos
1516 1563 1571 1618 in
1613 1561 1879 1617 manibus

207 1660 268 1712 et
308 1655 590 1726 pedibus,
625 1654 720 1724 qui
777 1655 1070 1709 incursum
1104 1666 1372 1721 magnum
1404 1652 1665 1707 faccrunt
1698 1663 1878 1720 super

207 1743 464 1812 milites,
502 1744 606 1798 sed
636 1757 766 1798 cum
800 1740 1019 1796 lanceis
1051 1745 1110 1795 et
1142 1739 1376 1809 sagittis
1398 1740 1699 1810 ejecerunt
1720 1752 1822 1793 eos
1845 1751 1876 1792 a

1991 593 2128 660 tem,
2152 595 2212 645 ut
2238 590 2434 647 nullus
2466 591 2683 661 aliquid
2721 592 3012 648 insideret
3041 607 3110 648 ex
3133 593 3277 662 ipsis
3301 593 3635 665 arboribus,

1994 679 2125 748 quia
2160 679 2256 749 qui
2290 681 2505 735 faceret
2570 680 2901 736 moriretur.
2940 682 3114 736 Erant
3150 681 3227 735 ibi
3259 685 3316 735 et
3375 681 3638 738 volatilia

1993 767 2317 836 mitissima,
2353 769 2453 823 sed
2508 770 2860 840 quicumque
2916 768 3192 825 volebant
3251 784 3320 824 ea
3373 773 3634 841 tangere,

1991 857 2264 911 exiebant
2294 857 2443 926 ignis
2465 861 2523 912 et
2539 857 3019 914 incendebateos.
3039 859 3334 914 Moventes
3355 859 3532 914 etiam
3555 859 3638 915 in-

1992 946 2083 1014 de,
2117 951 2399 1001 venerunt
2431 945 2486 1000 in
2518 947 2661 1002 fines
2693 947 2891 1001 oceani
2918 947 3114 1016 maris,
3147 952 3208 1001 et
3237 946 3546 1002 audierunt
3581 948 3635 1002 in

1991 1033 2178 1089 insula
2203 1033 2449 1103 quadam
2473 1033 2734 1090 homines
2773 1035 3076 1104 loquentes
3098 1036 3334 1090 Grecam
3362 1035 3631 1103 linguam.

1991 1121 2235 1186 Quidam
2268 1137 2406 1178 vero
2435 1138 2507 1178 ex
2551 1123 2838 1179 militibus
2870 1127 3152 1180 exuentes
3184 1137 3266 1192 se,
3322 1122 3637 1179 voluerunt

1989 1209 2214 1279 ingredi
2247 1210 2319 1266 ad
2374 1211 2556 1282 ipsam
2611 1211 2878 1280 insulam,
2935 1211 3037 1266 sed
3093 1215 3398 1280 surgentes
3432 1212 3636 1268 bestiae

1990 1298 2251 1368 quaidam
2285 1298 2356 1354 de
2390 1299 2552 1368 mari,
2587 1300 3105 1370 apprehenderunt
3134 1315 3205 1356 ex
3233 1300 3319 1356 eis
3339 1300 3543 1368 viginti
3576 1304 3633 1356 et

1991 1387 2438 1443 submerserunt
2468 1388 2522 1442 in
2558 1387 2926 1458 profundum.

2061 1474 2280 1529 Exinde
2312 1482 2598 1531 venerunt
2632 1476 2686 1530 in
2720 1474 2908 1531 locum
2935 1476 3241 1546 quendam,
3277 1476 3328 1531 in
3364 1491 3478 1546 quo
3509 1481 3634 1532 erat

1990 1562 2164 1617 arbor
2189 1577 2374 1633 neque
2401 1564 2650 1619 fructum
2676 1564 2898 1620 habens
2923 1579 3109 1635 neque
3133 1564 3287 1634 folia,
3309 1569 3368 1620 et
3394 1565 3638 1621 sedebat

1990 1664 2168 1720 super
2199 1665 2323 1706 eam
2376 1651 2519 1720 avis,
2555 1653 2772 1708 habens
2803 1666 2980 1724 super
3027 1656 3202 1724 caput
3237 1668 3405 1709 suum
3437 1652 3635 1710 radios

1991 1736 2258 1794 lucentes
2291 1740 2444 1794 sicut
2474 1739 2580 1794 sol.

208 1848 296 1888 se.
335 1833 677 1887 Posuerunt
734 1835 927 1886 autem
988 1830 1176 1885 focum
1209 1829 1265 1882 in
1319 1829 1444 1899 ipsa
1479 1826 1625 1882 silva
1657 1826 1716 1895 (l‘.
1749 1827 1874 1894 213)
1907 1850 1960 1909 Β
2061 1817 2277 1883 Deinde
2309 1832 2596 1882 venerunt
2638 1827 2705 1882 ad
2741 1833 2990 1884 montem
3041 1829 3346 1899 quendam,
3380 1829 3488 1885 sub
3520 1844 3634 1902 quo

208 1920 597 1988 arundinum,
648 1923 710 1974 ut
748 1920 1016 1987 fugerent
1073 1917 1217 1987 ipsa;
1250 1917 1406 1985 ferze,
1437 1920 1497 1971 et
1527 1929 1688 1984 ecce,
1719 1914 1879 1970 venit

206 2023 399 2081 super
411 2022 519 2063 eos
538 2007 724 2062 bestia
741 2007 901 2062 mirae
918 2004 1525 2073 fortitudinis,fortior
1539 2002 1741 2074 elcpha
1752 2006 1866 2073 nte,

208 2113 343 2169 quae
371 2096 609 2152 irruens
646 2094 862 2150 occidit
892 2108 964 2148 ex
995 2094 1080 2148 eis
1124 2091 1332 2162 viginti
1360 2106 1483 2161 sex,
1519 2091 1751 2162 quidam
1781 2106 1880 2146 au-

206 2190 329 2241 tem
368 2183 584 2238 armati
638 2183 981 2238 occiderunt
1012 2195 1158 2236 eam.
1210 2181 1484 2250 Sequenti
1533 2194 1674 2235 vero
1706 2183 1878 2235 nocte

206 2275 498 2330 exierunt
527 2287 600 2326 ex
634 2284 806 2326 arena
838 2269 1046 2340 vulpes
1077 2274 1134 2324 et
1166 2267 1491 2337 cocodrilli,
1517 2273 1577 2324 et
1607 2267 1880 2323 comede-

207 2364 354 2419 bant
381 2374 638 2432 corpora
673 2357 1360 2414 mortuorum.Volabant
1403 2357 1477 2411 ibi
1504 2361 1563 2412 et
1594 2356 1883 2426 vesperti-

215 2448 417 2504 liones
448 2453 568 2503 tam
601 2446 790 2516 magni
813 2446 965 2501 sicut
991 2444 1294 2514 columbae,
1314 2459 1559 2514 quorum
1583 2444 1789 2499 dentes
1817 2447 1875 2498 ut

222 2537 508 2606 hominis,
543 2535 638 2606 qui
691 2534 1035 2590 mordebant
1087 2533 1368 2602 homines,
1430 2533 1762 2588 auferentes
1791 2531 1879 2587 eis

224 2640 402 2682 nares
433 2631 497 2681 et
526 2639 698 2680 aures
729 2629 787 2678 et
819 2623 1052 2692 digitos.

288 2717 598 2770 Moventes
626 2712 780 2782 inde,
826 2715 1109 2768 venerunt
1145 2711 1199 2766 in
1231 2724 1497 2780 campum
1530 2708 1627 2779 qui
1659 2707 1878 2764 dicitur

226 2803 418 2873 Actia,
458 2802 516 2856 in
566 2802 732 2871 cujus
787 2800 1037 2856 circuitu
1065 2804 1194 2854 erat
1250 2798 1395 2854 silva
1453 2796 1786 2861 condensa;
1819 2799 1879 2850 et

220 2897 396 2947 erant
427 2890 768 2946 ibiarbores
784 2888 1209 2954 fructiferze,ex
1242 2887 1453 2957 quibus
1469 2885 1880 2940 nutriebantur

219 2979 791 3047 hominesagrestes,
835 2977 1120 3032 habentes
1143 2977 1384 3033 formam
1425 2978 1761 3045 gygantum,
1797 2971 1880 3027 in-

227 3067 354 3125 duti
387 3068 745 3124 vestimento
798 3065 1047 3137 pellicio,
1084 3065 1183 3136 qui
1213 3069 1498 3120 exeuntes
1530 3075 1660 3118 cum
1693 3060 1878 3129 longis

223 3157 421 3215 contis
455 3156 804 3212 occiderunt
838 3154 1119 3224 quosdam
1164 3154 1234 3211 de
1264 3152 1548 3210 exercitu.
1584 3149 1747 3216 Quod
1795 3150 1879 3205 vi-

229 3247 373 3302 dens
407 3244 761 3314 Alexander,
787 3243 1050 3314 precepit
1080 3257 1218 3299 suos
1241 3242 1581 3299 vociferare.
1610 3239 1714 3304 Qui
1747 3253 1876 3295 cum
1909 3209 1958 3272 C

227 3335 556 3390 clamarent
610 3332 833 3402 magnis
867 3333 1130 3402 vocibus,
1163 3332 1483 3388 timuerunt
1517 3328 1600 3385 illi
1627 3335 1687 3384 et
1720 3328 1878 3397 fuge-

220 3428 378 3494 runt,
415 3424 553 3494 quia
585 3437 696 3477 non
740 3429 904 3477 erant
938 3421 1054 3476 illis
1086 3421 1336 3490 cognitae
1386 3433 1558 3476 voces
1589 3418 1871 3473 humanae.

223 3513 612 3582 Insequentes
658 3516 850 3566 autem
883 3525 984 3566 eos
1015 3509 1252 3580 milites,
1316 3508 1658 3564 occiderunt
1689 3521 1762 3561 ex
1788 3505 1876 3560 eis

225 3605 541 3656 sexcentos
571 3603 627 3654 et
655 3599 896 3668 triginta
917 3603 1196 3668 quatuor;
1227 3612 1298 3653 ex
1323 3596 1466 3668 ipsis
1487 3609 1628 3651 vero
1651 3593 1877 3650 cecide-

227 3694 362 3744 runt
397 3694 631 3745 centum
663 3688 869 3758 viginti
903 3692 1147 3758 septem.
1184 3688 1516 3742 Manserunt
1550 3689 1742 3741 autem
1775 3695 1878 3754 per

230 3781 352 3832 tres
381 3777 532 3846 dies,
565 3776 938 3833 comedentes
967 3789 1136 3848 poma
1155 3775 1430 3831 arborum
1451 3774 1730 3846 ipsarum.

295 3865 518 3921 Deinde
568 3871 854 3921 venerunt
910 3865 980 3920 ad
1043 3864 1274 3921 ﬂuvium
1309 3863 1616 3934 quendam,
1677 3862 1730 3916 in
1764 3875 1876 3931 quo

228 3959 353 4010 erat
385 3954 598 4011 civitas
630 3951 894 4024 locuples
919 3952 1109 4008 valde.
1137 3954 1285 4008 Hora
1316 3967 1455 4007 vero
1486 3965 1633 4005 nona
1660 3950 1879 4005 incum-

231 4043 424 4111 bente,
460 4043 619 4100 venit
655 4057 833 4113 super
855 4057 954 4098 eos
987 4041 1216 4112 quidam
1250 4055 1492 4110 magnus
1526 4041 1694 4096 homo
1717 4052 1879 4107 agre-

225 4131 352 4202 stis,
387 4132 617 4204 pilosus
648 4136 709 4187 ut
742 4145 975 4202 porcus.
1028 4129 1354 4186 Alexander
1386 4130 1582 4198 itaque
1616 4125 1874 4199 precepit

228 4220 516 4278 militibus
547 4220 692 4290 suis,
719 4224 782 4276 ut
815 4218 1489 4290 apprehenderenteum.
1517 4216 1777 4282 Quicum
1801 4215 1878 4269 fe-

230 4309 456 4365 cissent
483 4308 833 4380 impetumin
849 4322 999 4377 eum,
1037 4306 1135 4362 ille
1150 4319 1337 4376 neque
1367 4305 1560 4362 timuit
1578 4319 1763 4376 neque
1795 4303 1878 4360 fu-

227 4397 333 4468 git,
365 4397 471 4454 sed
505 4398 671 4453 stetit
705 4398 998 4466 immotus,
1029 4395 1299 4465 Precepit
1324 4398 1516 4450 autem
1551 4392 1877 4448 Alexander

229 4485 439 4543 adduci
472 4486 724 4559 puellam
753 4493 810 4541 et
845 4484 996 4540 mitti
1029 4489 1164 4539 ante
1194 4483 1356 4539 illum
1388 4482 1618 4538 nudam.
1647 4480 1750 4536 Ille
1780 4496 1878 4537 au-

1990 1920 2118 1971 erat
2150 1915 2296 1986 ripa,
2332 1915 2386 1970 in
2419 1930 2527 1986 qua
2580 1915 2870 1986 pendebat
2923 1918 3127 1971 catena
3164 1930 3356 1987 aurea,
3389 1920 3445 1971 et
3507 1918 3634 1989 ipse

1992 2019 2157 2060 mons
2181 2005 2428 2060 habebat
2479 2005 2695 2073 gradus
2727 2005 2815 2060 bis
2848 2004 3004 2060 mille
3036 2009 3092 2060 et
3155 2006 3505 2075 quingentos
3562 2020 3635 2061 ex

1989 2093 2242 2163 saphiro.
2270 2093 2550 2148 Ascendit
2574 2098 2766 2148 autem
2812 2093 3139 2149 Alexander
3161 2100 3411 2150 montem
3445 2095 3632 2164 ipsum

1989 2196 2116 2236 cum
2140 2180 2454 2250 aliquantis
2478 2180 2781 2249 militibus,
2808 2186 2865 2236 et
2893 2181 3112 2236 invenit
3147 2181 3223 2235 ibi
3251 2181 3550 2252 palatium,
3577 2181 3634 2237 in

1991 2284 2106 2339 quo
2128 2274 2255 2324 erat
2278 2268 2556 2340 templum
2611 2274 2794 2326 totum
2819 2284 3078 2339 aureum,
3105 2274 3163 2324 ct
3189 2270 3243 2324 in
3263 2284 3332 2325 eo
3364 2273 3634 2340 tympana

1989 2363 2050 2412 et
2101 2356 2349 2412 cimbala
2380 2371 2451 2412 ex
2484 2372 2645 2427 auro,
2679 2362 2738 2412 et
2787 2357 2976 2414 lectus
3023 2373 3152 2414 cum
3185 2358 3637 2428 preciosissimis

1991 2444 2372 2502 lectisterniis
2395 2445 2447 2500 in
2465 2445 2820 2516 quojacebat
2836 2447 3006 2501 homo
3024 2446 3634 2516 magniﬁcentissimus

1989 2535 2050 2588 et
2070 2533 2448 2596 clarissimus.
2476 2534 2718 2589 indutus
2741 2534 2870 2588 alba
2895 2537 3056 2589 veste
3075 2533 3397 2604 bombicea,
3425 2541 3632 2592 ornata

1989 2635 2061 2677 ex
2091 2635 2234 2677 auro
2263 2625 2319 2676 et
2369 2621 2662 2692 lapidibus
2694 2621 2993 2692 preciosis,
3024 2628 3084 2677 et
3123 2637 3277 2677 eirca
3307 2637 3436 2678 eum
3467 2623 3633 2678 vinea

1991 2723 2184 2779 aurea,
2210 2710 2400 2766 ferens
2425 2711 2626 2765 botros
2650 2723 2722 2764 ex
2752 2709 3046 2780 lapidibus
3077 2711 3379 2781 preciosis.
3417 2711 3637 2767 Adera-

1989 2799 2072 2854 vit
2096 2804 2292 2869 itaque
2328 2797 2656 2854 Alexander
2680 2799 2964 2854 hominem
2992 2798 3200 2870 ipsum,
3222 2802 3278 2854 et
3305 2797 3628 2854 descendit.

2062 2887 2147 2943 Ab
2178 2886 2288 2942 hoc
2318 2885 2447 2942 loco
2505 2887 2763 2957 perrexit
2800 2902 2902 2958 per
2931 2887 3240 2943 continuos
3300 2887 3631 2957 quindecim

1990 2976 2136 3041 dies;
2169 2978 2227 3030 et
2261 2975 2413 3030 venit
2449 2975 2504 3030 in
2554 2981 2771 3031 terram
2806 2990 2933 3046 qua
2967 2975 3185 3031 dicitur
3207 2975 3493 3031 Prasiaca.
3531 2976 3634 3030 Co-

1987 3067 2337 3133 gnoscentes
2370 3067 2562 3119 autem
2613 3064 2925 3120 adventum
2959 3063 3085 3134 ejus
3140 3064 3400 3120 homines
3459 3068 3634 3119 terrae

1991 3151 2168 3221 illius,
2185 3151 2621 3206 adduxeruntei
2637 3152 2824 3221 xenia,
2845 3151 3031 3222 pelles
3045 3166 3117 3206 ex
3133 3151 3393 3223 piscibus
3411 3150 3632 3207 similes

1989 3239 2246 3310 pellibus
2277 3239 2685 3310 leopardorum
2704 3244 2760 3295 et
2789 3240 2969 3311 pelles
2987 3254 3357 3296 murenarum
3381 3239 3634 3308 longitu-

1990 3328 2123 3383 dine
2153 3329 2482 3384 cubitorum
2537 3343 2657 3384 sex.
2712 3330 2849 3384 Erat
2879 3329 2955 3384 ibi
2987 3329 3196 3384 civitas
3253 3332 3475 3384 murata
3509 3329 3633 3384 sine

1987 3416 2170 3485 calce,
2189 3417 2433 3488 precisis
2455 3432 2526 3473 ex
2550 3422 2744 3472 monte
2769 3417 3081 3488 lapidibus.
3108 3417 3426 3472 Primatum
3449 3416 3636 3488 ipsius

1990 3507 2151 3575 regni
2185 3507 2417 3562 tenebat
2453 3505 2713 3576 quaedam
2767 3505 2973 3562 femina
3003 3505 3195 3575 vidua,
3230 3504 3460 3561 nomine
3493 3506 3636 3566 Can,

1989 3595 2170 3664 dacis,
2205 3595 2427 3651 habens
2450 3600 2573 3650 ires
2607 3595 2774 3651 filios.
2804 3595 2902 3651 Cui
2928 3595 3142 3651 direxit
3168 3594 3494 3650 Alexander
3517 3594 3634 3665 epi-

1990 3683 2197 3740 stolam
2220 3684 2390 3740 talem
2415 3703 2433 3738 .-
2448 3686 2578 3740 Rea:
2599 3684 2942 3740 Alexander
2960 3685 3185 3755 regina
3208 3683 3635 3753 Candaeigau-

1989 3773 2172 3831 dium.
2194 3775 2411 3843 Dirigo
2429 3773 2538 3828 tibi
2553 3772 2831 3843 templum
2844 3773 2900 3828 et
2913 3774 3176 3829 statuam
3189 3772 3638 3841 Hammonis,ut

1987 3862 2195 3918 venias
2217 3861 2275 3917 et
2306 3875 2508 3918 eamus
2535 3862 2726 3918 simul
2759 3860 2841 3917 ad
2858 3862 3080 3917 montes
3109 3861 3167 3916 et
3206 3859 3526 3932 oferamus
3555 3860 3628 3916 ei.

1990 3949 2091 4006 llla
2140 3965 2281 4005 vero
2331 3950 2636 4020 rescripsit
2666 3950 2762 4006 ei:
2820 3949 3120 4007 Candacis
3161 3950 3376 4020 regina
3412 3947 3636 4004 Merois

1985 4039 2330 4096 Alexandro
2353 4037 2486 4108 regi
2534 4038 2848 4107 gaudium.
2884 4038 3234 4095 Revelatum
3261 4036 3372 4092 tibi
3389 4037 3532 4107 fuit
3557 4035 3632 4092 ab

1985 4127 2317 4182 Hammone
2337 4127 2440 4182 deo
2455 4127 2571 4192 tuo,
2589 4126 2659 4181 ut
2676 4127 2797 4181 ires
2818 4126 2874 4180 et
2895 4137 3268 4196 expugnans
3288 4125 3630 4195 zEggptum,

1985 4215 2146 4288 quod
2157 4214 2269 4271 tibi
2291 4227 2623 4270 concessum
2637 4213 2710 4270 ab
2724 4213 2875 4284 ipsis
2898 4214 3037 4270 diis.
3065 4215 3186 4270 Nos
3203 4213 3412 4284 itaque
3433 4213 3634 4269 claras

1986 4318 2058 4362 ae
2073 4303 2304 4360 lucidas
2317 4301 2598 4359 habemus
2611 4302 3070 4371 animas.magis
3081 4315 3264 4371 quam
3277 4301 3343 4358 lii
3354 4302 3462 4371 qui
3474 4301 3636 4372 apud

1989 4393 2042 4448 te
2057 4393 2213 4449 sunt.
2244 4391 2324 4462 (F.
2351 4392 2501 4460 214.)
2525 4390 2740 4459 Dirige
2751 4389 2950 4445 autem
2973 4389 3076 4445 deo
3095 4388 3191 4444 tuo
3204 4389 3526 4444 Hammoni
3547 4402 3636 4444 eo-

1985 4495 2195 4538 ronam
2208 4493 2282 4536 ex
2297 4477 2602 4551 lapidibus
2617 4475 2926 4548 preciosis,
2941 4476 3303 4533 eidelieetex
3313 4475 3634 4546 smaragdo

233 4577 346 4628 tem
380 4575 656 4647 impetum
690 4575 907 4630 faciens
939 4569 1323 4644 apprehendit
1358 4585 1505 4642 eam,
1539 4576 1596 4626 et
1631 4569 1798 4626 stetit
1821 4568 1876 4624 in
1906 4567 1958 4628 D
1988 4568 2431 4641 etmargaritis,
2449 4567 2507 4623 et
2522 4565 3240 4623 insertaseatenasdeeem
3258 4577 3332 4619 ea:
3347 4564 3636 4634 preeiosis

238 4667 422 4733 parte.
459 4663 959 4720 Concurrentibus
995 4676 1134 4718 vero
1164 4661 1470 4731 militibus,
1507 4664 1568 4716 ut
1602 4662 1878 4730 raperent

235 4763 379 4821 eam,
411 4751 497 4807 illi
533 4753 730 4823 ruguit
761 4752 915 4807 sicut
948 4752 1086 4806 fera.
1123 4752 1262 4807 Cum
1293 4749 1538 4806 maxima
1572 4747 1752 4818 igitur
1782 4761 1878 4803 an-

233 4841 425 4910 gustia
449 4841 965 4914 apprehenderunt
994 4844 1242 4909 eummt
1264 4837 1439 4909 jussit
1471 4851 1601 4893 eum
1631 4836 1878 4892 Alexan-

239 4929 340 4985 der
368 4930 538 5001 ligari
570 4935 626 4987 et
657 4930 714 4987 in
743 4930 931 5002 ignem
962 4928 1323 5002 precipitari.

306 5019 444 5075 Inde
478 5026 799 5091 moventes,
849 5025 1138 5077 venerunt
1167 5019 1224 5076 in
1254 5017 1429 5077 alium
1457 5030 1742 5089 campum,
1776 5013 1876 5070 ubi

237 5105 307 5162 ab
333 5107 474 5164 hora
506 5109 620 5166 diei
670 5109 855 5180 prima
911 5109 1186 5166 exiebant
1212 5109 1457 5166 arbores
1513 5107 1584 5163 de
1628 5109 1786 5162 terra
1817 5107 1876 5159 et

235 5198 574 5256 crescebant
605 5213 790 5270 usque
821 5199 879 5254 in
912 5200 1113 5256 horam
1161 5205 1407 5269 sextam,
1441 5197 1513 5253 ab
1541 5196 1682 5253 hora
1713 5197 1877 5251 sexta

237 5299 417 5356 usque
447 5288 519 5345 ad
567 5303 837 5347 occasum
870 5289 1012 5347 solis
1057 5289 1495 5347 descendebant
1523 5287 1580 5342 in
1610 5290 1828 5342 terram
1861 5301 1874 5339 :

238 5372 503 5433 ferebant
533 5383 728 5436 autem
764 5378 992 5435 fructus
1032 5377 1201 5435 valde
1227 5377 1574 5434 odoriferos.
1608 5373 1881 5446 Precepit

238 5466 430 5521 autem
463 5466 794 5523 Alexander
813 5465 1097 5523 militibus
1117 5466 1487 5538 quibusdam,
1514 5469 1577 5521 ut
1601 5463 1882 5521 tollerent

239 5547 306 5606 de
334 5552 622 5613 fructibus
652 5554 797 5628 ipsis
819 5572 834 5622 ;
855 5555 960 5612 sed
984 5570 1115 5612 mox
1140 5561 1203 5613 ut
1233 5553 1592 5612 accedebant
1613 5551 1877 5624 propius,

240 5639 507 5700 exiebant
563 5644 856 5702 damones
882 5648 944 5702 et
974 5643 1350 5716 ﬂagellabant
1396 5657 1498 5701 eos
1525 5659 1540 5710 ;
1569 5641 1880 5699 audierunt

1991 4657 2312 4731 lapidibus.
2343 4655 2475 4712 Tibi
2517 4654 2698 4712 etiam
2721 4653 2918 4724 dirigo
2956 4651 3298 4724 infantulos
3318 4651 3634 4720 Etbyopes

1987 4748 2236 4816 centum,
2245 4746 2303 4802 et
2313 4745 2434 4802 inte
2441 4742 2638 4815 lligibi
2644 4742 2726 4799 les
2738 4754 2994 4813 aeespsg
3001 4740 3200 4798 tlzacos
3213 4738 3636 4810 dueentos,spi-

1986 4851 2138 4908 ngas
2152 4835 2454 4904 ducentas,
2469 4830 2824 4890 rinocerotes
2835 4829 3151 4899 octoginta,
3164 4825 3494 4898 pantheras
3510 4824 3635 4882 tria

1984 4925 2182 4994 milia,
2198 4921 2383 4994 pelles
2419 4920 2845 4993 pardaleonum
2866 4915 3364 4989 quadringentas,
3387 4912 3636 4972 cantha-

1985 5027 2092 5072 ras
2121 5023 2340 5069 aureas
2362 5009 2641 5080 triginta,
2664 5007 2852 5064 vectes
2872 5019 2946 5062 ea:
2967 5003 3137 5061 ebeno
3156 5002 3325 5059 mille
3345 5003 3637 5073 quingen-

1991 5103 2096 5172 tos,
2131 5098 2472 5170 elephantos
2519 5094 2987 5167 quadringentos
3039 5089 3509 5164 quinquaginta.
3549 5089 3639 5145 Tu

1987 5203 2122 5248 vero
2149 5186 2441 5245 remanda
2460 5184 2647 5254 nobis,
2679 5183 2731 5238 si
2763 5183 2948 5240 totum
2965 5181 3250 5237 mundum
3269 5177 3631 5249 subjugasti.

1991 5282 2147 5338 Inter
2169 5278 2394 5348 legatos
2424 5279 2618 5331 autem
2647 5286 2788 5329 suos
2819 5271 2977 5327 misit
3018 5269 3300 5342 pictorem
3348 5265 3637 5338 peritissi-

1993 5384 2168 5441 mum,
2186 5366 2284 5440 qui
2299 5363 2613 5436 diligenter
2641 5357 3046 5418 consideraret
3063 5360 3121 5412 et
3139 5353 3638 5441 depingeretﬂgu-

1993 5473 2115 5517 ram
2130 5440 2188 5515 et
2214 5457 2454 5513 formam
2501 5448 2810 5509 Alexandri
2832 5451 2891 5504 et
2917 5445 3154 5502 afferret
3173 5456 3298 5501 eam
3317 5442 3450 5499 sibi.
3469 5440 3636 5508 Quod

1993 5551 2050 5606 et
2076 5549 2292 5604 factum
2314 5547 2426 5601 est.
2450 5543 2611 5599 Unus
2633 5542 2826 5596 autem
2839 5549 2912 5593 ex
2934 5533 3072 5591 ﬁliis
3093 5531 3377 5590 Candacis
3393 5530 3633 5602 reginae,

1993 5639 2086 5699 cui
2117 5649 2324 5696 nomen
2371 5629 2702 5701 Candaulis,
2736 5640 2868 5686 cum
2899 5623 3104 5702 paucis
3160 5621 3462 5700 equitibus
3490 5617 3641 5688 abiit
