3932 6416
344 357 456 426 591

1507 342 1994 415 EKKEHARDI
2034 342 2594 413 URAUGIENSIS

3636 346 3759 416 592

344 502 415 565 ad
437 495 886 559 tabernaculum
919 491 1266 559 Alexandri;
1291 488 1571 549 custodes
1600 502 1764 559 vero,
1799 499 1896 558 qui
1917 483 2002 542 vi-
2031 485 2086 548 A
2117 483 2394 559 palatium
2419 484 2697 542 currebat
2730 483 2961 557 ﬂuvius,
2987 484 3208 544 habens
3230 483 3559 544 claritatem
3588 502 3756 561 aqua:

341 593 602 667 gilabant
634 602 811 660 super
832 585 1173 653 exercitum,
1220 579 1735 654 apprehenderunt
1757 589 1909 646 eum,
1941 589 2001 667 ei,

343 663 639 742 duxerunt
681 677 752 733 ad
805 674 1234 742 Ptholomeum,
1297 670 1395 740 qui
1444 667 1739 725 secundus
1769 663 2001 722 eratab

345 768 694 829 Alexandro.
724 764 824 821 Cui
842 760 1217 819 Ptholemeus
1239 760 1350 815 ait:
1384 758 1528 823 Quis
1555 757 1647 813 est
1663 750 1959 812 turEtille
1986 769 1998 804 :

350 860 569 929 Filius,
624 855 833 925 inquit,
885 866 1018 910 sum
1046 849 1347 908 Candacis
1374 850 1619 919 regina.
1645 848 1716 901 At
1740 843 1841 899 ille
1874 842 1953 899 ait
1985 844 1998 880 ε

344 949 546 1015 Quare
570 946 685 1002 huc
702 942 957 999 venisti?
979 939 1085 1007 Qui
1107 938 1254 994 dixit
1275 956 1288 991 :
1311 936 1502 994 Exivi
1523 949 1656 992 cum
1673 945 2001 991 uxoremea

341 1046 715 1095 exercereme
736 1044 869 1088 cum
885 1028 1107 1101 paucis
1118 1024 1440 1097 equitibus,
1475 1024 1537 1080 et
1561 1037 1675 1080 rex
1714 1020 1998 1078 Bebrixo-

336 1139 492 1194 rum,
521 1124 717 1180 sciens
716 1116 1238 1192 pulchritudinem
1248 1113 1459 1172 uxoris
1470 1126 1625 1182 mea,
1640 1113 1808 1169 venit
1820 1126 1998 1182 super

338 1226 431 1269 me
445 1225 580 1269 cum
598 1208 815 1266 valida
841 1218 1027 1263 manu
1039 1203 1100 1260 et
1122 1201 1518 1260 abstuliteam
1548 1199 1754 1270 michi,
1782 1202 1996 1271 etquia

345 1297 613 1356 voluime
627 1292 964 1367 defendere,
999 1289 1219 1348 occidit
1252 1288 1854 1346 etiammilitesmeos.
1892 1286 1994 1343 Cui

339 1384 717 1442 Ptholemeus
731 1404 750 1439 .-
765 1380 1055 1452 Expecta,
1071 1377 1280 1448 inquit,
1297 1377 1637 1434 interim.Et
1651 1376 1898 1432 exiliens
1922 1375 1993 1432 de

339 1468 726 1528 tabernaculo
784 1482 912 1537 suo,
947 1466 1089 1522 abiit
1123 1464 1194 1520 ad
1248 1463 1693 1519 tabernaculum
1723 1464 1903 1533 regis,
1935 1468 1998 1518 et

340 1559 609 1615 excitans
639 1572 790 1627 eum,
825 1554 1085 1611 narravit
1129 1553 1183 1609 ei
1216 1552 1405 1608 omnia
1439 1566 1567 1622 quae
1598 1551 1820 1607 audivit
1853 1566 1882 1607 a
1908 1550 1997 1620 ju-

340 1661 508 1705 vene.
547 1646 671 1713 Quo
703 1645 925 1714 audito,
975 1641 1232 1699 surrexit
1266 1640 1612 1709 Alexander,
1663 1639 1996 1710 tollensque

345 1736 612 1792 diadema
634 1734 847 1806 capitis
868 1732 976 1801 sui,
1002 1730 1300 1787 coronavit
1325 1729 1749 1798 Ptholomeum,
1766 1733 1823 1784 et
1848 1729 1995 1783 dixit

339 1824 391 1879 ei
421 1843 434 1878 :
464 1823 778 1881 Revertere
797 1823 864 1879 in
884 1819 1335 1877 tabernaculum
1348 1818 1531 1887 tuum,
1549 1818 1605 1873 et
1614 1818 1749 1875 sede
1764 1819 1832 1874 in
1849 1817 1997 1874 solio
2026 1846 2080 1905 B

338 1912 562 1984 regali,
591 1913 649 1968 et
668 1912 783 1980 dic,
809 1911 958 1981 quia
982 1909 1048 1964 tu
1066 1908 1155 1964 sis
1175 1907 1538 1975 Alexander,
1562 1907 1622 1962 et
1624 1908 1870 1977 precipe
1890 1907 2000 1963 ali-

341 2002 443 2059 cui
463 2000 693 2057 homini
709 2000 825 2067 tuo,
849 1996 1141 2069 utfaciat
1155 1997 1357 2052 veniro
1374 1995 1457 2052 ad
1476 1995 1531 2050 te
1551 1996 1733 2064 quasi
1753 1995 1998 2065 Antigo-

337 2102 486 2145 nu/m
516 2088 810 2145 hominem
868 2087 1036 2142 tuum
1060 2085 1379 2154 veniatque
1424 2082 1508 2139 ad
1530 2096 1622 2138 me
1650 2084 1711 2138 et
1734 2082 2003 2139 adducat

337 2191 433 2234 me
462 2177 643 2249 quasi
668 2176 1051 2247 Antigonum,
1104 2173 1163 2229 et
1188 2173 1328 2228 dum
1356 2185 1566 2229 venero
1593 2172 1785 2228 recita
1810 2171 1999 2228 michi

340 2278 542 2323 coram
553 2266 683 2336 ipso
684 2266 908 2336 juvene
945 2275 1328 2334 quacumque
1339 2260 1451 2317 tibi
1463 2259 1647 2330 dixit,
1670 2261 1727 2316 et
1743 2259 1997 2317 interro-

331 2367 420 2425 ga
431 2367 524 2410 me
550 2352 659 2410 sub
682 2365 935 2423 persona
962 2350 1273 2422 Antigoni,
1290 2350 1366 2405 ut
1391 2349 1519 2404 dem
1541 2348 1651 2407 tibi
1680 2349 1998 2405 consilium

341 2441 413 2499 de
432 2442 546 2499 hac
568 2456 653 2499 re.
686 2444 756 2497 Et
778 2441 856 2496 ita
878 2440 1093 2497 factum
1124 2443 1234 2494 est.
1270 2438 1426 2492 Dixit
1449 2443 1643 2493 autem
1668 2436 1997 2493 Alexander

340 2530 450 2585 sub
472 2544 720 2601 persona
754 2528 1028 2598 Antigoni
1046 2547 1059 2583 :
1076 2530 1344 2597 Domine,
1367 2529 1424 2584 si
1443 2527 1720 2597 precipis,
1747 2539 1850 2596 ego
1858 2540 1997 2598 per-

334 2630 481 2688 gam
507 2623 672 2676 nocte
688 2632 866 2690 super
879 2619 1076 2689 ipsam
1105 2615 1412 2673 civitatem
1431 2621 1485 2671 et
1494 2616 1847 2671 succendam
1866 2628 1998 2670 eam

336 2706 491 2777 igni,
500 2706 862 2778 faciamque
878 2720 992 2777 per
1016 2704 1323 2762 vimreddi
1342 2717 1591 2761 uxorem
1610 2704 1758 2773 ejus.
1786 2704 1995 2759 Statim

339 2794 613 2851 adoravit
646 2807 775 2851 eum
812 2792 1142 2863 Candaulis,
1174 2797 1231 2847 et
1264 2792 1412 2847 dixit
1449 2810 1461 2845 :
1488 2792 1998 2863 Osapientissime

341 2883 653 2954 Antigone,
702 2883 991 2955 optimum
1002 2881 1255 2953 fuisset,
1305 2881 1378 2936 ut
1405 2881 1469 2937 tu
1491 2893 1605 2935 rex
1654 2881 1997 2936 Alexander

340 2970 683 3029 esses.Abiit
702 2975 896 3027 autem
924 2969 1408 3026 Alexanderhora
1423 2968 1615 3024 noctis
1647 2969 1704 3023 in
1734 2969 1991 3039 silentio,

340 3062 397 3116 et
423 3060 729 3116 succendit
767 3059 1065 3115 civitatem
1091 3058 1268 3113 illam.
1293 3055 1650 3126 Evigilantes
1673 3063 1865 3113 autem
1898 3058 1996 3114 ho-

340 3148 527 3205 mines
549 3147 738 3220 ipsius
760 3147 1039 3218 civitatis,
1067 3147 1471 3203 clamaverunt
1503 3146 1767 3201 dicentes
1795 3166 1807 3200 :
1840 3146 1997 3212 Quid

2115 575 2278 645 quasi
2302 581 2375 631 ex
2402 590 2563 631 auro.
2590 575 2695 632 Illo
2727 575 2924 646 itaque
2947 575 3041 631 die
3063 577 3406 633 comedebat
3431 577 3755 635 Alexander

2111 679 2242 720 cum
2268 663 2404 720 ﬁliis
2425 665 2660 735 rcginze,
2678 663 2859 721 altera
2880 680 3022 721 vero
3046 665 3140 721 die
3159 667 3603 738 apprehendens
3623 682 3753 725 eum

2113 752 2394 810 Candacis
2423 768 2527 825 per
2585 770 2834 821 manum,
2896 753 3220 810 introduxit
3277 770 3406 812 eum
3439 756 3493 811 in
3546 757 3752 813 cubicu
3856 759 3881 780 ⁸

2112 840 2249 911 lum,
2276 842 2430 911 quod
2480 845 2607 898 erat
2653 846 3058 899 constructum
3090 857 3164 898 ex
3193 841 3486 915 lapidibus
3517 859 3752 902 aureum

2109 928 2365 985 colorem
2389 931 2757 1001 habentibus,
2784 931 3135 1002 lucebatque
3162 932 3320 988 intus
3343 933 3402 1003 (ἰ.
3428 937 3553 1002 215)
3580 935 3744 1004 quasi

2110 1017 2200 1073 sol
2233 1017 2311 1074 ibi
2340 1019 2691 1089 refulsissel,
2742 1025 2987 1089 eratque
3025 1020 3104 1075 ibi
3135 1020 3452 1077 triclinium
3487 1036 3556 1077 ex
3583 1020 3754 1091 lignis

2109 1106 2332 1177 asiptis,
2362 1122 2490 1177 quae
2515 1123 2627 1164 non
2652 1108 3041 1164 incendentur
3062 1109 3135 1164 ab
3170 1109 3320 1179 igne,
3347 1109 3502 1165 aliud
3525 1124 3753 1180 quoque

2108 1194 2444 1251 cubiculum
2499 1209 2680 1266 super
2709 1195 2861 1265 ligna
2914 1196 3160 1253 maxima
3190 1213 3319 1253 cum
3373 1197 3539 1267 rotis,
3598 1198 3752 1268 quod

2109 1284 2454 1340 trahebatur
2511 1299 2539 1339 a
2596 1284 3170 1356 vigintielephantis.
3220 1288 3353 1342 Haec
3397 1285 3596 1343 videns
3627 1287 3752 1342 Ale-
3793 1338 3799 1342 .

2105 1372 2350 1442 xander,
2385 1373 2630 1428 miratus
2686 1377 2795 1443 est,
2830 1377 2892 1428 et
2924 1373 3069 1428 dixit
3100 1375 3315 1443 reginas
3351 1394 3362 1428 :
3397 1376 3535 1432 Iste
3562 1389 3754 1433 causa

2107 1461 2527 1517 ammiratione
2550 1461 2746 1531 digna
2767 1462 2977 1531 essent,
2993 1463 3224 1532 siapud
3244 1462 3455 1521 Grecos
3459 1464 3748 1535 fuissent.

2107 1550 2259 1604 Irata
2276 1549 2474 1618 regina
2501 1549 2650 1603 dixit
2678 1568 2690 1602 :
2728 1550 3047 1606 Veritatem
3068 1551 3243 1621 dicis,
3267 1551 3623 1609 Alexander.
3645 1552 3749 1617 Qui

2108 1637 2205 1692 ubi
2258 1651 2463 1692 nomen
2502 1652 2666 1692 suum
2690 1638 2937 1707 audivit,
2970 1640 3344 1695 vehementer
3364 1640 3618 1710 expavit.
3651 1640 3750 1696 Cui

2109 1724 2207 1780 illa
2232 1724 2342 1779 ait:
2378 1726 2576 1790 Quare
2593 1727 2830 1782 mutata
2851 1727 2942 1783 est
2943 1727 3148 1798 facies
3170 1728 3449 1799 tua,quia
3466 1728 3670 1785 vocavi
3700 1730 3755 1785 te

2108 1813 2519 1870 Alexandrum
2537 1820 2563 1869 ?
2576 1817 2647 1869 At
2671 1814 2769 1869 ille
2795 1816 2903 1869 ait:
2925 1817 3199 1885 Domina,
3214 1816 3546 1887 Antigonus
3565 1818 3751 1886 dicor,

2106 1903 2596 1961 nonAlexander.
2629 1907 2701 1959 At
2745 1903 2843 1959 illa
2877 1903 3019 1959 dixit
3047 1923 3067 1958 .-
3099 1904 3415 1962 Ostendam
3445 1904 3574 1975 tibi,
3605 1907 3755 1976 quia

2108 1992 2450 2049 Alexander
2489 2006 2566 2048 es.
2621 1992 3071 2063 Introduxitque
3118 2007 3249 2048 eum
3306 1992 3361 2047 in
3420 1993 3753 2049 cubiculum

2108 2093 2299 2150 suum,
2341 2086 2401 2135 et
2451 2085 2790 2138 monstrans
2847 2081 2901 2136 ei
2961 2080 3281 2151 imaginem.
3322 2095 3502 2151 suam,
3563 2081 3751 2137 dixit:

2106 2169 2922 2240 Agnoscishancimaginem!
2955 2169 3054 2226 ille
3086 2176 3277 2225 autem
3294 2170 3473 2241 coepit
3501 2174 3754 2227 tremere

2105 2263 2162 2312 et
2191 2258 2531 2329 pallescere.
2555 2260 2621 2313 Et
2648 2258 2775 2313 illa:
2803 2258 3541 2324 Quaremutatusesicolor
3556 2260 3761 2316 tuuset

2104 2346 2465 2417 expavescis,
2482 2347 2815 2403 destructor
2840 2346 3022 2404 totius
3041 2346 3327 2416 Persida,
3345 2347 3672 2405 destructor
3700 2349 3761 2404 et

2104 2434 2333 2491 India?
2353 2436 2678 2506 Superasti
2698 2436 2883 2492 Indos
2922 2435 3105 2506 atque
3126 2436 3409 2505 Parthos,
3438 2438 3605 2492 modo
3624 2439 3758 2493 sine

2103 2522 2404 2589 militibus
2426 2524 2622 2580 etsine
2642 2524 2851 2595 aliquo
2874 2524 3155 2595 conflictu
3167 2523 3436 2581 cecidisti
3456 2524 3523 2581 in
3540 2538 3755 2582 manus

2101 2610 2329 2680 regina
2352 2610 2675 2668 Candacis.
2695 2613 2860 2667 Unde
2869 2612 3414 2682 scias,Alexandcr,
3431 2613 3754 2683 quianullo

2103 2698 2273 2753 modo
2298 2699 2464 2756 debet
2484 2700 2711 2756 elevari
2732 2714 2831 2757 cor
2853 2699 3115 2757 hominis
3158 2701 3226 2756 in
3245 2700 3577 2771 elationem,
3607 2716 3755 2772 qua-

2107 2785 2448 2858 liacumque
2466 2790 2798 2859 sequantur
2822 2804 2953 2845 eum
2960 2803 3271 2862 prospera,
3289 2790 3349 2846 et
3362 2804 3436 2847 ne
3456 2790 3673 2861 cogitet
3684 2794 3753 2848 in

2105 2876 2277 2931 corde
2286 2889 2411 2943 suo,
2432 2877 2592 2947 quod
2609 2892 2725 2933 non
2736 2878 3009 2934 inveniat
3032 2876 3325 2933 hominem
3329 2877 3650 2949 fortiorem
3666 2891 3747 2948 se,

2106 2964 2215 3033 qui
2245 2978 2377 3020 eum
2413 2966 2868 3036 superabundet.
2906 2965 3009 3022 Ille
3064 2969 3257 3022 autem
3290 2966 3469 3038 coepit
3498 2966 3751 3022 stridere

2107 3052 2384 3108 dentibus
2414 3056 2469 3109 et
2502 3058 2737 3110 tornare
2763 3069 2825 3109 se
2849 3054 2904 3109 in
2938 3054 3106 3110 aliam
3133 3059 3379 3126 partem.
3405 3054 3591 3122 Atilla
3618 3054 3698 3109 ait
3727 3056 3750 3108 ?

2109 3141 2232 3198 Cur
2262 3142 2571 3211 irasceris,
2602 3145 2663 3199 et
2678 3158 2868 3213 quare
2890 3143 3166 3200 turbatus
3195 3144 3289 3200 es?
3306 3142 3463 3208 Quid
3479 3157 3635 3200 nunc
3644 3144 3751 3215 fa-

339 3202 1110 3295 est—hocirAle‘xa—nderdixit:
1134 3202 1466 3293 Candaulis
1486 3202 1995 3307 estcumplurimo
2027 3202 2077 3266 Ο
2105 3243 2234 3286 cere
2258 3231 2456 3300 potest
2496 3202 2837 3302 imperialis
2860 3232 3067 3303 gloria
3123 3232 3261 3289 tua?
3288 3202 3355 3287 Et
3386 3231 3482 3287 ille
3515 3202 3704 3301 inquit
3733 3250 3745 3285 :

337 3326 624 3398 exercitu,
639 3327 841 3383 volens
853 3325 1049 3383 utsibi
1067 3324 1361 3381 reddatur
1372 3338 1527 3381 uxor
1541 3326 1673 3395 ejus
1682 3324 1996 3396 ,-alioquin

334 3414 679 3473 moriemini
718 3414 1257 3486 omnesperignem,
1274 3414 1572 3469 lrruentes
1587 3417 1781 3469 autem
1816 3414 1996 3469 homi-

2103 3320 2363 3389 Irascor,
2398 3320 2550 3390 quia
2563 3334 2680 3376 non
2710 3321 2894 3377 habeo
2918 3321 3215 3391 gladium.
3242 3320 3341 3376 llla
3370 3320 3514 3375 dixit
3541 3337 3553 3372 :
3589 3320 3671 3377 Et
3695 3321 3753 3377 si

2102 3407 2526 3479 haberes,quid
2529 3410 2809 3482 faceres?
2846 3409 2980 3465 Ait:
3017 3410 3171 3475 Quia
3193 3410 3459 3466 traditus
3488 3423 3623 3466 sum
3642 3408 3751 3466 tibi

336 3517 441 3561 nes
464 3504 549 3560 illi
565 3505 865 3574 fregerunt
881 3507 1086 3575 portas
1109 3501 1330 3573 palatii,
1348 3505 1405 3557 et
1429 3501 1843 3558 abstrahentes
1860 3502 1992 3557 inde
2090 3512 2205 3570 per
2223 3512 2416 3555 meam
2427 3499 2807 3569 voluntatem,
2830 3502 3094 3571 primum
3131 3500 3451 3556 occiderem
3472 3500 3541 3569 te,
3544 3498 3751 3570 postea

337 3606 583 3650 uxorem
635 3592 966 3662 Candaulis,
1002 3590 1389 3647 reddiderunt
1420 3603 1546 3644 eam
1605 3589 1708 3644 illi.
1738 3590 1843 3656 Qui
1875 3591 1994 3647 vol-

335 3694 478 3737 vens
510 3695 574 3737 se
592 3680 926 3737 Alexandro
971 3679 1147 3735 dixit:
1190 3678 1283 3735 Mi
1329 3679 1649 3736 harissime
1675 3679 1989 3751 Antigone,

333 3783 475 3843 rogo
497 3770 572 3840 te,
597 3770 733 3826 veni
742 3782 971 3826 mecum
990 3768 1072 3824 ad
1080 3768 1553 3836 mahemmeam,
1570 3768 1861 3838 quatinus
1881 3768 1994 3825 tibi

334 3857 1005 3930 reddatdignameritis
1018 3857 1157 3914 tuis.
1187 3856 1455 3912 Gaudens
1471 3855 1798 3912 Alexander
1811 3857 1957 3912 dixit
1975 3876 1987 3911 :

334 3951 567 4008 Eamus
579 3946 662 4004 ad
672 3946 1517 4018 Alexandrum,etpostulame
1527 3945 1601 4002 ab
1615 3960 1677 4002 eo
1690 3946 1993 4003 etveniam

339 4038 392 4095 te
420 4051 573 4094 cum.
618 4035 978 4107 Signiﬁcavit
1011 4041 1203 4092 autem
1256 4035 1365 4091 hoc
1399 4040 1566 4091 antea
1625 4035 1985 4092 Ptholomeo.

337 4125 496 4183 Abiit
529 4140 669 4196 ergo
694 4124 1009 4181 Candaulis
1049 4129 1108 4181 et
1141 4124 1310 4197 petiit
1334 4140 1464 4181 cum
1496 4126 1569 4181 ab
1599 4139 1699 4193 eo;
1724 4128 1989 4196 accepta-

337 4229 449 4287 que
482 4214 739 4285 licentia,
767 4213 914 4269 abiit
958 4229 1088 4270 eum
1112 4228 1200 4270 eo.
1252 4214 1388 4270 Cum
1440 4218 1633 4271 autem
1682 4215 1861 4271 issent
1886 4229 1990 4286 per

333 4303 508 4373 viam,
535 4301 735 4359 videns
785 4300 1115 4359 Alexander
1147 4303 1301 4359 altos
1332 4308 1561 4360 montes
1586 4304 1988 4375 pertingentes

336 4405 524 4462 usque
555 4390 626 4446 ad
658 4391 865 4461 nubes,
927 4390 1175 4448 miratus
1225 4395 1338 4462 est,
1397 4391 1663 4462 viditque
1721 4392 1987 4449 excelsas

2099 3588 2534 3658 memetips-um.
2564 3589 2664 3644 Cui
2691 3588 2786 3645 illa
2814 3608 2826 3643 :
2846 3588 2934 3645 Et
2950 3589 3056 3645 hoc
3083 3588 3490 3659 sicutsapiens
3502 3589 3753 3659 impera-

2105 3676 2195 3732 tor
2209 3676 2448 3733 dixisti.
2469 3677 2863 3734 Veruntamen
2875 3692 2947 3733 ne
2959 3678 3351 3747 contristeris,
3359 3678 3509 3749 quia
3520 3678 3679 3733 sicut
3687 3677 3752 3732 tu

2105 3764 2381 3823 liberasti
2409 3779 2655 3823 uxorem
2668 3768 2801 3838 ﬁlii
2820 3768 2937 3824 mei
2967 3767 3037 3823 de
3059 3766 3339 3823 manibus
3374 3767 3749 3823 inimicorum

2099 3868 2362 3925 suorum,
2376 3856 2464 3912 sic
2478 3869 2584 3926 ego
2608 3855 2869 3912 liberabo
2889 3856 2942 3911 te
2955 3856 3025 3911 de
3050 3855 3329 3912 manibus
3341 3854 3745 3925 barbarorum,

2100 3943 2319 4015 quibus
2355 3944 2412 4000 si
2424 3944 2834 4012 notmnfuerit
2864 3945 3205 4001 deadventu
3228 3945 3342 4013 tuo,
3381 3943 3648 4001 occident
3672 3945 3743 4013 te,

2099 4034 2386 4105 quomodo
2409 4035 2473 4091 tu
2484 4034 2756 4091 occidisti
2769 4036 2992 4092 Porum
3002 4048 3201 4104 regem
3212 4034 3672 4105 Indorum,quia
3694 4044 3750 4090 et

2097 4122 2663 4195 uxorjuniorisﬂlii
2699 4125 2816 4180 mei
2828 4124 2977 4196 ﬁlia
3003 4124 3095 4180 est
3131 4123 3279 4179 Pori
3299 4124 3480 4194 regis.
3513 4124 3639 4178 Haec
3664 4121 3748 4177 di-

2099 4225 2258 4280 cens,
2284 4212 2425 4266 exiit
2447 4216 2654 4268 tenens
2694 4212 3083 4267 Alexandrum
3100 4226 3206 4283 per
3229 4216 3555 4280 manum,et
3598 4210 3743 4273 dixit

2100 4298 2236 4355 ﬁliis
2259 4299 2408 4355 suis:
2428 4300 2585 4372 Oﬂli
2616 4300 2953 4357 Candaulis
2965 4300 3116 4370 ettu,
3135 4300 3315 4371 oﬂlia
3325 4298 3747 4371 Marpissa,de-

2094 4402 2228 4445 mus
2247 4388 2502 4459 aliquod
2517 4388 2727 4446 bonum
2742 4388 2884 4446 huic
2899 4391 3081 4446 misso
3101 4388 3459 4447 Alexandri.
3484 4389 3599 4444 Res
3606 4403 3743 4460 pon-

335 4480 578 4536 arbores
616 4494 783 4551 poma
821 4479 1066 4550 grandia
1117 4484 1444 4551 portantes,
1478 4484 1539 4536 et
1567 4480 1719 4536 vites
1749 4495 1987 4551 magnos
2099 4476 2244 4533 dcns
2258 4476 2409 4533 alius
2432 4477 2587 4535 ﬁlius
2604 4477 2732 4547 ejus
2757 4479 2999 4533 Carator
3022 4477 3170 4532 dixit
3198 4496 3210 4531 :
3236 4476 3506 4547 Omater,
3534 4490 3739 4533 verum

333 4567 540 4626 hotros
570 4568 877 4638 habentes,
909 4567 965 4623 in
997 4572 1221 4625 tantum
1256 4571 1316 4624 ut
1341 4568 1510 4624 homo
1541 4583 1692 4624 unus
1714 4583 1828 4625 non
1857 4585 1986 4640 pos-
2014 4561 2068 4622 D
2098 4566 2189 4624 est
2204 4566 2465 4637 quidem,
2498 4568 2649 4637 quia
2662 4565 3084 4624 direxitistum
3111 4564 3747 4623 Alexanderetlibera-

332 4660 425 4713 set
454 4661 695 4728 portare
716 4670 895 4713 unum
918 4670 993 4712 ex
1039 4656 1190 4725 illis;
1213 4656 1360 4713 vidit
1384 4661 1441 4712 et
1465 4669 1645 4713 nuces
1666 4670 1796 4727 quae
1818 4662 1987 4714 erant
2097 4655 2436 4711 vituxorem
2467 4654 2690 4715 frams
2704 4657 2821 4712 mei
2834 4656 2906 4712 de
2931 4655 3212 4712 manibus
3224 4656 3745 4712 inimicorumsuo-

331 4744 484 4802 sicut
516 4758 794 4817 pepones,
843 4747 901 4801 et
936 4745 1222 4801 dracones
1268 4748 1437 4800 erant
1472 4744 1525 4799 in
1587 4745 1736 4815 ipsis
1762 4746 1985 4803 arbori-
2091 4742 3746 4816 rumreddiditquesibieam,seduxormeacompellitme

332 4830 442 4890 bus
472 4837 534 4890 et
565 4833 747 4890 simias
777 4832 997 4889 multae.
1055 4834 1199 4889 Post
1229 4846 1450 4903 paucos
1483 4833 1607 4888 dies
1633 4848 1762 4890 cum
1794 4835 1986 4892 venis-
2095 4834 2358 4891 occidere
2380 4835 2537 4892 hunc
2559 4834 2922 4906 Antigonum
2929 4849 3046 4906 pro
3067 4834 3430 4903 Alexandro,
3457 4833 3606 4904 quia
3620 4833 3744 4903 ipse

329 4925 460 4977 sent
494 4921 551 4978 in
582 4921 885 4979 civitatem
912 4921 1195 4979 Candacis
1226 4922 1462 4993 reginae,
1498 4922 1639 4978 exiit
1672 4922 1798 4994 ipsa
1829 4924 1986 4983 foras
2095 4924 2317 4980 occidit
2333 4924 2801 4995 Porumpatrem
2821 4923 2970 4994 ejus,
3001 4924 3075 4980 ut
3088 4924 3351 4994 recipiat
3368 4922 3622 4979 dolorem
3628 4934 3743 4993 pro

330 5009 561 5068 obviam
593 5009 733 5081 illis,
768 5010 942 5081 longa
975 5013 1035 5066 et
1062 5009 1304 5081 pulchra
1328 5010 1521 5083 nimis,
1550 5016 1791 5084 portans
1816 5029 1983 5071 coro-

329 5110 461 5154 nam
493 5111 749 5169 auream,
784 5101 846 5153 et
876 5097 1177 5169 excipiens
1206 5111 1308 5154 eos
1340 5098 1588 5169 benigne
1619 5100 1785 5157 duxit
1809 5103 1865 5157 in
1887 5118 1983 5174 pa-

330 5182 534 5243 latium
566 5201 757 5259 suum,
789 5186 945 5258 quod
995 5191 1125 5243 erat
1154 5188 1460 5259 optimum,
1492 5193 1551 5244 et
1608 5188 1868 5259 fulgebat
1898 5196 1983 5248 te-

330 5276 489 5330 ctum
519 5274 647 5345 ejus
689 5275 857 5347 quasi
918 5279 1081 5332 esset
1136 5289 1398 5347 aureum,
1458 5276 1825 5335 lectisternia
1856 5278 1983 5349 ejus

329 5366 538 5418 ornata
567 5376 642 5420 ex
670 5377 814 5420 auro
842 5363 1178 5436 purissimo,
1200 5363 1459 5422 triclinia
1488 5366 1617 5437 ejus
1638 5372 1979 5424 constructa

326 5462 402 5505 ex
427 5449 620 5523 lapide
675 5451 970 5524 onichino,
1033 5451 1329 5519 columnae,
1354 5468 1495 5511 vero
1553 5454 1745 5526 ipsius
1777 5454 1979 5527 palatii

327 5541 500 5597 erant
527 5553 603 5597 ex
629 5539 849 5610 ebeno;
909 5555 1127 5600 mense
1155 5546 1323 5599 erant
1373 5541 1786 5615 elephantinaa,
1831 5543 1978 5602 italae

322 5629 646 5709 ceteraque
665 5641 804 5691 vasa
817 5641 891 5690 ex
903 5626 1207 5708 lapidibus
1222 5630 1528 5711 preciosis.
1556 5631 1777 5693 Subtus
1788 5632 1979 5713 ipsum

2090 5026 2152 5068 eo
2164 5012 2522 5069 Alexander.
2558 5012 2839 5069 Candacis
2861 5012 3038 5069 dixit:
3068 5012 3235 5077 Quod
3250 5024 3458 5068 nomen
3481 5008 3743 5080 acquiri-

2090 5115 2244 5172 mus,
2266 5102 2327 5159 si
2344 5101 2503 5159 hunc
2535 5101 2962 5159 occiderimus?
2980 5100 3066 5157 Ad
3087 5101 3210 5157 haec
3258 5098 3559 5171 respondit
3604 5099 3744 5154 Can-

2092 5189 2323 5246 daulis:
2374 5188 2473 5247 Μι
2504 5191 2620 5248 iste
2661 5192 2943 5260 salvavit,
2971 5192 3031 5247 et
3074 5203 3317 5247 uxorem
3341 5201 3532 5247 meam
3558 5186 3744 5245 michi

2088 5278 2393 5346 reddidit;
2406 5281 2473 5336 in
2481 5280 2609 5351 ﬁde
2638 5279 2875 5337 adduxi
2904 5292 3037 5337 eum
3065 5279 3181 5337 huc
3197 5279 3549 5347 salvumque
3567 5275 3742 5335 resti-

2094 5367 2260 5425 tuam
2278 5370 2348 5425 in
2367 5366 2557 5426 locum
2579 5382 2771 5426 suum.
2801 5371 3044 5425 Carator
3062 5368 3142 5425 ait
3161 5386 3173 5423 :
3195 5366 3354 5433 Quid
3364 5367 3453 5423 est
3463 5366 3570 5423 hoc
3588 5363 3745 5436 quod

2092 5456 2279 5514 dicis?
2302 5455 2477 5515 Modo
2496 5458 2565 5515 in
2575 5457 2691 5515 isto
2711 5457 2830 5515 loco
2849 5458 3173 5515 moriemur
3208 5454 3395 5513 ambo.
3424 5452 3740 5511 Candaulis

2092 5546 2275 5603 dixit:
2302 5548 2433 5620 Ego
2451 5548 2587 5605 nolo
2630 5546 2772 5617 hoc;
2806 5546 2968 5619 quod
2984 5547 3043 5606 si
3066 5546 3132 5604 tu
3148 5545 3263 5615 vis,
3276 5544 3542 5619 paratus
3588 5555 3735 5602 smn.

2090 5634 2310 5695 Videas
2340 5635 2539 5711 itaque
2591 5634 2895 5711 Candacis,
2949 5635 3084 5712 quia
3115 5633 3219 5695 ﬁlii
3251 5632 3344 5695 sui
3371 5631 3646 5696 volebant
3676 5643 3741 5695 se
