3932 6416
165 421 282 489 598

1035 424 1474 494 CHRONICA.
1512 466 1585 478 —
1614 426 2095 496 CHRONICON
2138 427 2683 496 UNIVERSALE.

3455 423 3574 493 594

165 557 412 616 ἱηνιθθω
435 555 726 630 occidere,
743 559 1078 631 angustiata
1090 567 1200 635 est,
1218 563 1550 636 tollensque
1567 561 1808 623 Alexan-
1840 566 1898 628 A
1925 563 2208 624 habemus
2227 565 2552 638 angustam
2569 563 2907 625 introitum.
2923 563 3088 624 Sunt
3098 565 3373 626 internas
3391 580 3575 640 quisa

163 647 350 720 drum,
367 654 602 706 secreto
615 649 765 706 dixit
785 669 798 704 :
827 650 1188 724 Alexander,
1211 667 1332 711 non
1350 653 1618 713 ostendis
1629 654 1697 712 in
1707 655 1816 714 hoc

162 737 440 808 aliquam
465 739 848 812 sapientiam,
874 741 948 797 ut
969 755 1089 798 non
1117 742 1468 801 occidantur
1478 757 1594 816 pro
1617 744 1672 802 te
1679 744 1813 816 ﬁlii

157 824 273 880 mei
285 825 309 878 ?
323 825 428 880 Cui
453 823 782 882 Alexander
805 826 886 882 ait
903 845 916 883 :
932 828 1184 885 Dimitte
1208 844 1299 887 me
1316 829 1409 887 ire
1421 831 1480 888 et
1496 832 1661 903 loqui
1681 847 1815 890 cum

159 913 263 970 eis.
286 913 411 980 Qua
439 914 838 985 permittente,
854 915 997 971 abiit
1022 919 1092 972 ad
1115 931 1236 987 eos,
1252 924 1310 974 et
1332 919 1511 977 dixit:
1531 920 1810 990 Carator,

158 1001 215 1059 si
235 1001 530 1060 occideris
543 1017 654 1072 me,
670 1003 1202 1063 habetAtexander
1221 1021 1333 1064 rex
1351 1009 1571 1067 multos
1590 1010 1814 1068 milites

159 1089 437 1148 meliores
476 1105 587 1161 me,
617 1091 723 1150 sed
745 1094 802 1151 si
827 1093 1016 1152 vultis
1047 1095 1118 1150 ut
1144 1094 1386 1153 tradam
1412 1096 1576 1156 vobis
1614 1097 1815 1170 ipsum

158 1178 768 1251 inimicumvestrum,
787 1180 1120 1240 datemichi
1131 1183 1293 1254 quod
1291 1185 1530 1256 postulo
1543 1205 1562 1242 :
1581 1187 1814 1244 tantum

159 1267 230 1325 ut
240 1267 498 1340 paciﬁci
515 1268 656 1326 sitis
675 1269 835 1327 inter
855 1284 974 1341 vos,
995 1271 1204 1342 etjuro
1223 1271 1409 1343 vobis,
1433 1274 1585 1344 quia
1607 1275 1724 1333 huc
1745 1277 1814 1333 in

150 1357 465 1428 palatium
480 1358 746 1416 vestrum
762 1359 1060 1418 adducam
1080 1361 1510 1420 Alexandrum.
1540 1365 1812 1422 Credide-

162 1449 292 1502 runt
323 1445 377 1501 ei
412 1447 651 1516 fratres,
684 1452 743 1502 et
771 1447 1060 1519 paeilieati
1095 1455 1249 1519 sunt,
1275 1454 1332 1506 et
1363 1450 1514 1507 dona
1544 1451 1724 1510 multa
1755 1455 1806 1510 ei

162 1533 579 1604 promiserunt.
628 1535 868 1592 Voeavit
930 1541 1122 1594 autem
1166 1553 1297 1594 eum
1348 1539 1563 1596 iterum
1607 1541 1808 1612 regina

163 1621 447 1678 Candacis
477 1622 726 1693 occulte,
759 1629 820 1680 et
849 1625 995 1681 dixit
1026 1626 1077 1682 ei
1109 1645 1122 1682 :
1175 1627 1367 1685 Beata
1413 1643 1614 1700 essem,
1649 1630 1706 1688 si
1755 1632 1810 1688 te

163 1710 553 1782 cottidiepree
579 1713 770 1770 oculis
815 1713 1032 1771 habere
1063 1729 1330 1786 possem;
1356 1731 1471 1788 per
1509 1718 1563 1774 te
1591 1720 1810 1791 quippe

160 1799 437 1858 vicissem
467 1813 663 1858 omnes
692 1802 967 1860 inimicos
994 1817 1170 1862 meos.
1205 1805 1373 1861 Dedit
1400 1819 1540 1876 ergo
1572 1807 1626 1864 ei
1658 1807 1806 1864 dona

165 1888 403 1958 regalia,
433 1889 585 1945 inter
615 1905 744 1960 quae
767 1906 1044 1948 coronam
1067 1907 1137 1948 ex
1162 1892 1356 1964 lapide
1379 1895 1803 1952 adamantinam

162 1982 220 2032 et
277 1979 545 2034 bruniam
588 1983 648 2034 et
689 1978 994 2036 elamidem
1043 1979 1356 2038 stellatam.
1393 1984 1530 2039 Inde
1581 1985 1802 2051 abiens,

164 2065 264 2120 ivit
298 2066 351 2121 in
385 2067 637 2137 eriptam
683 2081 854 2137 quam
897 2071 1242 2126 monstravit
1275 2071 1326 2126 ei
1361 2072 1692 2143 Candaulis,
1725 2074 1808 2130 di-

161 2167 296 2213 cens
329 2153 488 2225 quod
539 2155 618 2210 ibi
664 2155 1059 2211 comedissent
1105 2157 1206 2212 dii.
1257 2159 1444 2228 Igitur
1497 2163 1804 2232 antequam

162 2242 572 2311 ingrederetur
607 2245 742 2300 fecit
775 2245 1150 2317 oblationem,
1176 2251 1234 2302 et
1257 2247 1343 2303 sic
1371 2247 1669 2317 ingressus
1691 2253 1802 2318 est,

161 2336 218 2386 ct
239 2332 382 2388 vidit
411 2332 492 2388 ibi
527 2332 837 2402 caliginem
869 2348 1152 2404 magnam,
1179 2341 1238 2390 et
1267 2335 1420 2392 inter
1458 2336 1641 2408 ipsam
1671 2337 1807 2393 eali-

161 2419 348 2490 ginem
363 2421 510 2478 vidit
537 2420 828 2478 lucentem
854 2421 1082 2478 stellam
1106 2427 1164 2479 et
1187 2424 1588 2496 apparitiones
1611 2426 1809 2498 ydolo-

163 2523 309 2580 rum,
333 2509 482 2564 vidit
516 2514 576 2564 et
611 2510 889 2580 quosdam
917 2512 1586 2581 recumbentes,lucidos
1609 2513 1809 2571 oculos

164 2595 315 2653 sicut
337 2597 614 2654 lucernas
638 2597 944 2668 habentes,
963 2614 1207 2669 quorum
1236 2615 1383 2656 unus
1403 2601 1550 2657 dixit
1567 2603 1617 2658 ei
1638 2606 1803 2668 :Ave,

160 2685 516 2744 Alexander.
551 2686 652 2742 Cui
685 2687 768 2743 ait
800 2706 812 2740 :
853 2688 1000 2754 Quis
1028 2703 1088 2745 es
1117 2691 1204 2755 tu,
1239 2689 1471 2746 domine
1493 2698 1520 2748 Ρ
1570 2693 1635 2746 Ει
1668 2691 1803 2748 ille:

166 2775 287 2846 Ego
331 2790 469 2834 sum
511 2776 923 2846 Sesonchosis,
948 2791 1201 2847 regnum
1245 2779 1456 2835 mundi
1497 2781 1720 2850 tenens,
1753 2782 1814 2836 et

163 2863 445 2921 mundum
473 2863 828 2936 subjugans,
843 2866 902 2922 et
921 2866 1154 2926 faciens
1171 2881 1364 2924 onznes
1385 2867 1691 2939 subjectos,
1705 2870 1812 2926 sed

171 2952 360 3010 tamen
377 2953 567 3010 michi
585 2968 704 3010 non
720 2954 812 3010 est
829 2967 1038 3010 nomen
1061 2955 1182 3011 tale
1203 2957 1384 3025 quale
1403 2956 1468 3011 tu
1487 2956 1732 3014 habebis
1744 2959 1809 3013 in

167 3040 267 3096 tua
295 3055 479 3112 quam
495 3041 913 3114 fabricaberis
943 3043 1342 3102 Alexandria.
1370 3045 1692 3114 Ingredere
1722 3047 1810 3103 ta-

162 3141 288 3185 men
306 3130 591 3201 amplius,
607 3131 662 3186 et
679 3130 926 3188 videbis.
947 3133 1014 3187 Et
1028 3131 1172 3188 vidit
1192 3133 1400 3188 iterum
1418 3131 1584 3188 aliam
1609 3133 1808 3202 caligi-

165 3223 380 3288 nem,et
409 3219 699 3290 quendam
725 3219 1024 3274 sedentem
1048 3221 1212 3290 quasi
1239 3221 1290 3276 in
1317 3222 1454 3277 sede
1483 3222 1684 3292 regali,
1710 3223 1803 3280 cui
1837 3267 1882 3295 η

167 3305 341 3362 dixit:
370 3307 522 3374 Quis
544 3321 624 3378 es,
650 3308 918 3364 domine?
947 3308 1052 3374 Qui
1077 3310 1154 3364 ait
1185 3328 1197 3362 :
1231 3309 1543 3368 Nativitas
1567 3311 1806 3368 deorum
1839 3305 1884 3330 “‘

159 3406 256 3464 ego
278 3409 427 3453 sum.
480 3395 623 3452 Vidi
655 3397 708 3452 te
732 3397 797 3452 in
825 3397 988 3454 terra
1016 3396 1214 3469 Lybiae
1242 3397 1301 3453 et
1325 3398 1493 3454 modo
1539 3398 1640 3457 hic
1683 3412 1808 3457 esse

157 3483 394 3542 videris.
422 3484 528 3542 Cui
562 3485 890 3541 Alexander
919 3485 1000 3540 ait
1030 3505 1042 3538 :
1080 3485 1193 3564 pic
1215 3487 1422 3555 michi,
1446 3492 1590 3557 quot
1617 3501 1805 3546 annos

158 3571 419 3632 victurus
445 3587 597 3630 sum.
630 3572 732 3628 Ille
769 3573 1073 3644 respondit
1103 3593 1115 3628 :
1150 3575 1326 3632 Hane
1355 3589 1602 3632 causam
1622 3589 1806 3647 quam

157 3661 491 3734 interrogas
513 3661 741 3732 oportet
756 3663 827 3718 ut
838 3676 1002 3718 nemo
1020 3664 1372 3720 mortalium
1389 3663 1564 3733 sciat,
1581 3665 1731 3735 quia
1745 3666 1803 3723 si

160 3750 424 3820 cognitus
437 3750 676 3824 fuisset
703 3749 926 3808 homini
959 3751 1086 3808 dies
1105 3753 1314 3809 mortis
1334 3766 1476 3823 sua,
1501 3753 1673 3810 tanta
1695 3754 1801 3812 tri-

163 3835 380 3896 bulatio
413 3839 471 3896 ei
503 3839 816 3909 accideret,
849 3840 1032 3910 quasi
1061 3841 1304 3898 cottidie
1348 3841 1503 3898 mori
1549 3841 1796 3900 deberet.

161 3925 236 3994 (F.
261 3929 409 4000 216.)
432 3928 732 3986 Facturus
753 3942 814 3985 es
831 3929 1154 3999 civitatem,
1171 3945 1302 4001 qua
1311 3931 1584 4002 gloriosa
1605 3932 1800 3989 exsta-

162 4013 244 4071 bit
276 4019 344 4073 in
383 4017 502 4074 toto
534 4017 796 4086 mundo;
844 4017 933 4074 ibi
965 4019 1386 4092 fabricabitur
1431 4019 1800 4090 sepulchrum

161 4103 336 4175 tuum,
362 4105 571 4178 ibique
595 4106 933 4176 requiescet
957 4121 1168 4178 corpus
1201 4108 1385 4164 tuum.

223 4193 430 4250 Exiens
486 4193 640 4263 inde,
672 4195 827 4250 venit
874 4194 944 4250 ad
990 4195 1204 4250 milites
1241 4209 1402 4263 suos,
1446 4209 1799 4266 movensque

154 4281 492 4352 exercitum,
515 4282 798 4354 applicuit
830 4282 899 4317 “3
945 4284 1015 4340 ad
1059 4285 1395 4353 Amazones,
1423 4283 1682 4353 dirigens
1709 4285 1797 4340 eis

155 4369 456 4439 epistolam
484 4371 657 4426 talem
683 4390 696 4426 :
719 4373 850 4429 Rex
879 4371 1217 4428 Alexander
1240 4372 1634 4430 Amaeonibus
1646 4387 1798 4444 gau-

158 4455 334 4513 dium.
357 4457 632 4528 Pugnam
651 4473 834 4529 quam
868 4473 1000 4516 cum
1017 4459 1208 4516 Dario
1213 4460 1480 4531 fecimus
1497 4458 1662 4516 vobis
1681 4474 1797 4516 non

155 4545 520 4618 incognitam
556 4548 866 4618 credimus,
897 4549 953 4605 et
989 4549 1272 4620 quomodo
1321 4547 1796 4619 expugnat-imus

1923 655 2077 712 viris
2101 655 2248 712 sunt
2270 655 2515 713 intacta
2543 657 2756 713 2MOOO
2781 673 2809 725 ,-
2851 654 2973 712 viri
3017 656 3176 714 enim
3215 657 3384 716 nullo
3405 659 3574 716 mdo

1924 742 2210 801 habitant
2223 743 2384 803 inter
2401 757 2507 802 nos
2517 763 2543 815 ,-
2551 745 2657 802 sed
2676 744 2843 801 ultra
2851 744 3121 816 ﬂuvium
3135 746 3204 803 in
3223 745 3359 804 alia
3367 747 3568 820 parte.

1924 833 2044 888 Per
2063 846 2540 904 unumquemque
2559 847 2784 890 annum
2804 831 3270 907 celebramus/es
3277 835 3575 894 tivitatem

1921 920 2089 977 Jovis
2097 933 2211 992 per
2228 919 2482 992 triginta
2498 921 2645 989 dies,
2663 920 2818 978 etsie
2840 920 3171 981 transimus
3188 920 3392 980 videre
3408 923 3572 984 viros

1921 1009 2172 1077 nostros,
2203 1009 2262 1066 et
2282 1009 2554 1080 gaudent
2577 1009 2881 1067 nobiscum
2932 1010 3192 1082 triginta
3238 1010 3463 1071 diebus.
3493 1015 3572 1072 Si

1921 1097 2062 1170 quis
2090 1099 2226 1156 vult
2242 1101 2310 1155 in
2333 1098 2556 1157 lxticia
2585 1113 2828 1156 manere
2856 1113 2990 1158 cum
3022 1113 3210 1158 uxore
3245 1113 3378 1171 sua,
3415 1101 3572 1160 tenet

1922 1199 2053 1243 eam
2067 1199 2182 1258 per
2206 1201 2389 1247 unum
2422 1201 2664 1245 annum.
2697 1187 2862 1253 Quod
2875 1187 2932 1245 si
2949 1187 3171 1246 mulier
3188 1187 3572 1261 impregnata

1909 1275 2154 1352 peperit
2171 1277 2530 1346 masculum,
2547 1275 2704 1333 tenet
2718 1289 2850 1332 eum
2849 1276 3031 1348 pater
3039 1290 3254 1348 seem,
3269 1279 3390 1336 etsi
3386 1278 3572 1352 fani.

1920 1350 2062 1419 nam
2079 1364 2334 1435 peperit,
2367 1364 2573 1422 nutrit
2597 1377 2728 1421 eam
2750 1365 2926 1436 pater
2942 1379 3058 1436 per
3096 1378 3285 1424 annos
3327 1350 3566 1438 septem,

1917 1452 2121 1522 postea
2147 1451 2360 1509 reddet
2385 1465 2516 1508 eam
2541 1452 2732 1509 matri
2753 1466 2895 1510 suis.
2932 1452 3083 1510 Cum
3109 1455 3308 1512 autem
3338 1468 3570 1528 pugna-

1921 1540 2070 1596 tura
2096 1539 2432 1598 venerimus
2459 1554 2594 1597 cum
2618 1540 2848 1612 aliquo,
2868 1553 3077 1600 sumus
3103 1553 3348 1600 numero
3375 1542 3570 1602 decies

1920 1629 2075 1686 dena
2093 1630 2276 1687 milia
2296 1630 2656 1702 equitantes,
2674 1630 2817 1688 alia
2827 1631 3028 1687 autem
3045 1631 3393 1689 custodiunt
3401 1631 3569 1691 insu-

1923 1717 2043 1774 lam
2054 1717 2355 1789 nostram;
2367 1717 2742 1775 etobviamus
2757 1717 3024 1778 inimicis
3044 1721 3270 1778 nostris
3287 1732 3478 1792 usque
3487 1721 3571 1778 ad

1915 1805 2078 1876 ipsos
2089 1807 2484 1878 montes;viri
2504 1807 2703 1864 autem
2713 1807 2910 1865 nosh'i
2926 1808 3272 1866 insecuntur
3280 1809 3425 1880 post
3437 1823 3564 1880 nos,

1834 1921 1890 1982 Β
1920 1894 2124 1952 etcum
2141 1909 2392 1952 reserva
2397 1895 2712 1967 fuerimus
2733 1909 2866 1952 cum
2885 1898 3160 1966 victoria,
3184 1897 3447 1956 adorant
3461 1911 3567 1956 nos

1918 1983 2040 2041 viri
2060 1985 2270 2041 nostri.
2295 1986 2516 2055 Siqua
2537 1998 2613 2040 ex
2634 1983 2802 2042 nobis
2821 1983 3126 2054 ceciderit,
3145 1983 3574 2043 hereditabunt

1919 2086 2049 2128 eam
2078 2086 2210 2144 qua
2235 2071 2702 2144 supervixerint.
2744 2073 2894 2130 Ecce
2935 2073 3099 2143 signi
3092 2074 3416 2145 ﬂcavimus
3454 2073 3566 2132 tibi

1919 2162 2400 2218 consuetudinem
2417 2161 2684 2218 nostram
2715 2161 3172 2233 quaenfacimus
3191 2162 3350 2218 omni
3371 2175 3527 2220 anno
3541 2179 3568 2233 ,ο

1921 2249 1984 2306 tu
2003 2249 2200 2304 autem
2213 2248 2524 2306 considera
2535 2249 2594 2304 et
2585 2250 2702 2320 fac
2714 2249 2872 2320 quod
2879 2249 3122 2320 oportet,
3137 2249 3198 2306 et
3206 2247 3570 2307 scribeillud

1916 2335 2102 2394 nobis.
2142 2336 2310 2402 Quod
2335 2338 2391 2394 si
2409 2349 2692 2406 pugnare
2717 2335 2998 2404 volueris,
3024 2335 3106 2392 ad
3122 2337 3282 2408 ipsos
3303 2337 3566 2395 exiemus

1917 2423 2151 2480 obviam
2182 2423 2328 2493 tibi;
2347 2425 2578 2494 oportet
2599 2427 2756 2480 enim
2795 2425 2867 2480 ut
2911 2424 3129 2482 stemus
3157 2423 3219 2481 et
3229 2437 3566 2496 pugnemus

1917 2512 2232 2570 adversum
2253 2526 2371 2570 vos.
2387 2513 2464 2568 Si
2481 2513 2678 2568 autem
2697 2513 2968 2570 viceritis
2988 2525 3114 2582 nos,
3136 2513 3372 2569 nullam
3391 2511 3565 2570 habe-

1920 2599 2060 2658 bitis
2093 2601 2348 2670 laudem,
2380 2603 2532 2672 quia
2563 2601 2838 2672 feminas
2882 2601 3142 2670 vicistis,
3173 2600 3278 2658 sed
3323 2601 3384 2658 et
3405 2600 3568 2671 quod

1920 2689 2148 2746 tollatis
2179 2703 2218 2746 a
2247 2689 2417 2747 nobis
2446 2704 2564 2746 non
2599 2689 2938 2746 invenietis.
2976 2689 3144 2746 Unde
3186 2700 3344 2759 cave,
3377 2691 3562 2760 impe-

1916 2778 2103 2846 rator,
2136 2793 2210 2834 ne
2237 2779 2390 2848 quid
2417 2777 2528 2835 tibi
2557 2778 2795 2836 adversi
2820 2777 3148 2848 contingat.

1991 2867 2211 2936 Legens
2260 2865 2589 2922 Alexander
2620 2864 2930 2936 epistolam
2981 2866 3148 2936 hanc,
3183 2865 3336 2936 risit,
3369 2869 3431 2922 et
3480 2865 3561 2922 ita

1919 2955 2101 3010 reseri
2112 2955 2224 3026 psit
2244 2974 2257 3010 :
2290 2957 2642 3025 Trespartes
2653 2953 2865 3012 mundi
2875 2953 3394 3027 apprehendimus,
3411 2954 3564 3012 etvi-
3641 3007 3644 3011 .

1917 3043 2168 3100 ctoriam
2165 3044 2463 3116 fecimus;
2473 3043 2629 3100 unde
2640 3045 2696 3100 si
2709 3041 2870 3100 vobis
2888 3040 3308 3100 resistentibus
3321 3056 3442 3100 non
3448 3056 3564 3114 pu-

1910 3133 2299 3202 gnaverimus
2317 3132 2632 3202 vobiscum,
2659 3132 2830 3203 turpe
2849 3131 2971 3190 erit
2981 3129 3166 3189 nobis.
3191 3131 3470 3189 Attamen
3491 3131 3564 3189 do

1913 3219 2078 3277 vobis
2089 3221 2426 3277 consilium.
2439 3222 2518 3277 Si
2529 3221 2711 3278 vultis
2719 3221 2920 3292 perire
2938 3219 3000 3277 et
3017 3218 3318 3277 dimittere
3338 3219 3564 3278 terram

1913 3309 2171 3364 vestram
2181 3309 2375 3366 utnon
2387 3308 2692 3366 habitetur
2704 3307 3187 3380 amplius,venite
3196 3307 3356 3365 sicut
3367 3305 3504 3366 dixi
3507 3321 3562 3364 s-

1917 3396 1995 3452 tis
2007 3395 2240 3454 obviam
2250 3397 2420 3455 nobis
2430 3397 2511 3454 ad
2519 3398 2758 3454 montes.
2777 3396 2854 3454 Si
2865 3396 3066 3454 autem
3075 3407 3192 3452 non
3202 3394 3392 3454 vultis
3393 3395 3561 3466 peri-

1911 3497 1994 3552 re,
2020 3485 2408 3554 ingredimini
2417 3484 2702 3556 fluvium,
2725 3485 2784 3541 et
2810 3485 2900 3542 sic
2929 3485 3246 3555 loquamur
3263 3483 3333 3540 in
3350 3496 3554 3540 unum.

1911 3572 2061 3629 Juro
2081 3575 2280 3630 autem
2299 3573 2462 3631 vobis
2477 3588 2587 3644 per
2611 3573 2764 3642 deos,
2789 3573 2940 3644 quia
2957 3573 3192 3628 nullum
3210 3571 3439 3628 malum
3446 3583 3560 3642 pa-

1913 3659 2151 3718 tiemini
2173 3676 2212 3718 a
2241 3662 2430 3720 nobis.
2464 3663 2718 3733 Equites
2762 3661 2960 3718 autem
2985 3659 3262 3734 feminas
3295 3659 3560 3730 quantas

1911 3750 2097 3807 vultis
2115 3749 2366 3821 dirigite
2386 3749 2572 3818 nobis,
2595 3750 2655 3806 et
2669 3748 3018 3807 donabimus
3037 3748 3336 3820 singulas,
3357 3747 3564 3822 etpost

1913 3839 2138 3910 tempus
2161 3839 2526 3896 dimittemus
2549 3851 2650 3896 eas
2667 3837 2866 3894 redire
2887 3837 2956 3893 in
2977 3837 3202 3894 terram
3220 3849 3412 3894 suam.
3439 3836 3560 3908 Da-

1912 3929 2036 3984 tum
2053 3929 2251 3984 autem
2271 3927 2431 3996 quod
2449 3928 2636 3985 vultis
2657 3927 2795 3984 date
2813 3925 2999 3984 nobis.
3020 3924 3403 3984 Considerate
3421 3937 3560 3996 ergo

1909 4017 1967 4072 et
1984 4015 2229 4073 scribite
2247 4015 2434 4074 nobis.
2464 4015 2584 4072 Illae
2609 4021 2804 4071 autem
2836 4014 3304 4082 considerantes,
3330 4012 3560 4069 direxe-

1910 4109 2044 4160 runt
2069 4103 2122 4159 ei
2146 4103 2424 4174 poledros
2456 4103 2659 4158 decem
2692 4108 2749 4159 et
2779 4101 3062 4171 caballos,
3089 4108 3146 4157 et
3172 4101 3305 4156 inde
3329 4101 3560 4172 proice-

1910 4195 2006 4248 tus
2029 4197 2138 4248 est.
2157 4191 2354 4260 (Onos.
2381 4205 2464 4260 ιη,
2483 4191 2850 4260 13.)Legitur
2875 4196 3065 4247 tamen
3090 4189 3244 4261 quod
3269 4187 3557 4246 Halestris

1907 4281 2032 4336 sive
2044 4278 2330 4335 Minothea
2347 4293 2558 4349 procax
2574 4280 2829 4334 Amazon
2843 4281 3083 4334 cum300
3095 4277 3323 4334 feminis
3335 4277 3409 4332 ad
3422 4291 3554 4334 eum

1907 4369 2153 4437 venerit,
2173 4366 2360 4437 gratia
2393 4366 2780 4436 suscipiendae
2817 4367 2887 4422 ab
2919 4379 2988 4422 eo
3019 4365 3240 4422 sobolis
3271 4364 3550 4422 excitata.

1980 4458 2198 4528 (Epist.
2233 4457 2314 4512 a'l
2339 4455 2586 4514 Aristot.
2625 4453 2762 4510 Cod.
2797 4453 2990 4512 Bamb.
3028 4454 3064 4508 Γ.
3100 4455 3244 4523 229.)
3289 4453 3428 4511 Cum
3457 4467 3555 4509 au—

1907 4550 2024 4602 tem
2054 4544 2390 4617 perveniret
2416 4542 2744 4600 Alexander
2765 4543 2837 4599 ad
2862 4545 3064 4613 portas
3091 4541 3350 4612 Caspias,
3371 4543 3428 4596 et
3451 4539 3554 4596 mi-

157 4632 394 4691 Indiam
425 4637 708 4708 aliasque
731 4637 958 4708 gentes,
983 4651 1116 4708 qua
1133 4637 1410 4694 resistere
1437 4636 1606 4694 nobis
1629 4637 1793 4694 nullo
1820 4629 1877 4692 D
1910 4638 2141 4689 raretur
2172 4639 2389 4690 terram
2424 4631 2582 4687 illam
2615 4631 2748 4701 quia
2779 4634 2911 4686 erat
2957 4630 3128 4700 bona,
3159 4627 3437 4699 cognovit
3469 4627 3551 4684 ibi

155 4723 312 4778 modo
316 4725 655 4794 potuerunt.
680 4726 1047 4798 Quapropter
1057 4725 1375 4784 scribimus
1387 4725 1570 4795 vobis,
1586 4727 1796 4798 utper-

154 4810 399 4871 solvatis
414 4813 583 4875 nobis
603 4815 830 4886 datum,
871 4817 1020 4887 quia
1047 4830 1165 4872 non
1187 4817 1482 4872 veniemus
1501 4828 1678 4886 super
1695 4829 1795 4872 vos

156 4898 400 4971 aliquod
417 4905 646 4958 malum
662 4904 824 4960 varis
847 4903 1095 4966 inferre.
1116 4905 1197 4960 Ad
1215 4904 1338 4960 haec
1353 4903 1637 4975 rescripta
1657 4908 1794 4960 sunt

159 4986 266 5044 ista
283 5009 295 5044 :
313 4993 636 5050 Amazones
643 4993 1028 5064 potentissim
1041 5007 1079 5041 ηιξ
1104 4993 1286 5063 atque
1290 4993 1591 5064 fortiores
1611 4992 1795 5050 omni-

159 5075 259 5135 bus
273 5081 518 5138 militiis
537 5083 584 5137 A
594 5081 1012 5154 lexandrogau
1020 5081 1204 5138 dium.
1227 5082 1598 5152 Scripsimus
1610 5083 1797 5152 etsig-

155 5166 217 5220 ni
209 5167 528 5238 ﬂcavimus
540 5169 674 5240 tibi,
690 5169 870 5240 anteq
878 5172 1227 5228 uamvenias
1237 5171 1463 5242 inﬂnes
1473 5170 1802 5238 nostros,ut

155 5255 309 5312 scias
321 5257 1796 5330 quomodovenias,nefortepatiaristurpitudinem

153 5341 329 5400 Scias
339 5345 620 5414 quoniam
633 5345 932 5402 habitatio
945 5346 1150 5403 nostra
1173 5346 1263 5402 est
1279 5345 1446 5402 ultra
1451 5346 1716 5417 ﬂuvium
1731 5347 1797 5402 in

154 5431 412 5500 quadam
431 5434 660 5504 insula,
684 5447 867 5504 quam
886 5434 1084 5506 cingit
1103 5435 1229 5506 ipse
1233 5434 1472 5506 fluvius
1492 5435 1559 5490 in
1575 5447 1798 5506 gyrum

153 5529 266 5575 non
288 5517 511 5579 habens
530 5521 786 5578 inicium
813 5535 1003 5594 neque
1019 5523 1227 5594 ﬁnem,
1263 5521 1320 5579 et
1344 5535 1420 5578 ex
1461 5537 1586 5579 una
1619 5521 1798 5594 parte

1906 4721 2099 4792 aliqua
2135 4737 2260 4792 quas
2295 4721 2406 4777 sibi
2440 4719 2792 4776 videbantur
2823 4718 3046 4776 odiosa.
3082 4719 3262 4774 Erant
3309 4716 3461 4773 enim
3492 4715 3550 4772 in

1906 4810 2050 4881 ipsis
2073 4809 2218 4867 locis
2241 4809 2458 4866 diversi
2485 4813 2792 4880 serpentes
2814 4812 2873 4864 et
2899 4805 3124 4877 bestiae,
3141 4806 3214 4863 de
3233 4804 3446 4876 quibus
3469 4803 3554 4861 di-

1905 4902 2114 4956 xerunt
2144 4898 2409 4954 homines
2440 4897 2550 4954 loci
2584 4897 2742 4954 illius
2771 4900 2830 4953 ut
2862 4899 3141 4952 caverent
3168 4909 3250 4952 se.
3270 4893 3420 4950 Tulit
3453 4906 3552 4950 au-

1909 4991 2021 5044 tem
2051 4991 2286 5043 centum
2319 4986 2739 5056 quinquaginta
2769 4985 2992 5058 peritos
3025 4983 3284 5042 locorum
3314 4981 3413 5054 qui
3436 4981 3549 5038 sibi

1905 5075 2178 5132 ducatum
2201 5075 2539 5146 preberent,
2561 5079 2620 5130 et
2647 5074 2904 5146 perrexit
2939 5089 3068 5130 cum
3097 5072 3249 5129 omni
3282 5070 3549 5128 exercitu

1905 5177 2103 5221 mense
2134 5166 2400 5233 Augusto
2434 5177 2536 5234 per
2586 5161 3064 5219 ardentissimum
3111 5161 3294 5217 solem
3343 5163 3404 5216 et
3446 5173 3550 5230 per

1905 5267 2148 5309 arenosa
2172 5251 2318 5322 loca,
2335 5251 2688 5323 promittens
2701 5250 2923 5322 premia
2937 5249 3307 5319 ductoribus,
3323 5248 3372 5305 si
3386 5247 3549 5304 illum

1906 5342 2127 5398 salvum
2147 5341 2448 5398 ducerent.
2465 5341 2864 5397 Pervenerunt
2883 5342 3075 5395 autem
3099 5337 3156 5393 in
3183 5337 3546 5406 Bactriacen,

1906 5431 2002 5488 ubi
2035 5437 2170 5489 sunt
2195 5432 2403 5500 gentes
2443 5443 2572 5500 quas
2619 5427 2896 5486 dicuntur
2943 5425 3137 5498 Seres,
3173 5431 3236 5482 et
3275 5431 3410 5484 sunt
3465 5426 3548 5484 ibi

1907 5522 2152 5577 arbores
2178 5519 2463 5576 habentes
2495 5516 2629 5574 folia
2658 5515 2822 5573 velut
2851 5512 3062 5587 lanam,
3100 5515 3251 5573 unde
3283 5515 3549 5574 homines

1503 5637 1739 5694 vnum
1780 5635 2180 5704 LECTIONES,

222 5701 266 5736 ³³
295 5704 452 5762 venit
483 5711 542 5764 et
585 5720 636 5764 a.
671 5711 721 5763 δ.
