3932 6408
339 421 460 485 595

1507 412 1989 480 EKKEHARDI
2033 415 2593 483 URAUGIENSIS

3633 418 3763 483 596

346 556 503 616 illius
527 561 699 617 terrae
724 555 942 615 faciunt
967 553 1078 615 sibi
1101 559 1321 614 vestes.
1346 554 1456 612 Sed
1479 559 1540 613 et
1558 554 1740 613 duces
1759 552 1988 611 itineris
2016 550 2071 612 A
2103 550 2751 627 quingentos,horaque
2767 552 3071 612 undecima
3084 556 3759 628 coenaverunt.Cumque

342 647 711 718 collegerunt
739 662 811 704 ex
842 660 929 705 ea.
964 646 1223 713 Quadam
1257 660 1395 702 vero
1423 644 1516 702 die
1549 644 1683 702 dum
1715 644 1831 699 iter
1858 657 1989 715 age-

344 743 496 804 rent,
531 740 842 808 coeperunt
872 735 1032 793 sitim
1067 736 1282 792 habere
1315 734 1609 805 majorem.
1645 734 1824 801 Quam
1855 748 1987 791 cum

344 825 675 883 Alexander
704 825 951 882 suﬂ‘erre
982 840 1093 881 non
1128 828 1352 897 posset,
1398 823 1632 895 quidam
1671 822 1840 880 miles
1892 823 1990 878 Ze-

344 914 539 986 philus
571 913 801 971 nomine
832 913 1054 970 invenit
1084 927 1291 985 aquam
1338 912 1393 969 in
1440 916 1609 985 petra
1659 915 1885 981 cavata,
1919 910 1991 968 de

343 1018 454 1073 qua
484 1002 749 1075 implevit
771 1001 1057 1059 cassidem
1082 1016 1247 1059 suum
1276 1006 1335 1057 et
1362 1001 1564 1058 attulit
1586 1000 1729 1071 regi,
1758 999 1888 1072 plus
1907 998 1994 1055 di-

343 1090 531 1161 ligens
562 1091 690 1162 ejus
719 1091 897 1149 vitam
921 1104 1091 1162 quam
1117 1106 1297 1148 suam.
1322 1090 1424 1148 llle
1447 1094 1641 1146 autem
1663 1103 1992 1147 convocans

342 1181 689 1253 exercitum,
728 1195 926 1237 coram
959 1180 1230 1237 omnibus
1259 1180 1407 1236 fudit
1449 1179 1633 1251 ipsam
1677 1193 1885 1250 aquam
1935 1178 1992 1234 in

339 1272 582 1342 terram,
616 1285 707 1340 ne,
740 1268 877 1326 dum
905 1268 1133 1325 videret
1163 1268 1462 1326 exercitus
1514 1268 1664 1339 quod
1701 1266 1799 1324 ille
1831 1268 1997 1326 solus

344 1359 597 1428 biberet,
619 1358 751 1430 plus
782 1358 951 1415 sitire
976 1357 1285 1430 inciperet.
1316 1357 1597 1415 Laudavit
1615 1361 1809 1414 autem
1834 1358 1996 1415 boni-

345 1455 524 1503 tatem
554 1446 775 1519 Zephili
810 1460 979 1519 quam
1012 1446 1219 1503 habuit
1250 1447 1305 1503 in
1337 1461 1489 1516 eum,
1516 1450 1574 1502 et
1597 1447 1815 1518 Optima
1842 1447 1992 1503 dona

345 1535 505 1592 dedit
537 1535 610 1591 ei.
648 1535 1028 1592 Confortatus
1057 1549 1199 1593 vero
1231 1535 1303 1592 de
1333 1535 1441 1591 hoc
1472 1535 1772 1592 exercitus
1813 1534 1996 1606 coepit

348 1624 451 1680 ire.
478 1624 765 1696 Apparuit
796 1627 988 1680 autem
1008 1638 1121 1679 non
1145 1624 1316 1694 longe
1340 1623 1550 1680 ﬂumen
1575 1624 1632 1679 in
1652 1623 1910 1694 deserto,
1938 1623 1993 1679 in

348 1712 518 1782 cujus
544 1713 673 1785 ripa
704 1717 873 1769 erant
903 1727 1103 1769 canna;
1136 1712 1270 1770 altas
1318 1712 1623 1782 sexaginta
1654 1712 1903 1784 pedibus
1934 1717 1993 1767 et

349 1815 574 1871 grossae
607 1801 760 1858 sicut
789 1801 981 1872 pinus,
1007 1816 1080 1856 ex
1108 1800 1322 1871 quibus
1346 1801 1563 1857 ﬂebant
1585 1802 1800 1858 tabulaa
1823 1800 1893 1857 ad
1917 1802 1995 1857 fa-

2100 644 2235 700 luna
2270 644 2469 701 lucere
2504 645 2808 718 inciperet,
2844 647 3043 703 subito
3081 650 3367 705 venerunt
3409 647 3761 719 scorpiones

2099 737 2157 789 et
2189 739 2497 807 serpentes
2532 736 2778 807 aliaeque
2816 736 2948 793 ferae
2981 736 3184 792 bibere
3235 736 3305 792 de
3352 736 3478 809 ipso
3509 735 3661 807 lacu,
3693 741 3760 792 et

2098 825 2221 878 tota
2236 827 2396 878 terra
2423 823 2520 880 illa
2549 825 2858 880 resonabat
2880 824 2950 880 de
2969 824 3161 881 sibilis
3176 825 3551 895 serpentium.
3570 826 3759 881 Pone-

2102 909 2240 966 bant
2257 925 2397 981 ergo
2421 910 2640 969 milites
2657 917 2821 969 scuta
2843 912 2898 967 in
2922 914 3113 969 fronte
3135 918 3462 970 castrorum
3476 928 3578 986 per
3602 913 3760 971 ordi'

2101 1013 2250 1070 nem,
2277 1004 2337 1054 et
2359 1001 2639 1056 tenebant
2662 1001 2896 1058 lanceas
2919 1002 2975 1057 in
2996 1002 3282 1073 manibus,
3308 1006 3368 1059 et
3398 1002 3483 1059 sic
3506 1003 3757 1075 recipie-

2104 1088 2244 1144 bant
2274 1092 2582 1161 serpentes
2612 1095 2815 1146 contra
2847 1105 2910 1147 se
2954 1090 3275 1161 venientes,
3310 1095 3368 1146 et
3418 1091 3756 1163 aliquantos

2102 1177 2449 1234 occiderunt
2481 1193 2553 1234 ex
2577 1179 2681 1234 eis.
2709 1179 3142 1236 Reccdentibus
3162 1183 3353 1236 autem
3377 1181 3755 1252 serpentibus

2105 1265 2262 1322 circa
2297 1267 2542 1322 terciam
2576 1267 2766 1323 noctis
2800 1269 3018 1336 horam,
3053 1283 3181 1324 cum
3207 1269 3322 1339 jam
3356 1274 3662 1341 sperarent
3686 1285 3757 1326 se

2105 1356 2364 1424 requiem
2414 1355 2745 1426 habituros,
2799 1370 2937 1411 ecce
2985 1356 3057 1411 de
3104 1356 3397 1413 montibus
3442 1357 3760 1414 veniebant

2107 1442 2204 1498 alii
2236 1448 2544 1514 serpentes
2574 1443 2860 1500 columnis
2890 1444 3242 1514 grossiores,
3275 1446 3489 1502 erectis
3508 1447 3758 1517 pectori-

2106 1531 2236 1602 bus,
2261 1532 2485 1602 apertis
2519 1533 2740 1600 buccis,
2766 1531 2837 1589 de
2861 1548 3105 1603 quorum
3128 1532 3336 1604 [oculis
3358 1532 3445 1606 ³³⁸]
3474 1534 3759 1591 scintilla-

2106 1622 2207 1677 bat
2236 1635 2544 1693 venenum,
2576 1621 2870 1693 alitusque
2899 1637 3101 1680 eorum
3132 1625 3261 1678 erat
3291 1623 3592 1689 mortifer;
3623 1639 3754 1681 cum

2108 1709 2319 1780 quibus
2356 1711 2689 1780 pugnabant
2722 1711 2856 1781 plus
2889 1725 3060 1781 quam
3094 1725 3263 1767 unam
3309 1711 3508 1769 horam
3541 1714 3753 1783 noctis,

2107 1802 2165 1855 et
2197 1798 2377 1855 occisi
2409 1802 2542 1855 sunt
2575 1798 2646 1853 ab
2669 1799 2758 1855 eis
2777 1799 3017 1869 triginta
3039 1800 3191 1856 servi
3214 1805 3275 1855 et
3292 1800 3494 1871 viginti
3515 1802 3753 1857 milites.

349 1889 589 1947 ciendas
614 1903 804 1946 casas.
835 1889 918 1945 Ibi
951 1904 1092 1960 ergo
1139 1894 1463 1961 posuerunt
1492 1892 1706 1946 castra.
1740 1892 1995 1961 Cumque
2023 1911 2079 1972 Β
2111 1891 2181 1943 At
2208 1891 2517 1958 postquam
2552 1893 2928 1943 recesserunt
2964 1892 3284 1959 serpentes,
3318 1892 3599 1945 venerunt
3621 1903 3760 1945 can-

347 1991 418 2033 ex
448 1978 652 2034 eadem
683 1992 831 2049 aqua
864 1978 1065 2035 bibere
1096 1977 1331 2047 vellent,
1353 1982 1483 2034 erat
1505 1991 1697 2035 amara
1717 1978 1869 2035 sicut
1897 1978 1990 2035 fel.

348 2066 810 2136 Angustiabatur
837 2066 1036 2137 itaque
1068 2081 1170 2123 rex
1198 2065 1331 2138 plus
1363 2066 1433 2123 de
1449 2066 1799 2123 animalibus
1824 2082 1994 2138 quam

348 2153 417 2211 de
447 2155 801 2224 hominibus,
828 2155 962 2226 quia
997 2154 1094 2211 illa
1129 2155 1285 2211 sitim
1319 2160 1645 2227 temperare
1677 2156 1867 2212 minus
1896 2171 1996 2213 no-

347 2249 570 2313 verant,
598 2243 657 2313 (f.
692 2245 820 2316 230)
845 2244 1063 2300 milites
1087 2249 1279 2301 autem
1303 2244 1400 2300 alii
1426 2242 1723 2315 lingebant
1752 2246 1991 2314 ferrum,

346 2331 443 2388 alii
468 2332 746 2389 bibebant
770 2332 984 2402 oleum,
1004 2332 1100 2387 alii
1122 2346 1261 2389 vero
1279 2332 1348 2388 ad
1371 2336 1589 2389 tantam
1606 2338 1995 2404 pervenerant

346 2420 778 2497 necessitatem,
816 2425 876 2477 ut
911 2420 1135 2477 urinam
1166 2435 1328 2477 suam
1359 2419 1647 2476 biberent.
1674 2423 1993 2492 Pergentes

347 2507 526 2577 igitur
553 2508 718 2579 juxta
752 2507 935 2580 ripam
983 2508 1243 2578 ejusdam
1295 2508 1477 2563 amari
1530 2508 1802 2579 ﬂuminis,
1837 2510 1994 2566 circa

346 2600 612 2653 octavam
643 2595 755 2652 diei
788 2597 988 2653 horam
1020 2599 1307 2654 venerunt
1336 2596 1407 2653 ad
1455 2596 1762 2654 castellum
1797 2613 1992 2668 unum,

347 2683 401 2739 in
435 2684 627 2741 insula
656 2685 920 2756 ejusdem
948 2685 1204 2742 ﬂuminis
1227 2684 1504 2756 positum,
1529 2684 1682 2755 quod
1710 2700 1783 2743 ex
1806 2686 1997 2758 predi-

343 2773 455 2829 etis
488 2773 691 2831 cannis
710 2777 840 2829 erat
859 2773 1227 2831 aedificatum.
1256 2774 1339 2831 lbi
1360 2773 1633 2831 viderunt
1659 2789 1878 2847 paucos
1898 2775 1998 2832 ho-

347 2861 534 2918 mines
565 2862 773 2932 nudos,
810 2861 907 2932 qui
955 2863 1156 2918 statim
1208 2866 1270 2919 ut
1326 2862 1649 2920 exercitum
1698 2863 1992 2935 viderunt,

347 2948 783 3005 absconderunt
799 2963 882 3005 se.
902 2948 1230 3007 Alexander
1244 2955 1435 3007 autem
1458 2950 1661 3007 volens
1686 2951 1845 3024 loqui
1865 2968 1996 3009 cum

348 3037 433 3092 eis
465 3040 528 3094 ut
562 3051 769 3108 aquam
817 3037 930 3095 sibi
975 3038 1373 3110 ostenderent,
1406 3054 1538 3096 cum
1570 3039 1767 3098 nullus
1794 3055 1996 3098 eorum

348 3125 873 3198 appareret,jussit
901 3140 1117 3199 paucas
1133 3127 1345 3198 jactari
1370 3128 1639 3200 sagittas,
1670 3133 1733 3186 ut
1754 3130 1844 3187 vel
1865 3145 1999 3203 pro-

344 3218 477 3285 pter
506 3214 781 3272 timorem
811 3215 1162 3286 sagittarum
1194 3216 1465 3284 exirent;
1498 3216 1602 3274 sed
1634 3217 1719 3273 illi
1753 3217 1885 3290 plus
1932 3233 1997 3276 se

344 3303 800 3362 absconderunt.
828 3306 982 3362 Tunc
1005 3303 1162 3362 misit
1183 3304 1239 3360 in
1264 3305 1453 3377 ipsum
1478 3307 1688 3362 ﬂumen
1711 3306 1999 3365 ducentos

343 3406 413 3448 ex
440 3392 855 3450 Macedonibus
883 3409 1012 3451 cum
1048 3393 1276 3451 levibus
1303 3394 1501 3451 armis.
1537 3395 1643 3462 Qui
1692 3410 1823 3453 cum
1881 3397 1997 3469 jam

344 3485 617 3551 quartam
643 3485 868 3554 partem
893 3482 1148 3539 ﬂuminis
1168 3487 1600 3554 pernatassent,
1616 3498 1754 3541 ecce
1772 3484 1843 3541 de
1868 3500 2003 3557 pro-

345 3568 521 3627 fundo
551 3574 927 3627 emerserunt
954 3571 1251 3643 yppotami
1282 3570 1350 3605 ¹¹⁴
1380 3572 1659 3629 fortiores
1691 3588 1861 3644 quam
1884 3573 2001 3630 ele-

344 3657 567 3729 phanti,
588 3662 648 3714 et
678 3657 1017 3715 videntibus
1045 3659 1265 3716 ceteris
1287 3663 1344 3715 et
1365 3659 1800 3732 plangentibus,
1826 3661 2000 3719 devo-

345 3750 622 3803 raverunt
654 3761 774 3803 eos.
801 3746 1108 3819 Yppotami
1137 3750 1331 3803 autem
1367 3747 1540 3804 medii
1576 3752 1710 3805 sunt
1736 3749 2001 3807 homines

341 3840 401 3891 et
432 3833 605 3891 medii
638 3834 870 3891 caballi.
902 3836 1095 3891 Iratus
1117 3840 1312 3891 autem
1340 3835 1670 3892 Alexander
1694 3836 1747 3892 in
1772 3852 1876 3895 eos
1900 3838 1996 3910 qui

342 3923 667 3980 exercitum
699 3938 802 3997 per
834 3923 973 3981 talia
996 3923 1125 3981 loca
1147 3923 1216 3957 ²¹⁸
1241 3923 1745 3997 ducebant,jussit
1763 3932 1997 3986 centum

341 4027 412 4068 ex
441 4012 530 4069 eis
559 4012 710 4067 mitti
745 4028 801 4068 in
832 4012 1068 4083 ﬂumen,
1090 4018 1151 4070 et
1171 4019 1479 4086 coeperunt
1510 4015 1805 4087 yppotami
1836 4017 2000 4075 ebul-

345 4100 452 4157 lire
483 4101 632 4159 sicut
668 4101 948 4172 formicae,
970 4106 1031 4159 et
1054 4102 1486 4160 devoraverunt
1519 4118 1643 4161 eos.
1669 4104 1807 4162 inde
1832 4107 1991 4176 moti,

343 4190 412 4245 ad
452 4189 814 4246 undecimam
844 4189 959 4247 diei
994 4190 1191 4247 horam
1222 4190 1494 4249 viderunt
1520 4192 1577 4248 in
1602 4194 1730 4265 ipso
1756 4194 1995 4250 ﬂumine

343 4278 605 4335 homines
638 4278 693 4333 in
726 4278 1015 4336 naviculis
1049 4279 1321 4337 rotundis
1363 4280 1433 4337 de
1478 4296 1661 4339 canna
1710 4282 1901 4353 factis,
1933 4286 1991 4337 et

347 4367 854 4438 interrogaverunt
879 4383 1001 4439 eos,
1031 4368 1128 4426 ubi
1153 4383 1360 4439 aquam
1385 4369 1612 4427 dulcem
1639 4370 1990 4428 invenirent.

344 4455 449 4520 Qui
486 4455 889 4513 indicaverunt
922 4456 1009 4513 eis
1043 4456 1229 4514 lacum
1264 4456 1455 4515 dulcis
1479 4473 1644 4528 aqua;
1670 4458 1725 4515 in
1748 4463 1881 4516 ante
1907 4473 1994 4516 re-

342 4543 705 4614 periendum.
734 4544 899 4601 Ibant
922 4558 1063 4615 ergo
1085 4550 1209 4602 tota
1230 4552 1401 4603 nocte
1426 4546 1652 4616 fatigati
1686 4547 1757 4603 de
1786 4548 1905 4619 siti,
1931 4552 1989 4605 et

2031 3268 2079 3330 C

2109 1975 2216 2045 cri,
2244 1975 2530 2031 habentes
2547 1974 2724 2032 dorsa
2747 1976 2891 2032 dura
2915 1976 3068 2032 sicut
3086 1976 3408 2048 cocodrilli,
3435 1991 3562 2048 quae
3579 1976 3761 2047 jactis

2111 2061 2329 2120 lanceis
2359 2065 2656 2135 perforata
2692 2078 2805 2121 non
2835 2069 3005 2130 sunt;
3038 2064 3253 2122 multos
3302 2070 3492 2122 tamen
3535 2080 3606 2121 ex
3638 2066 3760 2122 illis

2110 2152 2454 2209 occiderunt
2473 2153 2527 2208 in
2545 2154 2699 2224 igne,
2719 2153 2927 2224 reliqui
2945 2154 3312 2211 intraverunt
3334 2154 3520 2211 lacum
3543 2155 3754 2227 ipsum.

2184 2242 2264 2310 (F.
2292 2243 2443 2313 231.)
2464 2242 2587 2297 Jam
2617 2246 2859 2297 venerat
2888 2242 3087 2313 quinta
3121 2241 3320 2312 vigilia
3349 2242 3559 2311 noctis,
3578 2245 3641 2298 et
3669 2257 3760 2299 re-

2112 2330 2418 2400 quiescere
2436 2328 2671 2387 volebat
2686 2330 3005 2401 exercitus,
3024 2335 3079 2387 et
3095 2346 3229 2387 ecce
3252 2335 3536 2388 venerunt
3560 2329 3759 2388 leones

2113 2417 2228 2473 albi
2259 2417 2508 2487 majores
2537 2417 2744 2489 tauris,
2780 2421 2838 2473 et
2869 2419 3281 2475 concutientes
3312 2419 3573 2476 cervices
3596 2434 3755 2489 suas,

2110 2522 2242 2563 cum
2293 2506 2756 2563 murmuratione
2805 2521 3009 2576 magna
3068 2508 3329 2564 fecerunt
3386 2508 3661 2580 impetum
3704 2509 3758 2564 in

2111 2608 2253 2661 eos;
2289 2595 2399 2667 ipsi
2433 2598 2628 2651 autem
2658 2599 3020 2666 exceperunt
3049 2610 3148 2652 eos
3194 2596 3498 2652 venabulis
3526 2597 3670 2667 suis,
3700 2600 3759 2652 et

2112 2683 2324 2740 mortui
2354 2689 2509 2740 sunt.
2536 2685 2672 2740 Post
2697 2683 2819 2740 haec
2840 2689 3127 2740 venerunt
3150 2684 3307 2756 porci
3343 2684 3503 2741 mirae
3543 2685 3761 2756 magni-

2109 2772 2350 2841 tudinis,
2374 2772 2657 2828 habentes
2676 2772 2941 2829 diversos
2963 2771 3214 2843 colores,
3237 2776 3293 2830 et
3319 2788 3447 2830 cum
3472 2772 3590 2829 illis
3606 2773 3763 2830 simi-

2113 2860 2251 2917 liter
2279 2865 2707 2932 pugnaverunt.
2741 2862 2967 2917 Interea
2999 2861 3272 2933 apparuit
3319 2862 3505 2918 bestia
3539 2876 3647 2918 una
3681 2862 3760 2919 si-

2113 2948 2268 3005 milis
2299 2947 2548 3019 caballo,
2582 2948 2767 3019 major
2792 2948 3126 3020 elepbanto,
3150 2950 3261 3005 tria
3290 2949 3509 3007 habens
3535 2964 3758 3007 cornua

2113 3041 2354 3108 armata,
2399 3037 2725 3109 vidensque
2782 3042 2996 3108 castra,
3042 3043 3351 3109 antequam
3412 3038 3636 3095 biberet
3686 3040 3758 3095 de

2113 3124 2263 3187 lacu.
2290 3124 2452 3181 dedit
2473 3126 2750 3197 impetum
2786 3126 2841 3182 in
2864 3141 2926 3182 ca
2938 3131 3076 3197 stra,
3102 3127 3637 3199 resistentibusque
3660 3128 3759 3183 mi-

2115 3213 2565 3285 litibus,occidit
2582 3230 2652 3271 ex
2667 3215 2815 3287 ipsis
2828 3215 3033 3285 viginti
3050 3220 3321 3287 quatuor,
3338 3216 3757 3288 quinquaginta

2112 3303 2523 3369 conculcavit;
2557 3310 2749 3359 tamen
2780 3304 3125 3361 occiderunt
3171 3319 3318 3362 eam.
3350 3305 3564 3361 Deinde
3592 3319 3759 3361 vene-

2113 3396 2247 3448 runt
2279 3397 2335 3449 et
2369 3393 2844 3464 vespertiliones,
2864 3393 3018 3449 sicut
3050 3398 3109 3449 et
3132 3408 3308 3466 supra
3331 3394 3616 3466 scriptum
3637 3398 3749 3464 est,

2111 3481 2276 3552 quasi
2309 3481 2613 3551 columbae,
2650 3482 2935 3537 habentes
2966 3481 3171 3538 dentes
3202 3483 3354 3540 sicut
3380 3482 3661 3553 homines,
3694 3488 3751 3539 et

2112 3570 2399 3626 feriebant
2432 3569 2649 3626 milites
2682 3570 2736 3626 in
2774 3570 2951 3626 facies
2970 3585 3124 3642 suas,
3146 3575 3204 3628 et
3225 3570 3527 3642 plagaseis
3549 3571 3756 3627 infere-

2110 3657 2267 3714 bant.
2305 3659 2602 3716 Venerunt
2628 3663 2687 3714 et
2719 3659 2944 3715 surices
2967 3659 3118 3716 sicut
3143 3659 3367 3732 vulpes.
3390 3665 3449 3717 et
3472 3675 3761 3731 quaecum-

2111 3762 2222 3817 que
2253 3746 2524 3803 animalia
2559 3747 2924 3818 mordebant,
2962 3748 3159 3804 statim
3206 3749 3622 3819 moriebantur,
3654 3749 3753 3805 ho-

2110 3836 2295 3892 mines
2323 3841 2515 3892 autem
2547 3850 2619 3891 ex
2652 3836 2944 3893 morsibus
2975 3851 3175 3893 eorum
3209 3851 3322 3893 non
3352 3837 3563 3894 mortui
3597 3841 3748 3893 sunt.

2114 3924 2632 3997 Appropinquante
2675 3930 2869 3981 autem
2899 3924 3030 3981 luce
3060 3929 3343 3982 venerunt
3371 3939 3506 3982 aves
3535 3925 3750 3982 similes

2108 4012 2466 4084 vulturibus,
2496 4013 2782 4070 habentes
2828 4014 3083 4070 colorem
3134 4010 3538 4083 rubicundum,
3572 4014 3748 4086 pedes

2108 4116 2248 4157 vero
2278 4106 2339 4157 et
2369 4106 2560 4157 rostra
2594 4102 2777 4172 nigra,
2810 4106 2867 4158 et
2899 4098 3293 4174 impleverunt
3338 4107 3521 4160 totam
3567 4102 3745 4174 ripam

2107 4188 2241 4259 laci,
2266 4194 2324 4245 et
2353 4191 2736 4247 extrahentes
2768 4191 2961 4262 pisces
2981 4192 3052 4247 de
3076 4191 3205 4248 lacu
3229 4192 3628 4259 comederunt,
3652 4192 3747 4246 ho-

2108 4280 2291 4335 mines
2322 4294 2461 4336 vero
2485 4294 2599 4336 non
2623 4286 2968 4337 nocuerunt.
2996 4282 3186 4337 Iratus
3209 4284 3401 4337 autem
3426 4279 3746 4337 Alexander

2104 4373 2310 4424 contra
2340 4369 2526 4425 duces
2556 4370 2683 4441 vim,
2713 4369 2848 4425 fecit
2880 4369 2968 4425 eis
2999 4369 3221 4425 abscidi
3247 4382 3450 4425 manus
3467 4374 3525 4424 et
3550 4368 3741 4441 pedes,

2108 4462 2169 4513 ut
2201 4457 2316 4513 vivi
2349 4473 2379 4514 a
2426 4458 2805 4530 serpentibus
2852 4459 3320 4528 comederentur,
3363 4457 3742 4527 hortatusque

2103 4550 2192 4602 cst
2227 4547 2461 4616 milites,
2496 4553 2560 4604 ut
2592 4548 2775 4604 fortes
2805 4551 3004 4604 essent
3045 4561 3150 4603 nec
3198 4547 3253 4602 in
3303 4546 3566 4602 adversis
3596 4546 3742 4603 sicut

340 4638 467 4688 erat
488 4632 576 4689 eis
599 4633 892 4704 angustia,
911 4634 1046 4705 quia
1071 4635 1449 4690 omnesibant
1466 4636 1692 4691 armati.
1713 4636 1991 4694 Occurre—
2020 4624 2074 4687 D
2104 4634 2333 4693 feminas
2379 4636 2723 4693 deficerent.

342 4720 481 4777 bant
512 4726 707 4778 autem
738 4721 825 4777 eis
855 4720 1075 4791 leones,
1111 4723 1254 4792 ursi,
1289 4722 1572 4793 tygrides,
1597 4728 1655 4779 et
1681 4739 1783 4797 per
1805 4729 1989 4782 totam

340 4814 569 4865 noctem
604 4810 939 4881 pugnabant
965 4825 1096 4866 cum
1126 4810 1229 4867 eis.
1258 4809 1384 4867 Alia
1415 4827 1554 4867 vero
1585 4811 1698 4882 die,
1724 4814 1987 4886 cumjam

342 4894 476 4953 lassi
500 4902 724 4967 essent,
741 4897 880 4954 hora
906 4897 1069 4969 quasi
1084 4901 1293 4955 octava
1310 4905 1701 4970 pervenerunt
1714 4902 1785 4959 ad
1802 4902 1988 4975 ipsum

342 4984 552 5041 lacum.
580 4985 913 5042 Posuerunt
939 4984 1229 5056 itaqueibi
1252 4992 1447 5043 castra
1469 4988 1524 5043 in
1548 4988 1915 5060 longitudine
1930 4993 1988 5045 et

340 5072 654 5130 latitudine
672 5072 743 5129 ad
760 5073 871 5131 tria
889 5073 1137 5130 miliaria
1155 5091 1169 5141 ;
1187 5074 1349 5133 lacus
1366 5090 1507 5134 vero
1527 5084 1655 5134 erat
1680 5079 1990 5150 spaciosus

342 5161 412 5218 ad
446 5161 763 5220 miliarium
798 5178 993 5221 unum.
1014 5165 1168 5221 Tunc
1199 5164 1541 5223 locaverunt
1563 5165 1910 5239 elephantos
1933 5167 1989 5224 in

343 5251 530 5308 media
556 5254 725 5324 parte
745 5256 1095 5325 castrorum,
1111 5258 1172 5309 ut
1193 5255 1495 5312 continere
1518 5269 1582 5312 se
1606 5261 1810 5327 posset
1832 5271 1992 5313 exer-

345 5339 521 5410 citus,
549 5339 597 5396 si
633 5341 772 5412 quid
804 5341 891 5399 eis
922 5350 1097 5400 nocte
1128 5342 1559 5414 superveniret,
1583 5348 1643 5401 et
1666 5344 1991 5403 incidentes

345 5426 551 5484 silvam
582 5442 711 5500 qua;
738 5434 865 5486 erat
889 5430 1048 5487 circa
1080 5429 1291 5502 lacum,
1328 5431 1615 5489 faciebant
1649 5434 1808 5491 foros
1832 5432 1991 5490 mille

2175 4724 2257 4793 (F.
2291 4725 2439 4797 232.)
2471 4722 2636 4781 Motis
2675 4724 2808 4780 inde
2857 4724 3090 4793 castris,
3126 4722 3452 4780 Alexander
3497 4720 3737 4777 tetendit

2106 4828 2287 4885 usque
2321 4813 2391 4869 ad
2444 4828 2620 4883 mare,
2657 4814 2907 4885 probare
2937 4813 3161 4883 volens,
3196 4812 3245 4867 si
3296 4815 3499 4884 posset
3545 4811 3735 4866 orbem

2101 4902 2351 4959 circuire
2400 4917 2502 4974 per
2550 4916 2853 4972 oceanum,
2894 4906 2952 4958 et
3007 4900 3277 4972 quoniam
3322 4900 3583 4956 homines
3631 4898 3736 4955 loci

2101 4991 2261 5048 illius
2279 4991 2879 5049 dicebanttenebrosa
2904 4990 2982 5047 ibi
3016 4990 3161 5060 loca,
3187 4994 3243 5045 et
3278 4990 3428 5061 quod
3464 4987 3734 5044 Hercules

2101 5083 2158 5135 et
2190 5080 2360 5136 Liber
2390 5095 2502 5136 non
2534 5079 2655 5136 ausi
2686 5084 2881 5136 essent
2911 5078 2982 5135 ad
3016 5078 3149 5135 illas
3194 5084 3392 5150 partes
3439 5075 3731 5143 accedere,

2100 5168 2391 5225 ordinavit
2422 5168 2718 5224 sinistram
2748 5174 2973 5240 partem
3002 5167 3181 5233 Indiae
3235 5165 3505 5234 circuire,
3539 5167 3599 5220 ut
3632 5177 3734 5220 non

2100 5261 2255 5314 esset
2287 5256 2451 5314 locus
2476 5256 2586 5313 sibi
2614 5257 2967 5327 incognitus.
2996 5259 3341 5312 Invenerunt
3366 5257 3558 5311 autem
3586 5250 3735 5324 palu-

2098 5345 2228 5401 dem
2259 5346 2496 5416 siccam,
2524 5360 2652 5417 quaa
2683 5345 2936 5403 habebat
2957 5359 3172 5403 cannas
3188 5343 3421 5412 multas,
3448 5357 3551 5414 per
3574 5355 3733 5413 quam

2100 5450 2230 5491 cum
2262 5434 2592 5493 voluissent
2622 5436 2895 5505 transire,
2927 5434 3113 5492 exivit
3136 5432 3271 5491 inde
3304 5431 3494 5489 bestia
3532 5430 3734 5487 similis

1705 5555 1945 5613 VARIIE
1985 5556 2183 5614 LECTI
2189 5558 2281 5614 ON
2286 5559 2387 5614 ES.

1705 5558 1945 5613 VARUS

410 5645 481 5681 ιιι
512 5645 819 5719 yppotami,
836 5651 888 5711 1.
921 5650 1142 5777 salii“:
1167 5650 1328 5725 quod
1349 5665 1434 5712 an
1457 5655 1823 5726 γρθτροιεηιῖ
1853 5655 1963 5729 ιθθε

410 5718 517 5777 ωας.
542 5736 566 5777 ,ο
593 5717 773 5776 deost.
810 5724 860 5776 1.
892 5720 986 5777 rel

2177 5558 2523 5717 λῗίῗῗίῗῦἰιο.
2558 5654 2627 5690 ¹¹⁸
2664 5655 2795 5713 loco
2828 5661 2876 5712 l.
2925 5652 2995 5689 “'
3043 5654 3136 5713 ita
3180 5652 3304 5713 cod.
3338 5651 3527 5712 Bamb
3582 5651 3730 5711 Hist.

341 5717 567 5791 um;
592 5717 773 5776 deost.
810 5724 860 5776 1.
892 5720 986 5778 rel
