3932 6416
159 427 287 492 59⁸7

1049 424 1490 492 CHRONICA.
1523 462 1604 474 --
1633 422 2111 492 CHRONICON
2153 426 2704 494 UNIVERSALE.

3459 427 3582 494 598

159 571 515 640 yppotamo,
551 565 771 626 habens
809 572 1015 641 pectus
1055 568 1206 627 sicut
1248 570 1621 642 cocodrillus,
1664 575 1723 629 et
1764 569 1819 629 in
1849 560 1905 626 A
1944 566 2197 640 Videbis,
2237 582 2369 636 rex,
2413 565 2565 628 duas
2599 564 2859 639 arbores,
2900 581 3088 626 imam
3116 565 3281 640 solis,
3323 564 3583 627 alterum

164 657 359 715 dorso
383 657 655 728 gestabat
686 659 851 730 quasi
886 673 1125 729 serram,
1158 660 1366 717 dentes
1386 661 1606 718 habens
1631 661 1824 718 fortis-

167 748 386 818 simos,
439 748 749 819 subitoque
796 750 1013 805 occidit
1049 751 1118 806 de
1165 750 1449 808 militibus
1498 752 1663 823 duos,
1716 768 1823 811 nec

168 836 374 910 potuit
406 838 756 893 trausforari
790 838 1039 907 lanceis;
1071 855 1201 896 cum
1235 839 1460 897 malleis
1489 845 1681 898 tamen
1717 843 1824 898 fer-

168 925 293 982 reis
342 926 690 983 occiderunt
720 941 864 983 eam.

242 1014 471 1071 Deinde
501 1016 802 1071 venientes
824 1016 892 1071 ad
920 1016 1155 1073 ultimas
1185 1017 1360 1074 Indiae
1392 1017 1587 1087 silvas,
1624 1034 1825 1090 posue-

169 1106 315 1159 runt
348 1106 549 1159 castra
581 1103 638 1159 in
667 1102 1026 1174 longitudine
1059 1105 1438 1162 miliariorum
1471 1122 1591 1172 sex,
1618 1106 1673 1162 in
1698 1107 1826 1164 lati-

171 1191 386 1248 tudine
416 1206 559 1248 vero
592 1192 838 1249 duorum
876 1198 932 1249 et
966 1193 1210 1261 dimidii,
1248 1210 1427 1266 prOpe
1460 1196 1694 1252 ﬂuvium
1728 1197 1824 1267 qui

173 1278 406 1335 dicitur
443 1280 706 1335 Bucmar.
749 1282 888 1337 Erat
924 1286 1117 1337 autem
1157 1283 1299 1338 hora
1343 1282 1457 1338 diei
1499 1284 1821 1340 undecima.

170 1367 244 1423 Et
276 1383 414 1423 eum
444 1368 559 1438 jam
592 1383 825 1425 coenare
855 1370 1093 1439 vellent,
1127 1386 1262 1427 ecce
1287 1372 1483 1427 subito
1515 1373 1828 1429 veniebant

173 1460 456 1527 pastores
485 1462 544 1512 et
577 1456 674 1528 qui
708 1457 859 1527 ligna
912 1460 1242 1529 trahebant,
1279 1460 1624 1517 nuuciautes
1671 1461 1825 1531 quod

174 1545 504 1602 multitudo
549 1544 990 1616 elephantorum
1031 1548 1102 1604 de
1135 1549 1279 1605 silva
1329 1549 1599 1605 venirent
1649 1564 1826 1620 super

173 1648 295 1689 eos.
333 1633 668 1690 Alexander
698 1649 837 1690 vero
872 1637 1131 1707 precepit
1163 1636 1460 1706 equitibus
1489 1637 1559 1693 de
1589 1638 1827 1694 Thessa-

174 1720 369 1787 lia,.ut
395 1721 674 1777 tollerent
706 1737 902 1779 secum
936 1739 1142 1794 porcos
1164 1730 1222 1778 et
1245 1731 1625 1780 occurrerent
1652 1726 1736 1781 eis
1770 1725 1824 1781 in

171 1810 365 1880 equis,
412 1810 606 1866 sciens
644 1812 797 1879 quod
837 1812 1174 1881 grunnitum
1208 1828 1516 1884 porcorum
1549 1814 1827 1870 timerent

1936 659 2107 728 luna,
2134 660 2193 715 et
2209 658 2387 716 arbor
2411 659 2555 717 solis
2585 658 2854 732 loquitur
2882 658 3099 716 Indica
3133 658 3367 728 lingua,
3400 657 3581 716 arbor

1929 762 2065 805 vero
2096 747 2253 806 luna
2273 749 2539 821 loquitur
2563 749 2743 809 Greco
2764 761 3049 818 sermone,
3073 746 3135 803 et
3150 745 3223 804 ab
3244 748 3398 818 ipsis
3415 747 3582 818 pote-

1928 839 2020 896 ris
2038 839 2195 895 seire
2213 852 2345 909 qua
2362 837 2471 894 tibi
2490 837 2742 894 debeant
2758 838 3009 894 evenire.
3040 838 3297 907 Cumque
3314 851 3436 893 rem
3458 839 3576 893 tam

1932 925 2333 982 incredibilem
2358 925 2609 995 audiret,
2630 925 2898 994 cogitans
2917 924 3070 995 quod
3094 924 3410 996 perjocum
3434 924 3576 981 talia

1934 1013 2198 1070 dicerent
2220 1014 2352 1070 fecit
2373 1028 2472 1069 eos
2492 1014 2639 1069 male
2658 1013 2923 1082 tractari,
2940 1013 3143 1068 dicens
3159 1032 3172 1067 :
3187 1013 3586 1085 Sicporcenit

1927 1103 2132 1174 gloria
2150 1116 2283 1159 mea
2299 1101 2371 1159 ab
2392 1104 2512 1161 oeci
2519 1102 2688 1158 dente
2707 1104 2774 1160 in
2794 1103 3097 1171 orientem,
3117 1101 3188 1157 ut
3200 1102 3308 1159 isti
3321 1114 3490 1159 senes
3510 1102 3583 1159 de

1931 1206 2022 1248 me
2050 1191 2242 1248 risum
2258 1192 2548 1263 faciant?
2579 1192 2666 1247 illi
2701 1196 2894 1248 autem
2928 1190 3578 1261 aﬂlrmabantjurando,

1936 1280 2089 1351 quod
2107 1279 2320 1335 nullam
2343 1280 2625 1336 fallaciam
2646 1280 2929 1349 dicerent,
2948 1279 3049 1336 sed
3064 1293 3263 1335 verum
3277 1292 3410 1336 esse
3424 1278 3578 1350 quod

1936 1370 2210 1426 dicebant
2246 1369 2644 1426 ostenderent.
2689 1371 2992 1439 Rogabaut
3021 1369 3201 1439 igitur
3238 1383 3369 1426 eum
3409 1368 3579 1424 amici

1934 1458 2058 1527 ejus
2076 1463 2135 1514 et
2152 1459 2416 1529 comites,
2440 1463 2500 1513 ut
2522 1458 2680 1515 nullo
2702 1458 2870 1515 modo
2888 1458 3357 1530 pretermitteret
3379 1455 3581 1514 videre

1936 1546 2109 1601 talem
2130 1561 2382 1602 causam.
2408 1547 2558 1603 Tulit
2578 1562 2718 1616 ergo
2739 1551 2913 1603 30000
2930 1546 3192 1617 equitum
3212 1560 3428 1616 secum,
3449 1545 3581 1600 mit-

1937 1641 2182 1706 tensque
2215 1640 2475 1691 ceterum
2505 1635 2827 1692 exercitum
2853 1634 2909 1691 iu
2933 1636 3205 1692 Fasiacen
3237 1650 3370 1691 cum
3401 1634 3581 1691 omni-

1938 1726 2046 1780 bus
2066 1723 2287 1779 divitiis
2306 1738 2451 1794 quas
2474 1723 2815 1794 collegerat,
2844 1723 2966 1795 ipse
2984 1739 3113 1781 eum
3137 1723 3360 1780 delecta
3380 1721 3583 1793 juven-

1938 1816 2064 1869 tute
2090 1816 2331 1868 secutus
2344 1817 2431 1867 est
2450 1826 2620 1868 senes
2634 1812 2767 1868 illos
2790 1826 2891 1883 per
2907 1811 3030 1868 loca
3049 1809 3192 1867 dura
3208 1818 3266 1868 et
3285 1810 3576 1868 districta.

174 1896 499 1967 elephanti,
525 1898 723 1969 sicque
746 1900 925 1968 fugati
948 1904 1100 1955 sunt.
1128 1900 1340 1957 Milites
1355 1906 1548 1957 autem
1571 1902 1825 1957 sonanti-
1854 1917 1907 1975 Β
1938 1901 2248 1956 Venientes
2273 1905 2464 1955 autem
2490 1901 2587 1956 ubi
2613 1902 2855 1956 arbores
2877 1905 3066 1969 erant,
3088 1901 3363 1957 viderunt
3388 1898 3579 1956 locum

176 1983 287 2039 bus
302 1984 573 2040 buccinis
590 1987 883 2057 persecuti
900 1992 1033 2043 sunt
1048 2003 1168 2055 eos,
1186 1993 1241 2043 et
1258 1990 1686 2046 subnervautes
1700 2005 1821 2058 eos,

174 2072 608 2130 occideruutex
622 2075 704 2130 eis
724 2080 1043 2145 nongentos
1063 2078 1383 2148 octoginta,
1404 2084 1461 2133 et
1481 2078 1825 2135 tuleruutex

175 2160 261 2215 eis
282 2160 496 2217 dentes
510 2169 567 2216 et
581 2178 823 2232 cornua,
841 2168 899 2218 et
920 2165 1219 2221 redierunt
1241 2166 1293 2220 in
1315 2172 1532 2235 castra,
1556 2166 1827 2237 illamque

174 2250 729 2319 uoctemhabentes
761 2252 1036 2322 quietam,
1068 2252 1178 2307 alia
1213 2254 1305 2308 die
1335 2259 1639 2325 coeperunt
1663 2256 1748 2312 ire
1772 2256 1825 2310 in

174 2335 321 2391 alias
357 2341 562 2407 partes
602 2338 795 2395 Indiae.
843 2341 1210 2396 Iuvcuieutes
1242 2346 1433 2397 autem
1466 2358 1701 2413 campos
1735 2358 1829 2414 pa-

174 2427 393 2493 tentes,
443 2425 715 2481 videruut
759 2426 837 2481 ibi
883 2427 1144 2483 homines
1183 2429 1467 2484 masculos
1496 2434 1555 2485 et
1586 2430 1827 2485 feminas

177 2513 384 2582 nudos,
413 2528 665 2583 quorum
692 2514 993 2585 longitudo
1014 2519 1139 2571 erat
1164 2531 1366 2571 novem
1397 2518 1624 2588 pedum,
1650 2524 1709 2574 et
1732 2520 1829 2574 ha-

179 2599 396 2655 bebant
432 2603 921 2658 consuetudinem
953 2608 1007 2659 et
1046 2604 1099 2659 in
1134 2610 1286 2659 terra
1318 2611 1373 2661 et
1409 2606 1461 2660 in
1497 2607 1829 2664 ﬂuminibus

181 2689 419 2745 morari.
452 2691 588 2746 Nam
614 2690 748 2747 dum
774 2692 1005 2762 quidam
1027 2693 1097 2748 de
1119 2694 1380 2749 exercitu
1406 2694 1623 2750 vellent
1649 2695 1732 2751 ire
1756 2698 1825 2752 ad

178 2790 295 2846 eos,
332 2778 533 2834 subito
564 2778 972 2836 immerseruut
1001 2796 1059 2836 se
1094 2781 1146 2835 in
1179 2782 1431 2838 ﬂumine.

248 2864 469 2920 Deinde
508 2872 795 2922 venerunt
838 2869 893 2923 in
932 2868 1134 2924 silvam
1179 2870 1248 2923 de
1288 2870 1683 2941 ciuocephalis
1711 2871 1828 2943 plc-

178 2965 327 3021 nam,
361 2954 473 3009 hoc
505 2958 597 3010 est
630 2954 959 3011 hominibus
988 2957 1192 3013 canina
1226 2957 1419 3027 capita
1451 2958 1821 3016 habentibus.

180 3038 282 3105 Qui
308 3055 438 3097 cum
464 3056 568 3097 eos
598 3049 907 3113 percutere
938 3044 1178 3114 vellent,
1206 3062 1335 3101 cum
1360 3047 1593 3116 sagittis
1620 3062 1720 3103 eos
1746 3049 1828 3105 fu-

178 3133 486 3195 gaverunt.
539 3131 678 3186 Post
728 3132 850 3188 haec
899 3131 1229 3189 dicentibus
1278 3134 1393 3190 illis
1436 3134 1698 3205 quicum
1742 3137 1827 3191 eis

181 3220 343 3271 erant
378 3217 451 3272 de
487 3222 646 3274 terra
677 3218 793 3289 illa,
817 3220 979 3323 ‘quod
1012 3221 1188 3276 nichil
1218 3222 1332 3291 jam
1366 3223 1497 3278 novi
1533 3226 1822 3294 rcperturi
1856 3262 1903 3323 Ο

181 3310 394 3371 essent,
421 3312 705 3377 ceperunt
731 3309 923 3363 redire
942 3310 995 3363 iu
1020 3310 1313 3379 Fasiacen,
1342 3312 1491 3367 unde
1516 3317 1821 3383 venerunt,

180 3394 562 3465 precepitque
584 3396 928 3466 Alexander,
948 3399 1408 3454 utteuderentur
1424 3404 1619 3456 castra
1638 3416 1741 3471 per
1760 3406 1826 3457 12

184 3479 448 3539 miliaria.
485 3485 741 3554 Cumque
771 3486 961 3541 omnia
988 3486 1371 3556 tentoriajam
1396 3493 1592 3544 erecta
1625 3495 1826 3546 essent

182 3569 235 3619 et
266 3570 431 3625 multi
459 3569 572 3625 foci
597 3572 851 3635 accensi.
875 3573 1070 3629 subito
1103 3578 1261 3629 tanta
1289 3574 1375 3630 vis
1400 3566 1524 3629 euri
1550 3576 1687 3631 ﬂare
1711 3592 1825 3633 coe-

184 3654 286 3725 pit,
320 3662 384 3713 ut
413 3658 604 3714 omnia
643 3660 899 3716 tentoria
941 3661 1240 3732 dejiceret,
1286 3663 1550 3719 animalia
1592 3679 1823 3734 quoque

183 3743 425 3800 multum
464 3752 842 3817 vexarentur,
885 3750 1020 3819 quia
1060 3750 1331 3806 scintillas
1363 3751 1433 3806 de
1468 3751 1609 3807 focis
1652 3754 1820 3808 dorsa

183 3844 379 3888 eorum
406 3834 697 3901 feriebant
717 3837 917 3907 eisque
942 3837 1107 3894 valde
1131 3841 1437 3894 nocebant.
1467 3838 1823 3909 Colligentes

184 3930 317 3988 ergo
350 3924 625 3992 tentoria,
661 3924 1006 3981 invenerunt
1040 3926 1248 3983 vallem
1280 3928 1588 3998 quandam,
1624 3929 1822 3999 ibique

184 4013 372 4065 castra
407 4009 682 4068 locabant
707 4031 718 4067 :
747 4014 846 4069 sed
881 4015 1217 4070 ceciderant
1239 4017 1402 4071 nives
1426 4030 1646 4086 magnae
1669 4017 1823 4072 sicut

185 4090 327 4151 lana.
364 4098 695 4154 Alexander
724 4115 863 4156 vero
885 4100 1095 4157 timens
1119 4115 1189 4157 ne
1212 4101 1454 4157 multum
1482 4107 1818 4158 crescerent

185 4181 344 4240 nives
367 4185 418 4242 in
443 4187 674 4257 castris,
699 4190 981 4260 praecepit
1011 4189 1296 4246 militibus
1319 4195 1382 4245 ut
1403 4190 1822 4245 couculeareut

184 4282 298 4341 eas,
320 4278 378 4328 et
399 4280 590 4332 tamen
616 4277 778 4332 multi
803 4292 873 4333 ex
897 4278 956 4346 (f.
983 4280 1109 4350 233)
1136 4279 1366 4335 nivibus
1389 4278 1636 4334 extincti
1661 4283 1817 4349 sunt,

185 4360 478 4431 quingenti
507 4363 737 4421 scilicet
758 4366 995 4435 milites,
1024 4367 1119 4436 qui
1138 4372 1193 4444 9t
1216 4366 1290 4421 ibi
1317 4366 1529 4437 sepulti
1557 4373 1711 4424 sunt.

252 4448 550 4509 Venerunt
574 4458 705 4525 post
732 4447 853 4511 haec
876 4456 945 4511 ad
971 4455 1308 4527 speluncam
1336 4455 1431 4512 ubi
1460 4457 1627 4512 Liber
1659 4462 1823 4528 pater

181 4533 429 4610 jaeebat,
474 4542 811 4614 dictumque
850 4548 961 4613 est,
1008 4544 1055 4599 si
1091 4543 1302 4614 aliquis
1336 4545 1389 4600 in
1420 4546 1661 4602 eandem
1695 4562 1824 4618 spe-

186 4621 406 4683 luncam
431 4629 701 4702 intraret,
725 4613 878 4704 quod
908 4634 1085 4688 tereia
1108 4613 1200 4689 die
1222 4635 1381 4689 febre
1409 4636 1643 4706 periret.
1668 4613 1821 4692 Tune
1853 4613 1903 4670 Ῐ)

188 4717 456 4782 quosdam
490 4718 843 4791 dijudicatos
867 4721 946 4776 ibi
970 4722 1276 4793 miserunt,
1307 4728 1365 4778 et
1390 4728 1453 4779 ut
1477 4724 1695 4780 dictum
1730 4730 1819 4779 cst

186 4813 306 4858 esse
355 4805 719 4865 invenerunt.

255 4891 639 4966 Cumquejam
663 4898 1170 4968 apprehenderent
1191 4899 1339 4954 viam
1359 4899 1531 4955 eundi
1554 4900 1608 4954 in
1631 4900 1824 4957 Fasia-

186 4989 306 5047 cen,
349 4992 737 5042 occurrerunt
764 4986 848 5042 eis
881 4986 995 5042 duo
1026 5001 1214 5057 senes,
1258 5002 1405 5057 quos
1437 4988 1817 5058 interrogavit

186 5064 525 5142 Alexander,
559 5073 608 5129 si
642 5075 781 5145 quid
818 5076 949 5131 novi
992 5076 1212 5132 scirent
1245 5076 1357 5133 sibi
1392 5079 1813 5134 demonstrare.

186 5151 286 5217 Qui
315 5156 608 5232 dixerunt,
643 5163 964 5219 mirabilem
995 5180 1229 5221 causam
1256 5180 1317 5221 se
1342 5167 1514 5234 scire,
1540 5166 1641 5222 sed
1666 5168 1817 5223 viam

186 5239 404 5313 longam
427 5263 576 5320 esse,
598 5251 824 5308 scilicet
847 5252 1046 5309 decem
1069 5253 1314 5323 dierum,
1340 5255 1452 5309 iter
1473 5269 1705 5326 quoque
1722 5271 1817 5311 au-

181 5336 407 5395 gustum
431 5341 493 5392 et
521 5352 699 5409 aquas
728 5339 941 5397 multas
968 5345 1025 5397 et
1056 5341 1181 5398 loca
1215 5343 1590 5414 serpentibus
1623 5343 1811 5415 plena.

183 5415 428 5508 Quinque
480 5426 691 5483 blando
741 5443 1004 5485 sermone
1046 5429 1457 5487 sciscitaretur
1486 5431 1624 5502 quid
1656 5438 1814 5490 esset

183 5499 320 5562 illud
352 5513 467 5569 tam
500 5528 788 5589 maguum,
826 5532 975 5575 unus
1004 5532 1075 5573 ex
1107 5518 1192 5574 eis
1221 5534 1350 5575 cum
1382 5499 1594 5588 gaudio
1624 5519 1771 5576 dixit
1799 5541 1810 5576 :

1940 1989 2160 2057 largum
2192 1994 2250 2042 et
2285 1990 2457 2043 thure
2483 1993 2541 2043 et
2573 1987 2952 2059 opobalsama
2992 1988 3254 2060 plenum;
3299 1992 3392 2043 est
3427 1987 3580 2043 enim

1940 2076 2016 2131 ibi
2048 2076 2194 2132 silva
2226 2077 2321 2132 ubi
2366 2077 2488 2133 haec
2530 2081 2868 2148 nascuntur,
2898 2081 2954 2133 et
2987 2076 3250 2133 homines
3278 2076 3389 2133 loci
3423 2074 3581 2133 illius

1937 2164 2026 2219 bis
2061 2164 2419 2221 nutriuntur.
2463 2167 2755 2221 intrantes
2798 2164 2995 2235 itaque
3033 2165 3223 2221 locum
3262 2167 3578 2232 sacratum,

1938 2252 2281 2308 invenerunt
2329 2253 2696 2309 sacerdotem
2739 2252 2851 2309 loci
2893 2253 3101 2324 ipsius,
3141 2252 3309 2321 cujus
3351 2256 3578 2309 statura

1936 2346 2064 2396 erat
2084 2340 2218 2410 plus
2236 2341 2435 2396 decem
2460 2341 2724 2411 pedibus,
2743 2344 2799 2396 et
2821 2340 3070 2397 habebat
3093 2354 3309 2412 corpus
3329 2340 3577 2410 nigrum,

1935 2428 2143 2484 dentes
2164 2429 2422 2495 cauiuos,
2448 2435 2506 2483 et
2523 2444 2594 2484 ex
2618 2430 2859 2485 auribus
2880 2429 3006 2499 ejus
3031 2428 3345 2500 perforatis
3370 2427 3582 2498 pende-

1938 2517 2077 2572 bant
2108 2532 2367 2587 gemmae.
2402 2519 2580 2583 Quem
2609 2533 2738 2574 cum
2763 2517 3080 2574 salutasset
3116 2516 3463 2579 Alexander,
3499 2516 3581 2572 iu—

1938 2606 2255 2674 terrogavit
2281 2620 2432 2675 cum,
2453 2621 2555 2677 pro
2570 2621 2680 2676 qua
2696 2620 2873 2661 causa
2900 2606 3144 2661 veniret.
3172 2604 3277 2661 Ille
3298 2619 3437 2660 vero
3461 2604 3577 2661 ait:

1948 2693 2107 2762 Veni,
2142 2693 2214 2749 ut
2238 2694 2471 2751 videam
2498 2707 2699 2751 sacras
2729 2693 2973 2752 arbores
3000 2695 3148 2751 solis
3170 2694 3232 2750 et
3246 2692 3418 2751 luna.
3447 2693 3581 2748 Bar-

1937 2780 2004 2836 ba
2015 2796 2113 2837 rus
2140 2781 2441 2853 respondit
2458 2800 2469 2835 :
2484 2784 2558 2839 Si
2577 2782 2833 2839 mundus
2855 2797 2914 2840 es
2935 2796 2974 2838 a
2980 2781 3415 2854 fornicatione,
3444 2780 3587 2838 licet

1935 2871 2005 2926 ut
2025 2871 2210 2927 intres
2230 2870 2503 2927 divinum
2524 2870 2729 2927 locum.
2767 2871 2962 2927 Secuti
2994 2875 3131 2926 sunt
3158 2874 3351 2926 autem
3384 2884 3581 2940 regem

1935 2972 2003 3012 ex
2037 2959 2240 3014 amicis
2283 2958 2405 3015 suis
2438 2958 2704 3028 trecenti,
2741 2959 2956 3029 quibus
2985 2958 3250 3031 precepit
3281 2957 3579 3029 sacerdos,

1936 3047 2388 3117 utdeponerent
2432 3047 2639 3103 anulos
2668 3052 2726 3102 et
2759 3048 3160 3103 calciamenta.
3205 3048 3340 3103 Erat
3387 3052 3582 3103 autem

1936 3136 2080 3190 hora
2110 3136 2221 3189 diei
2256 3136 2582 3205 undecima,
2608 3140 2663 3191 et
2689 3137 3073 3207 exspectabat
3099 3134 3376 3192 sacerdos
3396 3133 3583 3191 donec

1935 3223 2231 3279 occideret
2265 3224 2381 3289 sol;
2414 3238 2542 3278 nam
2577 3223 2809 3279 dicebat
2852 3238 2982 3278 eum
3024 3228 3161 3279 tunc
3193 3222 3385 3279 solere
3420 3221 3576 3293 loqui

1933 3315 1991 3365 ct
2028 3326 2369 3381 responsum
2411 3312 2569 3381 dare,
2611 3312 2864 3382 itemque
2894 3311 2964 3367 de
2993 3312 3202 3367 arbore
3243 3310 3395 3367 lunas
3423 3308 3578 3366 dice-

1936 3401 2055 3470 bat,
2091 3399 2243 3471 quod
2277 3400 2502 3456 oriente
2535 3405 2593 3455 et
2626 3400 2943 3456 irradiaute
2976 3399 3109 3455 luna
3140 3400 3263 3471 ipsa
3297 3399 3464 3455 daret
3486 3413 3578 3455 re-

1935 3503 2232 3558 sponsum.
2274 3490 2458 3558 lgitur
2499 3494 2805 3560 cmperunt
2835 3488 3210 3545 deambulare
3249 3501 3352 3558 per
3392 3487 3575 3557 ipsam

1934 3577 2160 3645 silvam,
2193 3591 2320 3647 qua:
2343 3588 2470 3632 erat
2493 3592 2655 3633 muro
2679 3576 2925 3645 inclusa,
2952 3581 3010 3632 et
3035 3576 3305 3633 viderunt
3337 3574 3577 3647 opobal-

1936 3678 2155 3720 samum
2188 3664 2513 3734 largissime
2542 3679 2779 3722 currere
2805 3664 2874 3720 de
2897 3663 3246 3721 ramusculis
3275 3663 3573 3719 arborum.

1935 3753 1991 3806 in
2019 3752 2203 3807 media
2228 3768 2367 3809 vero
2390 3753 2533 3809 silva
2558 3759 2725 3809 erant
2746 3754 2991 3809 arbores
3015 3752 3236 3809 similes
3255 3749 3576 3822 cypressis,

1933 3840 2068 3896 altze
2097 3842 2339 3911 pedibus
2355 3847 2608 3897 centum.
2640 3842 2893 3912 Cumque
2915 3842 3228 3897 miraretur
3251 3838 3580 3895 Alexander

1933 3929 2003 3984 de
2033 3928 2263 3985 illarum
2302 3928 2612 3985 altitudine
2641 3929 2729 4000 “7,
2764 3934 2824 3986 et
2856 3929 3078 3987 diceret
3110 3927 3265 4000 quod
3298 3927 3370 3983 de
3401 3925 3575 3983 nimia

1934 4016 2123 4087 pluvia
2148 4022 2375 4073 tantum
2398 4023 2753 4086 crescerent,
2772 4018 2832 4088 (f.
2857 4020 3008 4090 234.)
3024 4017 3253 4074 diccbat
3274 4016 3572 4086 sacerdos,

1932 4119 2225 4175 nunquam
2251 4104 2306 4159 iu
2332 4104 2492 4161 illum
2526 4104 2713 4161 locum
2748 4105 2970 4176 pluere,
2997 4120 3183 4176 neque
3205 4119 3366 4160 avem
3391 4117 3579 4175 neque

1934 4193 2113 4247 feram
2157 4206 2345 4262 neque
2386 4200 2718 4264 serpentem
2752 4193 2807 4248 in
2840 4194 3002 4265 ipsos
3040 4193 3320 4250 terminos
3359 4193 3578 4249 intrare

1934 4281 2066 4352 quia
2096 4279 2420 4350 antiquitus
2443 4294 2471 4334 a
2500 4280 2817 4349 majoribus
2841 4281 3109 4337 ludorum
3135 4280 3299 4337 locus
3322 4279 3420 4337 ille
3442 4295 3580 4337 con-

1933 4373 2203 4425 secratus
2224 4371 2379 4423 esset
2404 4366 2513 4424 soli
2535 4373 2593 4423 et
2618 4368 2787 4424 lunze.
2806 4367 3004 4425 Voluit
3026 4373 3217 4425 autem
3247 4367 3576 4425 Alexander

1936 4456 2235 4513 immolare
2256 4456 2553 4522 victimas;
2578 4455 2679 4511 sed
2706 4455 3001 4527 prohibuit
3025 4471 3155 4512 eum
3176 4457 3472 4525 sacerdos,
3495 4456 3579 4511 di-

1935 4561 2091 4615 cens,
2134 4560 2243 4600 non
2285 4544 2461 4601 licere
2497 4544 2551 4599 iu
2585 4544 2711 4615 ipso
2752 4543 2881 4599 loco
2923 4543 3331 4613 quodcumque
3363 4541 3577 4598 animal

1935 4634 2204 4690 occidere
2217 4638 2315 4689 aut
2333 4634 2565 4689 inccusu
2578 4649 2625 4687 m
2642 4632 2711 4687 de
2727 4632 2898 4688 thure
2922 4632 3112 4687 facere
3130 4649 3144 4697 ;
3166 4636 3394 4687 tantum
3409 4645 3579 4687 oscu-

1936 4722 2198 4778 larentur
2222 4721 2380 4793 ipsas
2402 4723 2664 4789 arbores,
2681 4727 2736 4776 et
2766 4723 3041 4789 rogarent
3063 4719 3247 4775 solem
3270 4724 3329 4775 et
3355 4718 3572 4788 lunam,

1935 4816 1995 4866 ut
2020 4824 2159 4867 vera
2184 4809 2294 4866 sibi
2320 4824 2599 4881 responsa
2629 4808 2854 4864 darent.
2882 4808 3021 4864 Post
3045 4807 3166 4865 haec
3188 4806 3461 4863 viderunt
3488 4821 3576 4862 ra-

1932 4899 2063 4954 dios
2085 4898 2225 4955 solis
2252 4894 2625 4969 resplendere
2647 4912 2880 4954 sursum
2906 4897 2961 4951 in
2986 4895 3388 4952 cacuminibus
3406 4896 3576 4950 arbo-

1933 5003 2078 5058 rum,
2104 4991 2160 5042 et
2188 4987 2465 5042 sacerdos
2488 4987 2568 5041 ait
2594 5005 2606 5042 :
2630 4987 2890 5043 Sursum
2917 4986 3215 5057 respicite,
3248 4984 3400 5040 etde
3427 4996 3576 5055 qua-

1929 5077 2227 5149 licumque
2265 5089 2450 5132 causa
2479 5075 2854 5143 interrogare
2883 5073 3022 5146 quis
3048 5070 3324 5140 voluerit,
3360 5070 3578 5142 cogitet

1928 5165 1993 5222 in
2031 5165 2202 5222 corde
2239 5178 2364 5234 suo,
2396 5165 2611 5235 palam
2648 5178 2768 5220 non
2807 5164 2987 5220 dicat.
3020 5163 3172 5218 Tunc
3203 5174 3333 5215 cum
3367 5172 3572 5229 magna

1928 5268 2067 5310 cura
2087 5258 2393 5324 cmperunt
2415 5253 2729 5324 respicere,
2750 5266 2818 5307 ne
2844 5252 2992 5308 forte
3017 5250 3169 5306 inter
3192 5264 3382 5305 ramos
3404 5249 3575 5304 arbo-

1931 5358 2053 5399 rum
2096 5341 2223 5413 pica
2262 5345 2359 5397 aut
2402 5340 2706 5412 psithacus
2747 5344 2929 5410 esset,
2975 5339 3107 5410 quia
3152 5336 3345 5395 solent
3375 5338 3575 5392 buma-

1930 5446 2057 5487 uam
2098 5429 2424 5502 exprimere
2466 5443 2687 5485 vocem.
2733 5429 2990 5498 Cumque
3028 5426 3109 5482 nil
3152 5424 3375 5483 fraudis
3413 5424 3574 5483 vide-

1930 5524 2078 5590 rent,
2123 5519 2299 5592 coepit
2348 5517 2675 5576 Alexander
2719 5516 2980 5588 cogitare
3022 5515 3078 5572 in
3121 5515 3313 5574 animo
3349 5529 3477 5585 suo,
3521 5513 3571 5571 si

1529 5643 1765 5698 VARIrE
1806 5643 2202 5700 LECTIONES.

250 5698 315 5734 ²¹⁷
348 5703 714 5766 altitudinem
746 5714 795 5768 1.
