3932 6416
332 421 451 490 599

1505 454 1991 521 EKKEHARDI
2035 454 2593 522 URAUGIENSIS

3635 453 3762 521 600

333 558 703 666 fflulnplhans
733 560 949 666 ι’θνθξιί
979 584 1177 649 posset
1210 581 1266 641 in
1300 588 1546 659 patriam
1580 609 1742 653 suam
1768 598 1838 656 ad
1863 613 1979 657 ma-
2006 590 2066 654 Α
2094 592 2350 665 griphes,
2386 593 2482 666 qui
2519 591 2751 651 fortiter
2784 589 3067 651 feriebant
3102 590 3317 651 rostris
3347 590 3469 652 suis
3500 590 3752 650 militum

334 652 485 746 trem
511 656 570 709 et
598 669 839 717 sonores
876 661 1234 729 karissimas.
1280 652 1418 734 Cum
1462 652 1979 746 subitoarbo‘r—ln-

335 737 467 797 dico
495 754 763 845 sermone
794 755 1098 845 respondit
1125 778 1136 814 :
1161 762 1342 822 Sicut
1358 737 1979 845 interrogaswt-ijmmeu

331 833 922 933 memn,.4lea{auder,
938 846 1060 903 eris
1075 848 1349 912 dominus
1365 857 1526 917 orbis

331 924 876 1027 patriam
902 945 1021 1027 acu
1046 940 1386 1014 reverteris,
1418 954 1705 1019 quoniam
1719 924 1981 1027 falas—ie

333 1005 710 1078 diﬂuieruut
733 1014 903 1111 aeta.
927 1024 1197 1111 ‘Cumque
1234 1030 1333 1089 ille
1370 1005 1977 1111 ἓηῖθι-ι-ἇέᾷιῖἔῖίιῖεῖὸξ

334 1110 479 1194 quos
499 1112 696 1194 secum
721 1103 987 1194 adduxit,
1014 1112 1387 1190 interpretati
1411 1103 1973 1194 sunteisermonem.

516 1190 637 1296 tres
661 1191 985 1255 fidelissimi
1017 1203 1143 1296 ejus
1172 1184 1341 1267 amici
1374 1184 1976 1296 Perdicca'etﬂﬂlvvton

331 1276 400 1384 et
419 1273 696 1384 P‘bglotas
727 1294 1005 1384 cep-erunt
1030 1291 1305 1384 plangere
1329 1317 1504 1375 super
1527 1273 1982 1384 haﬁclresp‘ensivo:

332 1376 432 1471 ne;
448 1365 711 1471 Xespe‘re
749 1377 944 1433 autem
985 1365 1226 1443 veniens
1255 1402 1357 1446 rex
1390 1365 1460 1449 ad
1499 1365 1979 1471 interrogandum

1596 1450 1979 1471 ---τ--.πω

332 1450 601 1560 arborem
634 1455 805 1560 lunae,
836 1479 966 1560 cum
997 1472 1261 1532 stetisset
1286 1477 1454 1547 juxta
1485 1486 1772 1560 arborem,
1806 1491 1983 1550 inter-

333 1545 581 1643 rogavit,
607 1545 704 1601 ubi
723 1551 866 1607 mori
886 1554 1149 1617 deberet.
1172 1564 1239 1619 Et
1263 1545 1358 1624 ubi
1381 1570 1661 1643 splendor
1679 1545 1985 1639 lunaevte't—i-

330 1630 418 1697 git
449 1630 737 1728 arborem,
765 1647 1069 1714 respondit
1100 1651 1275 1709 arbor
1297 1661 1354 1713 et
1380 1630 1523 1716 dixit
1556 1630 1985 1728 Greco-sermo-

336 1719 708 1829 ξιὶὶ
716 1728 1045 1829 {am
1065 1740 1262 1829 alatis
1280 1746 1480 1819 habes,
1504 1719 1988 1829 AleidadEZEd

333 1804 637 1920 iito‘afu‘o
674 1816 1027 1920 advenieute
1063 1827 1229 1887 Maio
1257 1834 1327 1891 iu
1350 1804 1658 1911 Babylone
1682 1804 1981 1920 morieris:

336 1983 610 2086 similiter
638 1995 696 2047 et
729 1997 898 2086 amici
936 1983 1167 2075 ejus-et
1199 2013 1401 2073 exiens
1442 1983 1762 2081 inde—tristi

337 2073 645 2175 clo-medere
685 2082 889 2143 noluit.
925 2090 1186 2164 Rogatus
1214 2105 1407 2161 autem
1441 2108 1512 2164 ab
1544 2111 1746 2170 amicis

335 2157 616 2267 attingeret
656 2184 874 2267 corpus
907 2180 1150 2257 jejunio,
1192 2196 1395 2250 contra
1429 2196 1790 2259 voluntatem
1824 2157 1985 2264 suan

339 2248 709 2362 manducavit
742 2265 1053 2362 modicum,
1079 2279 1135 2330 et
1160 2278 1473 2340 collocavit
1497 2301 1561 2343 se
1586 2288 1638 2344 in
1664 2289 1791 2362 ipso
1818 2309 1988 2352 sacro

335 2331 586 2446 luceant
620 2356 860 2446 paratus
895 2366 1052 2417 esset
1093 2368 1324 2436 quando
1363 2374 1609 2443 primum
1651 2331 1983 2445 sorvexirue‘t‘:

336 2434 575 2536 Alia-die
594 2442 765 2536 valde
785 2444 1046 2509 diluculo
1070 2434 1426 2531 surrexit,et
1442 2434 1991 2531 amicosrsuo's—‘exciL

335 2529 478 2633 tavit
498 2534 816 2633 {sacerdos
834 2542 1033 2633 autem
1056 2529 1359 2606 involutus
1383 2552 1633 2624 pellibus
1650 2557 1905 2633 jacebat,
1925 2529 1991 2619 et

335 2620 471 2723 ante
512 2619 690 2723 illum.
718 2627 908 2696 posita
955 2636 1082 2723 erat
1116 2634 1170 2691 in
1207 2619 1404 2697 tabula
1446 2642 1517 2700 de
1557 2619 1743 2704 ebeno
1784 2619 1987 2723 magna

332 2707 501 2775 gleba
534 2710 606 2768 de
630 2712 846 2786 libano,
881 2734 1010 2790 quze
1034 2721 1116 2778 illi
1143 2725 1213 2782 de
1236 2742 1399 2785 coena
1433 2742 1795 2795 remanserat
1827 2707 1992 2799 Exci-

332 2800 459 2854 tato
492 2800 689 2874 itaque
719 2808 1048 2882 sacerdote,
1083 2814 1263 2871 tercia
1296 2819 1422 2876 vice
1453 2820 1691 2881 intravit
1717 2827 1788 2884 ad
1814 2828 1991 2887 inter-

336 2887 678 2989 rogandum,
700 2895 755 2949 et
782 2894 927 2951 dixit
953 2900 1101 2957 :Dic
1116 2902 1322 2972 michi,
1348 2910 1769 2972 sacratissima
1789 2915 1989 2989 arbor,

334 2978 510 3072 cujus
545 2992 762 3039 manus
799 2998 891 3040 me
928 2988 1190 3047 occidere
1220 2991 1488 3068 debeant,
1521 2999 1581 3056 et
1604 3003 1779 3072 quali
1806 2978 1993 3064 morte

334 3065 526 3169 mater
562 3082 703 3169 mea
742 3072 1063 3169 eisorores
1100 3092 1242 3138 mea
1273 3065 1582 3146 moritura
1604 3065 1758 3150 sint.
1802 3094 1992 3152 Arbor

2094 682 2299 749 facies;
2321 683 2421 739 sed
2441 699 2569 740 cum
2590 682 2821 754 sagittis
2847 688 2902 740 et
2928 684 3119 741 contis
3137 683 3523 741 defendebant
3544 697 3624 739 se.
3650 684 3756 739 Pe-

2092 769 2316 827 rierunt
2339 776 2529 827 tamen
2548 771 2679 827 ineo
2694 772 3012 828 certamine
3035 770 3249 827 milites
3265 771 3501 829 ducenti
3514 774 3571 828 et
3590 775 3749 828 octo.

2164 858 2301 915 inde
2340 865 2624 916 venerunt
2666 860 2736 916 ad
2783 861 2989 917 ﬂumen
3037 860 3325 931 quoddam
3364 859 3612 917 inﬂuens
3655 874 3755 915 oc-

2088 958 2256 1015 eano,
2301 947 2482 1003 latum
2527 947 2793 1004 miliariis
2835 949 3065 1005 duobus
3102 953 3161 1004 et
3203 948 3464 1018 dimidio,
3500 949 3555 1003 in
3583 947 3756 1018 cujus

2088 1033 2215 1105 ripa
2253 1039 2421 1091 erant
2458 1051 2660 1092 cannae
2698 1043 2817 1092 tam
2861 1037 2995 1093 altae
3025 1043 3083 1093 et
3116 1052 3358 1108 grossae,
3401 1042 3463 1093 ut
3506 1037 3601 1093 vix
3641 1036 3755 1090 tri-

2089 1124 2247 1193 ginta
2284 1124 2551 1181 homines
2585 1130 2825 1197 possent
2850 1142 3018 1182 unam
3046 1131 3300 1198 portare,
3329 1142 3399 1182 ex
3427 1126 3636 1198 quibus
3673 1128 3753 1182 fa~

2090 1212 2318 1268 cientes
2343 1228 2541 1273 naves.
2569 1214 2929 1270 transierunt
2956 1214 3188 1285 ﬂumen,
3216 1218 3275 1270 et
3300 1214 3640 1271 invenerunt
3668 1215 3749 1272 ibi

2093 1300 2354 1374 homines
2377 1302 2627 1358 vestitos
2651 1302 2904 1374 pellibus
2929 1303 3308 1374 ballenarum,
3338 1304 3434 1374 qui
3458 1304 3746 1361 dederunt

2093 1391 2181 1446 eis
2208 1390 2482 1461 Spongias
2511 1389 2675 1447 albas
2702 1394 2757 1445 et
2793 1406 3118 1463 purpureas
3140 1396 3198 1447 et
3218 1394 3467 1448 conchas
3497 1393 3749 1450 marinas

2095 1480 2398 1550 capientes
2432 1478 2580 1535 duos
2613 1484 2713 1535 aut
2740 1483 2867 1535 tres
2896 1482 3160 1552 congios,
3195 1480 3479 1538 dederunt
3511 1484 3567 1537 et
3599 1483 3751 1539 tuni-

2096 1584 2196 1624 cas
2220 1582 2291 1623 ex
2314 1568 2517 1625 vitulis
2550 1568 2790 1624 marinis
2822 1569 3022 1639 factas,
3056 1574 3117 1626 et
3145 1569 3372 1626 cocleas
3403 1585 3529 1641 quae
3560 1571 3751 1642 capie-

2099 1661 2236 1715 bant
2256 1660 2609 1725 sextarium;
2635 1664 2955 1732 posuerunt
2980 1675 3211 1732 quoque
3225 1664 3358 1717 ante
3377 1675 3475 1716 eos
3495 1675 3747 1731 vermes,

2098 1764 2245 1819 quos
2279 1752 2585 1805 traxerunt
2618 1750 2689 1804 de
2724 1749 2848 1820 ipso
2880 1750 3115 1805 ﬂumine
3146 1764 3387 1819 grossos
3418 1750 3568 1807 sicut
3598 1764 3750 1807 coxa

2098 1837 2365 1907 hominis,
2396 1852 2645 1909 quorum
2670 1852 2847 1910 sapor
2869 1842 2995 1894 erat
3021 1837 3226 1895 melior
3248 1838 3399 1894 omni
3431 1839 3620 1910 pisce;
3649 1838 3751 1895 de-

335 1892 793 2010 ἱίξξῖξζξτξιῖαἵαο
808 1911 1293 2010 minimesperas.
1315 1925 1467 1982 Tunc
1481 1892 1763 2001 plangere
1781 1892 1981 2010 coepit:
2016 1947 2069 2007 Β
2101 1926 2310 1983 derunt
2335 1892 2626 1997 etinngos
2653 1892 3011 1984 rubicundos
3040 1933 3095 1983 et
3131 1943 3401 1985 murenas
3431 1892 3749 1999 pensantes

2102 2015 2384 2073 ducentas
2410 2016 2829 2087 quinquaginta
2855 2016 3058 2087 libras,
3082 2017 3365 2084 dicentes,
3385 2016 3538 2088 quod
3563 2017 3753 2076 adhuc

2102 2104 2374 2161 fortiores
2417 2108 2615 2160 essent
2650 2106 2703 2160 in
2736 2120 2973 2161 oceano.
3017 2107 3194 2161 Erant
3233 2110 3424 2162 autem
3464 2106 3518 2161 in
3547 2105 3750 2163 eodem

2103 2193 2335 2249 ﬂumine
2371 2194 2597 2251 feminae
2625 2194 2938 2267 capillatze,
2966 2210 3092 2265 quze
3114 2210 3245 2251 cum
3275 2195 3529 2252 viderint
3558 2200 3752 2252 extra-

2102 2296 2244 2338 neos
2276 2282 2541 2339 homines
2573 2283 2629 2339 in
2666 2284 2792 2355 ipso
2825 2283 3059 2340 ﬂumine
3099 2285 3390 2353 natantes,
3433 2285 3754 2355 apprehen-

2099 2369 2241 2427 dunt
2277 2370 2432 2441 illos,
2468 2375 2525 2427 et
2559 2375 2657 2428 aut
2693 2372 2975 2430 suﬂ'ocant
3012 2372 3143 2429 illos
3175 2372 3229 2427 in
3261 2373 3462 2428 eodem
3496 2372 3751 2443 ﬂumine,

2101 2463 2197 2515 aut
2234 2459 2473 2516 trahunt
2497 2475 2601 2515 eos
2625 2460 2778 2516 inter
2809 2474 3026 2517 cannas
3060 2460 3338 2531 riparum,
3361 2465 3417 2517 et
3444 2460 3575 2532 quia
3611 2461 3752 2533 ipsa:

2100 2552 2233 2603 sunt
2267 2548 2505 2605 nimium
2541 2550 2826 2619 formosae,
2866 2548 3084 2605 faciunt
3118 2548 3249 2605 illos
3280 2564 3473 2606 secum
3505 2553 3619 2606 tam
3652 2549 3751 2607 diu

2100 2637 2511 2707 concumbere,
2547 2652 2854 2708 quousque
2886 2637 3010 2693 sine
3043 2637 3227 2693 anima
3262 2643 3615 2708 remaneant,
3650 2644 3751 2695 aut

2102 2724 2369 2782 nolentes
2439 2741 2543 2797 pre
2602 2726 2774 2782 nimia
2837 2726 2919 2781 ira
2980 2725 3270 2782 occidunt.
3342 2725 3550 2785 Milites
3611 2742 3752 2783 vero

2103 2814 2419 2871 Alexandri
2460 2815 2973 2887 apprehenderunt
3016 2830 3085 2871 ex
3116 2815 3202 2871 eis
3231 2815 3396 2885 duas,
3429 2831 3555 2887 qua
3584 2820 3751 2873 erant

2102 2904 2249 2960 albae
2282 2904 2432 2960 sicut
2466 2903 2583 2976 nix,
2616 2903 2901 2960 habentes
2931 2903 3182 2976 capillos
3214 2903 3417 2976 longos
3448 2920 3550 2976 per
3577 2904 3749 2961 dorsa

2104 3005 2359 3063 sparsos.

2176 3080 2474 3136 Abeuntes
2492 3078 2644 3150 inde,
2666 3084 2950 3136 venerunt
2970 3079 3022 3135 in
3049 3079 3258 3150 locum,
3282 3080 3377 3137 ubi
3398 3086 3567 3137 erant
3591 3081 3748 3151 ferte,

1864 3198 1995 3254 ἆοσ,
2104 3168 2175 3224 de
2209 3182 2453 3239 quarum
2486 3168 2778 3240 capitibus
2814 3169 3124 3225 exstabant
3156 3184 3283 3226 ossa
3319 3173 3564 3240 serrata,
3600 3170 3753 3227 sicut

1876 3274 1994 3329 ma-
2027 3305 2071 3329 η
2104 3256 2336 3326 gladius
2356 3260 2548 3324 acuta,
2572 3273 2701 3313 cum
2724 3258 2937 3329 quibus
2960 3257 3241 3314 feriebant
3262 3257 3476 3315 milites
3500 3258 3751 3328 fortiter,

334 3422 637 3523 Laeli-esis,
668 3428 937 3523 Atropos,
970 3447 1034 3491 eo
1061 3438 1223 3509 quod
1246 3440 1733 3513 impedimentum
1762 3451 1819 3508 ei
1831 3407 1995 3523 face:

330 3512 450 3567 rim
479 3511 549 3546 ’³⁸
590 3516 753 3606 φωοὰ
791 3519 895 3578 illi
938 3524 1300 3585 statuerunt.
1321 3511 1549 3602 ﬁlgitwr
1589 3537 1725 3606 post
1770 3511 1997 3596 auum

333 3611 518 3699 unum
548 3604 607 3659 et
627 3606 753 3699 ccio
780 3622 1009 3669 menses
1045 3615 1381 3687 Babylouie
1415 3604 1712 3693 morieris,
1746 3640 1864 3684 ποθι
1886 3643 1999 3699 per

319 3687 566 3789 ferrum
581 3693 951 3789 sicutputas,
967 3701 1075 3758 sed
1076 3718 1191 3774 per
1208 3720 1529 3778 venenum;
1542 3687 1736 3770 mater
1753 3715 1857 3773 tua
1876 3687 1999 3773 tur-

327 3777 590 3871 pissima
618 3784 803 3840 morte
828 3790 1136 3863 morietur,
1163 3794 1223 3850 et
1237 3809 1356 3853 non
1374 3777 1715 3871 sepelietur,
1739 3806 1844 3861 sed
1862 3820 2001 3865 aves

337 3865 396 3953 et
409 3870 559 3930 fere
587 3873 886 3933 comedent
916 3878 1110 3950 illam,
1135 3895 1367 3942 sorores
1391 3865 1506 3945 tua:
1527 3886 1666 3945 bene
1684 3865 1808 3950 sese
1827 3894 2002 3953 liabe-

339 3952 502 4028 buut,
539 3961 606 4016 lu
634 3963 835 4020 autem
860 3966 928 4024 iu
943 3982 1138 4040 parvo
1169 3971 1425 4044 tempore
1453 3976 1728 4038 dominus
1747 3982 1869 4041 eris

336 4060 565 4140 rarum.
587 4051 764 4110 Nunc
782 4068 915 4113 vero
936 4056 1062 4114 uoli
1072 4061 1219 4132 plus
1240 4060 1612 4137 interrogare
1630 4083 1753 4140 uos,
1778 4073 1883 4130 sed
1900 4076 2004 4134 eui

339 4136 409 4193 de
435 4138 554 4197 loco
576 4140 692 4200 isto
709 4142 1076 4206 elrevertere
1092 4149 1159 4207 in
1172 4136 1489 4212 Fasiaceu.
1516 4156 1625 4213 Sed
1646 4163 1704 4215 et
1722 4136 2001 4220 sacerdos

340 4228 565 4320 monuit
607 4246 738 4288 eum
773 4238 833 4291 ut
869 4234 1079 4308 abiret,
1123 4239 1344 4313 dicens,
1381 4245 1536 4313 quod
1570 4246 1640 4303 de
1672 4248 1908 4320 planctu
1940 4255 1999 4309 et

340 4314 567 4374 ululatu
594 4320 911 4380 amicorum
937 4325 1064 4396 ejus
1086 4327 1504 4390 irascerentur.
1544 4314 1871 4394 Alexander
1894 4339 2003 4397 ita-

340 4420 451 4476 que
501 4409 734 4468 rcdiens
772 4412 923 4470 dixit
963 4415 1249 4475 militibus
1286 4420 1426 4492 suis,
1465 4427 1529 4478 ut
1558 4423 1700 4480 nulli
1734 4425 1996 4483 dicerent

340 4495 492 4566 quod
524 4498 860 4573 audierunt,
894 4506 994 4559 sed
1021 4505 1076 4562 in
1103 4506 1213 4563 ﬂde
1238 4523 1340 4565 sua
1371 4519 1795 4569 conservarent
1826 4514 1990 4573 illud.

2104 3348 2161 3401 et
2196 3344 2411 3401 multos
2439 3346 2679 3418 clypeos
2713 3346 3108 3418 perforabant,
3134 3351 3192 3403 et
3215 3346 3555 3404 occiderunt
3577 3363 3647 3404 ex
3670 3348 3755 3405 eis

2108 3450 2291 3506 usque
2336 3436 2404 3491 ad
2449 3441 2584 3491 octo
2619 3434 2773 3490 milia
2815 3434 3276 3506 quadringentos
3315 3435 3751 3507 quinquaginta,

2107 3524 2309 3594 sicque
2331 3540 2459 3580 cum
2486 3524 2668 3580 multo
2692 3524 2893 3579 labore
2916 3538 3239 3595 magnoque
3269 3524 3529 3595 periculo
3559 3540 3757 3596 perve-

2110 3619 2321 3669 nerunt
2338 3613 2392 3668 in
2418 3613 2710 3669 Fasiacen.
2734 3613 2814 3668 lbi
2836 3612 3101 3684 precepit
3122 3612 3446 3669 Alexander
3463 3612 3629 3668 militi
3650 3629 3753 3669 suo

2110 3701 2334 3771 Alconi,
2367 3717 2535 3773 quem
2571 3706 2951 3775 preposuerat
2978 3702 3033 3757 in
3058 3700 3314 3772 Perside,
3342 3706 3405 3758 ut
3427 3701 3481 3756 in
3515 3700 3755 3774 Babylo-

2112 3790 2205 3846 nia
2220 3795 2277 3846 et
2293 3791 2345 3846 in
2365 3791 2605 3847 Perside
2628 3795 2918 3848 statueret
2941 3790 3086 3848 duas
3108 3794 3336 3847 statuas
3362 3789 3432 3846 de
3452 3805 3595 3847 auro
3618 3790 3753 3847 fusi-

2112 3878 2218 3951 les,
2263 3878 2573 3936 altitudine
2611 3880 2815 3950 viginti
2855 3878 3108 3950 quinque
3140 3879 3372 3951 pedum,
3415 3883 3473 3936 et
3514 3879 3569 3936 in
3610 3878 3751 3950 ipsis

2112 3968 2399 4025 scriberet
2438 3968 2628 4025 omnia
2668 3969 2820 4026 facta
2863 3984 2988 4039 sua,
3021 3973 3080 4025 et
3111 3968 3165 4024 in
3198 3967 3402 4026 ultima
3440 3967 3621 4039 India,
3654 3967 3747 4024 ubi

2112 4063 2281 4114 erant
2297 4063 2531 4115 centum
2552 4062 2761 4115 statum
2776 4058 2829 4112 in
2847 4059 3065 4114 honore
3089 4056 3279 4116 Liberi
3296 4061 3355 4113 et
3372 4057 3635 4115 Herculis
3654 4072 3749 4129 po-

2111 4146 2259 4216 sita),
2300 4148 2555 4217 erigeret
2599 4146 2749 4203 idem
2792 4147 2971 4205 Alcon
3004 4150 3233 4204 statuas
3260 4160 3468 4203 aureas
3500 4145 3747 4217 quinque

2111 4235 2423 4292 altitudine
2464 4236 2672 4307 pedum
2712 4236 2912 4291 decem
2945 4235 3000 4291 in
3033 4236 3253 4292 honore
3282 4250 3404 4292 suo.
3442 4234 3635 4305 (Onos.
3667 4249 3744 4304 in,

2112 4326 2224 4397 19.)
2257 4326 2393 4381 Post
2429 4328 2797 4396 peragratam
2830 4324 3026 4395 itaque
3052 4324 3265 4381 Indiam
3290 4327 3349 4380 et
3369 4322 3745 4396 perdomitam

2109 4412 2437 4470 Alexander
2463 4428 2595 4470 cum
2616 4414 2685 4469 ad
2711 4427 2914 4469 saxum
2938 4412 3095 4469 mirae
3120 4412 3456 4484 asperitatis
3476 4418 3535 4468 et
3556 4411 3746 4467 altitu-

2108 4502 2279 4572 dinis,
2297 4502 2352 4557 in
2368 4517 2513 4573 quos
2534 4501 2697 4559 multi
2724 4501 2919 4573 populi
2939 4504 3346 4572 confugerunt,
3367 4500 3740 4571 pervenisset,

408 4586 934 4661 Deindezvenerunt
958 4593 1030 4650 ad
1054 4594 1259 4652 vallem
1286 4598 1594 4669 quandam,
1613 4600 1670 4657 in
1687 4616 1796 4673 qua
1822 4618 1961 4661 eran

2190 4590 2559 4660 cognovisset
2583 4590 2884 4647 Herculem
2911 4591 2981 4645 ab
3005 4589 3434 4661 expugnatione
3458 4588 3577 4645 saxi
3601 4587 3743 4657 ejus-

339 4682 647 4747 serpentes
666 4676 952 4738 habentes
969 4680 1025 4738 in
1047 4683 1201 4740 collo
1221 4683 1449 4757 lapides
1471 4687 1570 4757 qui
1593 4670 1881 4763 smaragdi

2188 4695 2235 4736 [η
2259 4685 2433 4736 terra}
2458 4683 2615 4736 motu
2643 4678 3021 4750 prohibitum,
3054 4678 3422 4735 aemulatione
3456 4682 3741 4750 permotus

337 4767 570 4836 cuntur,
599 4765 701 4822 sed
730 4782 839 4825 non
867 4770 1214 4840 permittunt
1236 4772 1465 4844 aliquos
1491 4776 1745 4834 transire
1781 4778 1988 4836 vallem

338 4848 540 4921 ipsam.
581 4855 656 4923 (Ρ.
691 4858 842 4929 225.)
875 4857 1088 4915 Vivunt
1119 4864 1314 4917 autem
1348 4862 1456 4934 ipsi
1490 4862 1560 4920 de
1597 4863 1784 4923 lasere
1816 4871 1878 4924 et
1910 4869 1990 4939 pi-

339 4956 476 5012 pere
529 4942 681 5013 albo,
726 4947 786 5000 et
821 4944 1069 5015 singulis
1101 4946 1268 5004 annis
1312 4954 1567 5020 pugnant
1612 4951 1767 5010 inter
1805 4969 1888 5021 se,
1929 4960 1991 5012 et

338 5029 540 5088 multis
562 5032 953 5092 morientibus
973 5034 1283 5093 solvuntur
1306 5040 1619 5110 smaragdi,
1646 5041 1850 5115 sicque
1872 5043 1991 5100 col-

338 5118 632 5191 liguntur;
678 5122 828 5179 unde
867 5127 923 5178 et
971 5122 1188 5181 milites
1216 5124 1532 5184 Alexandri
1569 5129 1801 5202 aliquos
1844 5131 1990 5188 tule-

338 5213 494 5282 runt,
540 5211 637 5282 qui
684 5228 948 5285 magnam
1001 5213 1240 5272 formam
1290 5215 1640 5275 habuerunt.
1694 5219 1833 5277 Inde
1888 5235 1989 5293 per

339 5311 540 5370 magna
582 5300 1172 5372 periculaTvenerunt
1206 5303 1261 5361 in
1294 5304 1511 5374 locum,
1553 5307 1648 5363 ubi
1690 5314 1857 5365 erant
1893 5311 1988 5366 be-

337 5387 467 5445 stiae
499 5387 784 5449 habentes
812 5392 1005 5464 capita
1040 5393 1194 5451 sicut
1225 5395 1407 5467 porci,
1440 5396 1659 5453 caudas
1688 5397 1841 5455 sicut
1868 5397 1987 5455 leo-

338 5484 459 5538 nes,
506 5471 753 5542 ungulas
802 5472 947 5529 duas
991 5474 1047 5531 in
1089 5473 1401 5532 latitudine
1439 5490 1544 5533 sex
1584 5476 1815 5547 pedum,
1853 5492 1984 5533 cum

336 5558 550 5631 quibus
580 5560 799 5619 milites
830 5561 1117 5620 feriebant
1147 5563 1413 5623 multum.
1438 5563 1597 5621 Mixti
1620 5564 1707 5621 eis
1729 5568 1896 5622 erant
1924 5569 1987 5622 et

2104 4774 2167 4825 ut
2201 4768 2470 4825 Herculis
2505 4768 2656 4823 facta
2685 4772 3012 4840 superaret,
3041 4783 3171 4823 cum
3206 4782 3430 4824 summo
3463 4766 3654 4823 labore
3679 4780 3741 4823 ac

2104 4856 2364 4927 periculo
2408 4856 2633 4929 potitus
2671 4873 2833 4928 saxo,
2876 4872 3077 4914 omnes
3110 4856 3267 4913 illius
3308 4855 3416 4912 loci
3458 4860 3660 4926 gentes
3688 4855 3737 4910 in

2100 4946 2457 5002 deditionem
2509 4946 2757 5018 accepit,
2796 4944 2988 5001 Nisam
3029 4946 3229 5002 urbem
3274 4944 3439 5015 adiit,
3479 4942 3738 5000 Dedalios

2101 5040 2329 5091 montes
2364 5049 2721 5105 regnumque
2764 5034 3079 5107 Cleophilis
3119 5033 3335 5104 reginae
3364 5033 3738 5106 expugnavit;

2099 5137 2228 5194 qua)
2259 5139 2387 5180 cum
2419 5139 2482 5179 se
2513 5123 2797 5193 dedisset,
2839 5124 3154 5181 concubitu
3198 5138 3437 5194 regnum
3478 5121 3733 5179 redemit.

2169 5212 2366 5281 (Osos.
2411 5228 2491 5281 ιιι,
2536 5228 2587 5267 c.
2632 5216 2746 5285 20.)
2790 5213 3043 5269 Subacto
3085 5211 3265 5283 igitur
3300 5211 3455 5267 omni
3496 5209 3734 5280 oriente,

2100 5300 2470 5371 Babyloniam
2501 5300 2777 5358 celeriter
2811 5301 3007 5371 rediit,
3039 5300 3135 5358 ubi
3167 5315 3298 5358 eum
3329 5299 3736 5356 exterritarum

2098 5389 2285 5447 totius
2304 5390 2467 5447 orbis
2488 5389 2918 5461 provinciarum
2942 5389 3117 5462 legati
3142 5388 3619 5462 Opperiebantur,
3639 5385 3738 5443 sei-

2098 5475 2233 5534 licet
2276 5477 2780 5549 Kartaginensium
2820 5478 3130 5549 totiusque
3172 5476 3378 5535 Africae
3420 5474 3733 5544 civitatum,

2098 5566 2500 5638 Hyspanorum
2522 5570 2582 5624 et
2607 5564 2924 5638 Gallorum,
2945 5565 3159 5625 Siciliae
3182 5564 3601 5636 Sardiniaeque,
3626 5561 3739 5636 plu-

1705 5654 1939 5711 VARI/E
1979 5654 2274 5711 LECTION
2279 5655 2380 5711 ES.

406 5718 475 5755 ³⁸⁸
507 5720 677 5780 deest
701 5723 750 5779 l.
