3932 6404
158 390 287 457 605

1058 405 1501 475 CHRONICA.
1538 445 1617 459 —-
1644 406 2126 474 CHRONICON
2168 410 2713 479 UNIVERSALE.

3488 409 3608 478 606

166 526 352 624 _ximo_
372 529 539 591 bello
570 532 623 593 in
654 534 900 599 Lucania
936 538 1127 601 victus
1158 549 1214 601 et
1265 545 1498 604 occisus
1553 551 1664 603 est.
1703 547 1843 602 Post
1877 546 1927 605 A
1960 551 2154 604 mento
2184 549 2215 605 J
2222 554 2384 609 ustus
2412 550 2803 624 principatum
2826 548 3081 609 obtinuit
3111 549 3200 609 ²²⁸.

162 617 298 706 hac
318 622 698 695 Romanijam
716 633 986 698 potentes
998 646 1131 688 esse
1144 640 1471 706 cmpernnt,
1507 634 1843 706 bellumque

163 704 226 763 ln
260 713 602 769 centesimo
633 720 691 770 et
726 721 1081 789 octogesimo
1142 704 1260 778 fere
1296 704 1544 781 miliario
1576 725 1647 780 ab
1694 704 1839 781 urbe
1921 736 1927 742 ‘

165 810 307 884 cum
327 800 693 859 Samnitibus
709 806 940 878 Papirio
961 807 1253 868 dictatore
1275 813 1711 884 gesserunt,ubi
1727 813 1830 868 Fa-

168 883 312 974 bius
347 889 634 949 Maximus
665 896 949 965 magister
991 899 1250 969 equitum
1306 903 1548 959 absente
1587 902 1818 974 Papirio

166 973 527 1035 felicissime
562 980 937 1041 dimicavitet
970 992 1145 1043 20000
1204 990 1521 1048 Samnitum
1594 991 1818 1048 delevit

166 1063 393 1121 Postea
452 1068 741 1128 Samnites
798 1074 1301 1147 circumspectiori
1364 1095 1504 1136 cura
1541 1081 1841 1137 instructo

169 1155 475 1226 exercitu,
494 1160 647 1229 apud
664 1161 953 1219 Caudinas
968 1166 1247 1223 Furculas
1262 1168 1549 1237 angustiis
1566 1170 1828 1225 locorum

170 1242 489 1314 armisque
504 1247 815 1305 conclusos
842 1252 1288 1323 Romanos,Tito
1308 1256 1540 1312 Riturio
1558 1261 1612 1312 et
1632 1258 1838 1329 Spurio

164 1331 481 1391 Postumio
505 1338 866 1409 consulibus,
915 1341 1129 1411 ingenti
1190 1343 1477 1401 dedecore
1536 1346 1835 1410 vicerunt,

169 1433 426 1489 quorum
462 1423 581 1481 dux
605 1428 847 1484 Pontius
865 1445 969 1499 pro
986 1446 1192 1499 magna
1220 1433 1543 1489 securitate
1568 1435 1832 1491 victorize

169 1508 533 1568 Herennium
572 1517 792 1584 patrem
827 1532 994 1573 suum
1026 1520 1342 1590 consuluit,
1373 1525 1564 1578 utrum
1598 1522 1829 1580 clausos

169 1598 483 1655 occideret
517 1617 586 1657 an
616 1610 886 1674 parceret
916 1607 1102 1663 victis.
1141 1610 1210 1664 Ut
1246 1610 1411 1666 vivos
1447 1614 1637 1666 tamen
1659 1611 1835 1667 dede-

170 1686 320 1756 cori,
346 1696 640 1760 servaret,
672 1692 869 1762 elegit.
898 1696 1239 1751 Universum
1258 1697 1472 1769 quippe
1505 1700 1824 1755 Romanum

170 1776 506 1832 exercitum
544 1780 801 1850 turpiter
824 1784 1278 1853 captum,armis
1341 1787 1831 1858 vestimentisque

173 1863 805 1935 nudatum,vilioribus
828 1872 1198 1929 vestimentis
1220 1877 1446 1930 tantum
1469 1877 1542 1930 ob
1559 1890 1817 1932 verecun
1869 1894 1922 1953 Β

172 1951 328 2009 diam
360 1969 673 2025 corporum
692 1959 1000 2026 tegendam
1035 1963 1353 2027 concessis,
1422 1963 1649 2033 longum
1676 1965 1832 2020 ordi-

174 2055 304 2097 nem
329 2042 600 2101 victorize
615 2060 788 2114 agere
803 2050 1088 2119 preeepit,
1108 2052 1515 2122 sexcentisque
1548 2054 1817 2110 Romanis

174 2130 486 2200 equitibus
523 2133 575 2187 in
611 2135 941 2191 obsidatnm
960 2138 1237 2208 acceptis,
1274 2140 1547 2196 consules
1592 2142 1835 2211 ignomi-

175 2218 267 2273 nia
304 2226 590 2277 oncratos
617 2223 981 2293 remisit,sub
1008 2226 1108 2281 tali
1140 2228 1478 2284 conditione
1520 2230 1701 2300 pacis,
1731 2246 1841 2299 qua

178 2307 252 2364 lis
288 2311 658 2367 Samnitibus
694 2311 1068 2383 placuit.Sed
1102 2316 1147 2369 si
1185 2315 1355 2371 ﬁdem
1400 2318 1840 2375 foederisRoma

176 2396 231 2452 ni
257 2405 627 2468 servassent,
666 2405 762 2455 aut
800 2401 970 2457 hodie
1003 2417 1111 2457 non
1146 2408 1370 2474 essent,
1434 2411 1531 2461 aut
1573 2407 1841 2462 Samniti-

180 2486 286 2541 bus
305 2488 1094 2557 snbjacuissent.Posteriori
1129 2492 1837 2563 siqnidemannojubente

84 2612 93 2619 ρ
189 2579 400 2631 senatu
428 2575 598 2631 ﬁdem
625 2576 879 2644 solvunt,
904 2594 1123 2649 eosque
1142 2581 1626 2651 Papirioconsule
1650 2584 1700 2638 in
1724 2583 1841 2638 bel-

184 2660 302 2718 lum
327 2670 580 2735 cogunt,
616 2680 723 2721 nec
754 2670 887 2722 ante
916 2668 1043 2722 cedi
1103 2668 1192 2724 vel
1245 2670 1455 2726 cedere
1514 2672 1835 2743 desierunt,

182 2767 356 2823 quam
396 2752 582 2810 victis
611 2755 965 2811 Samnitibus
994 2762 1284 2827 captoque
1308 2761 1455 2815 duce
1476 2776 1673 2815 eorum
1704 2776 1832 2817 cum

189 2845 415 2912 septem
436 2842 909 2912 milibus,jugum
930 2845 1015 2900 eis
1029 2853 1439 2916 reposuerunt.
1478 2850 1555 2903 Eo
1575 2854 1839 2921 tempore

181 2927 404 2999 Appius
436 2928 721 2985 Claudius
747 2945 953 2986 censor
984 2945 1189 3001 aquam
1225 2932 1520 2989 Claudiam
1571 2936 1699 2990 urbi
1758 2936 1841 2991 in-

184 3014 432 3071 duxitct
457 3016 611 3071 viam
632 3018 875 3089 Appiam
893 3020 1119 3075 stravit.
1141 3022 1276 3075 Post
1303 3022 1424 3077 haec
1449 3022 1738 3079 Samnites
1754 3039 1841 3079 re-

185 3107 388 3175 parato
420 3105 578 3161 bello
613 3106 888 3173 Quintum
916 3107 1154 3164 Fabium
1197 3110 1497 3166 Maximum
1553 3111 1839 3183 vicerunt,

182 3193 379 3250 tribus
416 3193 652 3251 milibus
685 3195 977 3253 hominum
1008 3198 1471 3255 occisis.Postea
1505 3216 1632 3256 cum
1676 3207 1841 3271 pater
1874 3249 1917 3273 ,η

183 3281 307 3351 ejus
342 3282 557 3339 Fabius
592 3283 871 3339 Maximus
898 3284 1128 3354 legatus
1161 3287 1334 3342 datus
1362 3288 1590 3356 fuisset,
1615 3293 1671 3343 et
1689 3291 1841 3345 Sam-
1874 3281 1922 3307 υ

182 3370 333 3427 nites
361 3371 529 3441 vicit,
552 3375 611 3426 et
650 3370 1173 3443 plurimaipsorum
1194 3376 1593 3447 oppidacepit.
1614 3378 1839 3434 Deinde

181 3459 422 3515 Publius
457 3460 766 3516 Cornelius
798 3461 1108 3517 Ruﬁnusct
1129 3464 1355 3519 Marcus
1376 3465 1585 3521 Curius
1628 3468 1838 3521 Denta-

180 3549 273 3603 tus
300 3548 495 3614 ambo,
529 3550 824 3618 consules,
860 3555 1064 3605 contra
1092 3551 1404 3608 Ramentas
1428 3552 1497 3585 ²²⁴
1544 3554 1738 3624 missi,
1782 3570 1842 3610 n-

178 3636 446 3703 gentibus
480 3636 700 3707 prmliis
717 3652 818 3693 eos
853 3640 1183 3709 coniecere,
1216 3641 1294 3696 ita
1330 3642 1531 3697 ruinas
1565 3642 1725 3713 ipsas
1752 3657 1842 3698 ur'

181 3721 331 3779 bium
356 3725 680 3795 diruentes,
708 3730 767 3782 ut
805 3727 979 3783 hodie
1011 3729 1299 3785 Samnium
1334 3730 1387 3785 in
1422 3732 1551 3801 ipso
1602 3732 1839 3787 Samnio

180 3814 513 3883 requiratur
538 3830 639 3870 nec
673 3816 841 3871 facile
867 3817 1213 3874 inveniatur.
1238 3820 1390 3875 Tunc
1439 3820 1652 3877 bellum
1684 3837 1841 3877 cum-

190 3900 550 3959 Samnitibns
585 3919 685 3975 per
719 3906 784 3958 40
815 3920 999 3961 annos
1030 3910 1221 3962 actum
1258 3908 1555 3965 subiatum
1600 3915 1712 3979 est,
1739 3925 1841 3964 ne-

188 4001 295 4059 que
322 3990 481 4047 ullus
531 3992 724 4048 hostis
758 3993 864 4048 fuit
891 3993 1039 4049 intra
1083 3995 1326 4065 italiam,
1372 3998 1467 4068 qui
1520 4000 1832 4054 Romanam

182 4076 457 4136 virtutem
491 4082 673 4151 magis
703 4082 1056 4152 fatigaverit.

252 4164 432 4233 (Hum.
463 4170 533 4226 in
554 4172 709 4227 Dan.
751 4187 801 4226 c.
840 4172 920 4241 x.)
947 4174 1081 4227 Post
1140 4172 1539 4230 Alexandrum
1599 4175 1835 4231 Ptholo-

191 4267 367 4326 meus,
405 4257 539 4327 Lagi
559 4258 728 4329 ﬁlius,
748 4260 1008 4329 regnavit
1035 4260 1399 4318 Alexandriae
1433 4262 1837 4333 primusannis

198 4343 279 4411 40,
306 4356 336 4398 a
368 4347 797 4403 restauratione
822 4349 1020 4420 templi
1053 4364 1201 4405 anno
1238 4354 1355 4405 198.
1409 4353 1523 4407 Iste
1574 4353 1681 4409 fuit
1741 4354 1835 4409 vir

205 4431 711 4506 prudentissimus,
738 4436 1061 4494 ditissimus
1094 4453 1322 4508 quoque
1342 4454 1408 4494 ac
1458 4440 1833 4512 fortissimus,

200 4520 487 4591 tantaque
517 4524 817 4593 potentize,
836 4528 897 4580 ut
915 4526 1196 4596 Pyrrhum
1221 4540 1417 4594 regem
1443 4528 1692 4598 Epyrota
1709 4544 1832 4585 rum

1958 637 2095 686 Alex.
2161 641 2345 689 Maced.
2378 644 2524 691 Asina.

2104 724 2150 774 1.
2306 726 2354 776 1.
2715 721 3037 792 Philippus,
3082 721 3178 792 qui
3227 725 3285 777 et
3329 720 3597 792 Arideus,

1964 808 2143 865 frater
2204 809 2533 879 Alexandri,
2572 810 2833 879 regnavit
2865 810 3213 867 Macedoniae
3265 811 3431 866 annis
3458 813 3511 881 7,
3569 825 3600 867 a

1962 898 2395 954 restauratione
2427 898 2628 970 templi
2662 914 2810 955 anno
2862 898 3183 955 centesimo
3225 899 3601 968 nonagesimo

1964 989 2190 1043 octavo.

2104 1080 2138 1131 7
2281 1080 2315 1131 7
2567 1082 2587 1132 1
2670 1078 2815 1132 llinc
2847 1077 3246 1146 Asiaeregnum
3276 1075 3499 1147 incipit,
3536 1077 3592 1133 in

1964 1178 2079 1234 quo
2105 1165 2322 1236 primus
2355 1170 2481 1238 post
2545 1164 2936 1221 Alexandrum
2971 1164 3236 1234 regnavit
3275 1164 3601 1234 Antigonus

1962 1254 2130 1309 annis
2154 1257 2236 1309 18.

2102 1346 2134 1398 8
2282 1347 2303 1397 1

1962 1430 2069 1486 nia;
2102 1430 2268 1487 annis
2296 1435 2381 1487 19.

2596 1348 2631 1399 2
2706 1342 3029 1399 Cassander
3060 1341 3598 1413 regnavitMacedo-

2699 1522 2845 1580 Syria?

2660 1597 2873 1654 regnum

2680 1650 2865 1705 incipit.

2028 1727 2092 1778 13
2271 1726 2304 1778 6
2553 1727 2586 1777 7
2840 1730 2862 1779 1
3086 1725 3342 1793 Regnum
3416 1722 3594 1793 Syria

1954 1811 2361 1881 etBahylonize
2392 1810 2462 1843 ²²⁶
2484 1817 2543 1868 et
2582 1812 2949 1883 superiorum
3007 1812 3264 1868 locorum
3307 1812 3590 1882 nascitur,

1954 1900 2049 1955 ubi
2070 1900 2289 1970 primus
2319 1900 2856 1970 postAlcxandrum
2888 1902 3151 1969 regnavit
3194 1900 3468 1957 Seleucus
3500 1900 3592 1956 Ni-

1951 1990 2308 2044 canorannis
2326 1990 2565 2057 triginta
2584 1990 2959 2057 duobus.llic,
2984 1995 3156 2060 capto
3175 1989 3462 2045 Demetrio
3485 1991 3593 2044 An-

1955 2077 2134 2147 tigoni
2153 2078 2290 2146 ﬁlio,
2326 2093 2565 2147 regnum
2588 2078 2735 2134 Asize
2758 2077 3147 2148 destruxit,et
3163 2090 3231 2133 ex
3247 2077 3497 2148 duobus,
3533 2075 3591 2133 id

1951 2170 2040 2220 est
2065 2166 2209 2222 Asiae
2233 2171 2292 2221 et
2323 2167 2521 2235 Syria),
2548 2181 2721 2222 unum
2752 2166 2884 2221 fecit
2922 2165 3244 2237 imperium.
3309 2166 3467 2222 Unde
3525 2169 3585 2221 et

1951 2254 2107 2310 ﬁlius
2138 2254 2263 2323 ejus
2296 2254 2741 2324 Antiochus,qui
2773 2258 2828 2309 et
2864 2255 3091 2324 Sother,
3145 2258 3272 2325 post
3331 2268 3461 2309 eum
3504 2268 3594 2309 re-

1949 2334 2144 2402 gnavit
2180 2334 2234 2389 in
2270 2334 2430 2404 Syria
2464 2338 2523 2389 et
2555 2335 2709 2402 Asia,
2746 2338 2875 2404 post
2920 2348 3086 2404 quem
3130 2333 3396 2404 regnavit
3452 2333 3591 2388 item

1953 2422 2290 2489 Antiochus,
2329 2422 2423 2492 qui
2463 2423 2768 2478 dicebatur
2789 2422 2990 2479 Theos.
3026 2424 3138 2479 llas
3186 2426 3379 2478 autem
3412 2422 3592 2477 urbes

1950 2510 2211 2565 condidit
2245 2510 2522 2566 Seleucus
2556 2530 2566 2564 :
2595 2510 2978 2579 Antiochiam,
3014 2511 3362 2580 Laodiciam,
3397 2509 3595 2565 Seleu-

1951 2582 2119 2650 ciam,
2148 2582 2467 2652 Apamiam,
2504 2582 3089 2651 Edissam,Beroeam,
3143 2581 3379 2637 Pellam.
3445 2580 3595 2647 Qua-

1952 2684 2077 2725 rum
2104 2669 2465 2724 Antiochiam
2499 2672 2757 2726 120anno
2783 2669 2941 2738 regni
2970 2669 3054 2726 sui
3088 2668 3346 2725 condidit
3378 2672 3433 2723 et
3470 2681 3585 2722 me-

1952 2756 2227 2826 tropolim
2262 2757 2509 2828 publicae
2526 2756 3165 2813 rcisuzeconstituit.—
3191 2758 3272 2811 Ex
3327 2756 3435 2811 hoc
3452 2758 3592 2811 tem-

1954 2860 2112 2915 porc,
2144 2845 2198 2900 id
2231 2850 2322 2900 est
2353 2846 2616 2901 abinicio
2650 2846 2811 2915 regni
2835 2844 3084 2915 Seleuci,
3118 2846 3476 2914 subputatur
3521 2840 3591 2874 ²¹⁷

1954 2935 2265 2990 Grecorum
2315 2948 2577 3005 regnum,
2625 2939 2793 3004 juxta
2843 2935 3123 2990 llebream
3167 2931 3236 2965 ²¹⁸
3288 2930 3588 2987 historiam

1956 3023 2415 3078 Machabeornm.

2023 3116 2091 3166 25
2237 3114 2304 3165 18
2404 3136 2409 3139 -
2555 3116 2577 3166 1
2768 3115 2833 3166 13
3042 3107 3389 3179 Demetrius,
3429 3106 3583 3165 ﬁlius

1956 3199 2252 3270 Antigoni,
2274 3199 2536 3269 regnavit
2560 3199 2614 3255 in
2648 3200 2778 3256 Asia
2816 3204 2878 3255 17
2910 3198 3093 3256 annis.

2023 3291 2094 3342 27
2276 3292 2295 3342 1
2558 3292 2589 3343 3
2771 3293 2837 3343 15
3129 3285 3453 3355 Antigonus
3531 3287 3593 3339 et

1955 3376 2284 3433 Alexander
2317 3376 2418 3431 ﬁlii
2443 3376 2752 3433 Cassandri
2780 3376 2866 3447 ³³³,
2893 3380 3282 3446 regnaverunt
3323 3373 3380 3429 in
3404 3373 3586 3429 Mace-

1958 3466 2129 3522 donia
2155 3466 2320 3522 annis
2348 3468 2397 3520 4.

2023 3558 2081 3610 31
2272 3557 2293 3609 1
2553 3557 2586 3607 7
2801 3558 2868 3610 19

1951 3644 2153 3714 gnavit
2187 3644 2240 3699 in
2268 3643 2599 3699 Macedonia
2633 3643 2799 3698 annis
2831 3658 2931 3699 sex
2953 3641 3040 3696 ”°.

2024 3735 2092 3787 37
2276 3737 2296 3786 1
2523 3735 2589 3786 13
2776 3734 2844 3785 25
3060 3730 3277 3799 Pyrrus
3291 3741 3393 3783 rex
3418 3726 3589 3799 Epyri

1959 3824 2241 3892 corrupto
2268 3821 2532 3876 exercitu
2565 3818 2838 3874 Demetrii
2873 3818 3115 3889 ipsoque
3142 3818 3364 3886 fugato,
3388 3829 3591 3885 regna-

1954 3910 2036 3965 vit
2068 3908 2478 3965 Macedonibus
2508 3922 2737 3964 menscs
2769 3910 2821 3977 7,
2842 3911 2968 3978 post
3011 3920 3182 3977 quem
3215 3904 3592 3976 Lysimachus

1955 3999 2122 4053 annis
2149 3996 2218 4030 ’3‘
2246 4012 2370 4053 sex.

2022 4090 2090 4143 40
2268 4088 2586 4141 4’16
2802 4086 2871 4139 28

2022 4173 2450 4244 (H.m.)Anno
2482 4172 2554 4226 ab
2622 4173 2775 4227 Urbe
2833 4171 3067 4227 condita
3125 4172 3278 4239 464°,
3339 4169 3436 4240 qui
3498 4174 3591 4226 est

1949 4260 2266 4319 Ptholomei
2298 4264 2443 4329 325W,
2470 4259 2781 4323 Tarentini,
2817 4259 2914 4329 qui
2935 4259 2988 4313 in
3014 4257 3395 4314 ultimaltalia
3422 4263 3582 4327 sunt,

1950 4355 2261 4407 Romanam
2280 4349 2526 4405 classem
2550 4349 2699 4403 forte
2723 4350 3155 4417 pretereuntem
3190 4345 3491 4402 hostiliter
3511 4346 3598 4402 in-

1948 4442 2246 4506 vaserunt,
2282 4438 2576 4506 profectos
2622 4434 2850 4489 navium
2896 4434 3239 4490 occiderunt
3272 4448 3591 4505 omnesque

1950 4527 2125 4586 utiles
2145 4525 2296 4581 bello
2320 4524 2576 4595 reliquos
2592 4520 2980 4579 vendiderunt
3007 4522 3205 4592 precio
3222 4538 3235 4587 ;
3254 4522 3590 4591 undegran-

3083 3552 3412 3608 Demetrius
3499 3566 3589 3607 re-

198 4618 367 4675 regno
396 4609 703 4681 depulsum
738 4612 1097 4682 restitueret,
1133 4614 1499 4685 Cyprumque
1522 4630 1586 4671 ac
1628 4617 1833 4672 Phcni-
1870 4602 1917 4660 θ
1950 4618 2022 4673 de
2040 4616 2253 4672 bellum
2275 4616 2539 4670 intereos
2556 4614 2872 4668 ortumest.
2898 4610 3426 4682 (Jonn.)Tarentum
3442 4622 3587 4665 vero

202 4706 318 4750 cem
350 4697 680 4769 multasque
712 4701 886 4756 urbes
909 4701 1210 4758 etinsulas
1231 4716 1298 4759 ac
1328 4703 1805 4773 regionesobtine

204 4786 309 4852 ret,
339 4789 396 4840 et
427 4787 584 4843 victo
606 4789 915 4858 Demetrio,
954 4789 1074 4845 ﬁlio
1110 4792 1401 4861 Antigoni,
1448 4792 1688 4849 Seleuco
1715 4810 1839 4863 par-

199 4872 304 4925 tem
324 4875 484 4944 regni
507 4877 619 4946 sui,
655 4892 783 4947 quae
806 4879 878 4933 ab
910 4880 1195 4949 Antigono
1228 4881 1416 4936 fuerat
1478 4882 1691 4952 ablata,
1753 4898 1840 4939 re-

1952 4722 1980 4763 a
2042 4701 2817 4770 Lacedemoniisconditum,
2873 4698 3153 4756 Calabriae
3211 4696 3500 4769 quondam
3531 4701 3593 4754 et

1955 4793 2177 4866 Apulia:
2211 4792 2509 4861 totiusque
2541 4787 2803 4844 Lucaniae
2826 4791 3000 4859 caput
3032 4790 3178 4856 erat,
3197 4785 3442 4857 divitiis,
3476 4799 3593 4842 ma-

1954 4876 2951 4953 gnitudine,muris,portuipsoque
2984 4876 3101 4932 situ
3137 4873 3420 4931 mirabile.
3486 4874 3589 4946 (H.

193 4957 706 5037 stitueret.(lln-:a.)
737 4967 858 5036 Hic,
892 4967 1271 5024 llierosolima
1305 4974 1364 5024 et
1416 4970 1633 5027 Iudaeis
1702 4971 1836 5028 dolo
1946 4971 2052 5041 σοι.)
2082 4970 2376 5024 Romanus
2410 4967 2610 5036 itaque
2629 4966 3067 5021 cxercituscum
3085 4962 3306 5019 Emilio
3338 4961 3592 5019 consule

192 5046 467 5129 subactis,
496 5052 799 5109 multosex
824 5054 910 5111 eis
933 5055 1156 5112 iterum
1177 5056 1232 5111 in
1256 5058 1559 5129 (Egyptum
1579 5062 1637 5114 tr
1667 5064 1841 5116 anstu

191 5126 281 5201 lit,
316 5142 665 5205 quostamen
690 5145 892 5212 postea
914 5143 1164 5213 benigne
1195 5126 1687 5215 tractavit.Hujus
1706 5151 1816 5203 tem

185 5230 316 5304 pore
330 5224 597 5299 princeps
611 5229 925 5286 sacerdotu
945 5245 995 5287 m
1037 5231 1433 5289 Hierosolimis
1457 5219 1837 5304 0nias,Jaddi

207 5303 368 5366 ﬁlius
400 5313 506 5369 fuit
549 5330 695 5386 ;quo
730 5321 981 5388 mortuo,
1021 5319 1176 5377 ﬁlius
1205 5319 1331 5389 ejus
1368 5321 1605 5391 Symeon
1629 5303 1839 5394 eogno-

1951 5060 2182 5114 irruens
2216 5057 2269 5111 in
2297 5055 2603 5111 universos
2641 5053 3084 5109 Tarentinorum
3110 5052 3276 5121 ﬁnes,
3316 5051 3448 5121 igne
3483 5051 3592 5107 fer-

1953 5160 2133 5218 roque
2163 5148 2354 5200 vastat
2385 5141 2454 5175 ’³³
2490 5142 2701 5211 omnia,
2736 5141 2983 5213 plurima
3004 5138 3591 5211 expugnat’”opida,

1952 5234 2220 5306 iniuriam
2245 5230 2880 5301 insolenteracceptam
2896 5228 3217 5286 crudeliter
3234 5227 3489 5285 vindicat
3501 5225 3591 5290 ³³³,

1955 5320 2254 5380 Tarentini
2278 5334 2417 5376 vero
2438 5334 2566 5375 cum
2587 5318 2856 5390 plurimis
2890 5317 3267 5374 ﬁnitimorum
3319 5316 3596 5389 presidiis

1532 5482 1772 5540 VARIE
1814 5483 2215 5542 LECTIONES.

250 5560 469 5652 ξ’ξιιεαᾳ
498 5572 786 5652 Samnitas
815 5585 890 5630 ea:
914 5574 1358 5652 H._m.jf‘_Hic
1376 5578 1515 5652 jam
1548 5583 1614 5652 12
1647 5580 1764 5652 (rel
1792 5585 1859 5637 13
1888 5582 1935 5652 7)
1959 5577 2385 5652 quaterniones
2414 5575 2483 5652 in
2510 5572 2819 5652 Lugent?“
2849 5572 3099 5652 babylon
3159 5576 3210 5629 ti.
3266 5572 3335 5609 ²²⁷
3383 5587 3595 5652 suppu.

184 5631 965 5735 tebairiégtheheezve
998 5646 1182 5735 rc”
1212 5631 1326 5705 ff?!-

278 5717 607 5784 expugnant
637 5746 707 5755 —
738 5714 1034 5774 vindicant
1066 5723 1115 5774 δ.

1432 5650 1580 5709 sunt
1600 5645 1663 5708 9ό
1697 5645 1930 5710 ²³⁰Ηωό
1959 5645 2178 5709 desunt
2199 5656 2285 5706 9°.
2322 5647 2390 5683 ²³ι
2413 5645 2581 5705 deest
2608 5648 2685 5703 θοι
2718 5645 2787 5679 ³³³
2834 5649 3071 5702 vastant
3125 5658 3279 5705 corr.
3337 5645 3533 5702 vastat
3558 5651 3590 5703 δ
