3932 6412
359 384 475 452 60⁸7

1528 397 2014 467 EKKEHARDI
2054 388 2584 467 URAUGENSIS

3658 391 3779 459 608

362 520 732 597 fulcirentur,
759 525 933 583 etiam
966 529 1183 601 Pyrrus
1205 547 1306 589 rex
1345 535 1755 610 Epyrotarum,
1798 538 1895 610 qui
1927 555 2001 596 ex
2030 539 2086 599 A
2118 537 2427 610 occupavit
2461 541 2712 594 teneret.
2751 533 2859 593 Sed
2889 547 3003 607 pax
3027 545 3196 605 quam
3219 530 3498 590 offerebat
3542 528 3638 588 eis
3660 528 3777 586 disc

364 627 578 683 genere
613 615 855 670 Achillis
904 617 1184 686 originem
1220 621 1406 691 duxit,
1469 626 1633 694 quasi
1695 632 2000 697 cognatam

364 702 583 758 Grecize
638 703 937 761 civitatem
977 707 1397 781 vindicaturus,
1428 718 1580 770 totas
1611 715 1765 771 vires
1805 717 1999 788 Epyri,

361 790 668 848 Thessaliae
698 806 763 848 ac
806 793 1175 867 Macedonize,
1206 799 1554 871 elephantos
1581 805 1777 873 etiam,
1818 820 2004 875 usque

363 877 504 935 adid
522 883 1035 952 tempusRomanis
1057 884 1295 959 invisos,
1326 904 1567 947 numero
1598 892 1739 947 20in
1778 893 2003 948 Italiam

361 965 727 1036 advexit.Qui
746 972 879 1028 dum
897 972 1154 1045 Delphici
1173 978 1459 1048 Apollinis
1473 980 1870 1039 consuluisset
1885 996 2009 1037 ora-

360 1055 573 1128 culum,
609 1060 1122 1131 ambiguumdedit
1153 1081 1500 1139 responsum
1522 1070 1626 1137 (Cf.
1674 1073 1787 1128 CIC.
1810 1072 1898 1129 De
1918 1072 2007 1129 di-

362 1147 486 1215 vin,
512 1161 573 1217 η,
610 1152 676 1204 56
697 1152 716 1222 )

537 1238 649 1293 Aio
670 1239 724 1295 te
742 1240 1003 1300 Eacida
1042 1246 1337 1304 Romanos
1363 1250 1595 1306 vincere
1634 1264 1820 1321 posse.

430 1322 532 1392 (Η.
564 1327 669 1397 m.)
704 1330 849 1387 l‘unc
881 1332 1126 1402 primum
1169 1338 1405 1393 Romani
1447 1353 1577 1394 cum
1614 1339 2005 1396 transmarino

367 1408 540 1467 hoste
572 1414 1012 1477 dimicaverunt.
1049 1423 1256 1481 Missus
1272 1432 1363 1481 est
1391 1432 1597 1484 contra
1621 1443 1751 1484 eum
1794 1427 2003 1484 consul

362 1498 607 1588 Publius
637 1504 903 1563 Valerius
943 1511 1210 1568 Levinus.
1254 1515 1361 1580 Qui
1419 1531 1549 1572 cum
1593 1517 2001 1588 exploratores

362 1586 526 1657 Pyrri
550 1593 827 1665 cepisset,
846 1598 1133 1668 cosjussit
1152 1617 1252 1672 per
1274 1609 1466 1661 castra
1501 1605 1629 1662 duci
1656 1586 2000 1677 omnemque

362 1679 685 1736 exercitum
720 1687 947 1743 ostendi
982 1689 1185 1760 sicque
1210 1692 1444 1763 dimitti,
1470 1699 1533 1751 ut
1594 1697 2003 1753 renunciarent

361 1764 542 1836 Pyrro
565 1782 692 1838 quae
725 1772 998 1831 viderint.
1028 1780 1341 1836 Commissa
1376 1782 1571 1853 itaque
1606 1800 1813 1855 pugna,
1867 1801 2002 1842 con-

362 1858 594 1960 sumpta
626 1863 716 1913 est
771 1861 897 1918 dies
953 1866 1301 1933 gravissimo
1346 1873 1685 1941 certamine,
1733 1875 2002 1930 omnibus
2037 1901 2084 1960 Β

361 1942 656 2014 utrimque
689 1950 832 2005 mori
869 1954 1110 2024 paratis,
1146 1957 1343 2026 fugere
1374 1961 1603 2016 nesciis.
1632 1961 2003 2018 lntroductos

359 2031 553 2087 autem
604 2034 758 2091 inter
798 2043 1096 2099 currentia
1147 2046 1373 2114 agmina
1425 2049 1771 2120 elephantos
1820 2051 2001 2105 forma

364 2121 584 2209 truces,
612 2125 794 2182 odore
824 2144 1057 2201 graves,
1085 2134 1233 2190 mole
1265 2137 1588 2209 terribiles,
1620 2143 1680 2195 ut
1732 2140 2005 2197 viderunt

361 2208 619 2307 Romani,
641 2229 799 2307 _novo
832 2223 1127 2289 pugnandi
1159 2239 1373 2291 genere
1404 2208 1785 2284 circumventi
1810 2235 1867 2284 et
1893 2235 2007 2286 ter-

363 2298 482 2369 riti,
501 2303 866 2376 maximeque
894 2311 1291 2378 pavitantihus
1307 2316 1493 2386 equis,
1513 2318 1887 2387 diffugerunt.
1911 2319 2007 2374 Mi-

363 2388 559 2445 uutius
591 2406 752 2465 vero,
786 2399 1054 2455 centurio
1071 2407 1294 2470 quartae
1319 2404 1583 2473 legionis,
1607 2408 2004 2477 protentamin

361 2491 424 2532 se
450 2479 633 2536 belua}
660 2484 833 2540 unius
868 2490 1293 2557 promoscidain
1316 2493 1512 2558 gladio
1553 2495 1837 2552 desecuit.
1884 2496 2005 2562 Qua

364 2565 621 2654 vulneris
655 2572 855 2654 dolore
872 2576 1103 2632 turbata
1134 2582 1401 2654 etaverti
1434 2584 2007 2654 compulsa,ejusim-

360 2640 660 2697 moderato
693 2644 959 2702 discursu
983 2651 1325 2718 persmiceri
1357 2640 1684 2723 cmperunt.
1717 2640 1874 2712 Finis
1903 2673 2007 2728 pu-

359 2742 486 2796 gna:
519 2730 695 2786 etiam
717 2733 789 2789 de
812 2736 999 2792 noctis
1034 2739 1314 2795 beneficio
1356 2742 1664 2813 impositus
1695 2751 1785 2801 est
1815 2746 2007 2811 ;i.evi-

361 2831 468 2873 nus
493 2822 683 2876 tamen
708 2838 813 2893 per
838 2829 1067 2880 noctein
1104 2828 1279 2897 fugit;
1302 2831 1590 2887 Romanos
1605 2833 1790 2889 victos
1826 2835 2005 2892 fuisse

371 2907 565 2977 turpis
598 2909 727 2979 fuga
763 2912 1042 2985 prodidit,
1066 2930 1137 2970 ex
1170 2918 1381 2986 quibus
1409 2923 1550 2975 tunc
1580 2922 1862 2978 cecidisse
1919 2939 2006 2980 re-

365 2996 635 3087 feruntur
669 3003 735 3055 14
766 3001 920 3057 milia
955 3004 1215 3075 peditum
1248 3012 1304 3063 et
1329 3010 1649 3080 octingenti
1682 3014 2000 3087 octoginta,

363 3085 517 3154 capti
552 3086 876 3157 octingenti
907 3094 995 3162 20,
1022 3095 1253 3163 equites
1286 3099 1476 3153 autem
1497 3100 1617 3155 cesi
1654 3101 1887 3157 ducenti
1913 3085 2000 3173 46,

362 3173 517 3244 capti
552 3176 992 3247 septingenti”
1009 3186 1092 3253 ~12,
1121 3183 1279 3254 signa
1300 3190 1369 3242 22
1400 3188 1631 3245 amissa.
1658 3191 1877 3258 Pyrrus
1907 3208 2005 3249 au-

360 3265 477 3317 tem
512 3264 802 3324 Romanos
843 3285 988 3339 quos
1018 3273 1172 3343 cepit
1204 3290 1430 3332 summo
1474 3255 1999 3338 honore-tractavit
2035 3255 2082 3316 Ο

356 3353 582 3410 occisos
613 3358 903 3429 sepelivit.
930 3362 1085 3427 Quos
1132 3379 1260 3419 cum
1280 3364 1349 3397 ’³⁵
1380 3365 1630 3423 adverso
1653 3369 1893 3426 vulnere
1943 3374 2001 3427 et

358 3443 507 3499 truci
540 3444 704 3502 vultu
738 3449 911 3503 etiam
947 3453 1423 3523 mortuosjacere
1457 3456 2004 3527 vidisset,tulitma-

356 3546 464 3587 nus
494 3532 565 3587 ad
604 3534 831 3606 caelum,
864 3538 1082 3609 dicens,
1118 3542 1554 3600 sctotiusorbis
1588 3546 1881 3603 dominum
1914 3562 2003 3604 es-

356 3634 417 3675 se
457 3624 744 3694 potuissc,
777 3626 825 3681 si
866 3628 1243 3687 talesmilites
1272 3632 1997 3702 sibicontigissethabere.

358 3708 533 3778 Cujus
567 3712 829 3772 victoriae
872 3718 1109 3774 titulum
1161 3722 1379 3791 Pyrrus
1401 3720 1869 3795 aﬂlgenstemplo
1902 3727 2002 3782 Ta-

357 3798 569 3854 rentini
600 3802 778 3874 Jovis,
801 3804 878 3859 ita
912 3807 1152 3877 scripsit
1184 3808 1237 3861 in
1270 3823 1341 3864 eo
1377 3827 1389 3863 :

359 3888 472 3953 Qui
484 3890 699 3947 invicti
720 3894 859 3948 ante
872 3893 1059 3964 fuere
1087 3896 1212 3954 viri
1232 3896 1318 3966 ’3‘,
1327 3913 1409 3968 pa
1418 3899 1507 3955 ter
1519 3899 1993 3974 aptimeOIg/mpi,

426 3978 551 4034 Hos
581 3981 807 4049 eyomet
819 3996 1035 4053 pugna
1064 3984 1343 4055 cici,sum
1374 3989 1566 4045 rictus
1596 3989 1669 4045 ab
1692 3990 1921 4048 liisrlem

356 4064 535 4129 Quem
559 4082 690 4123 cum
725 4070 814 4125 sui
841 4071 1233 4145 increparent,
1261 4090 1367 4131 cur
1391 4092 1452 4132 se
1496 4077 1714 4134 victum
1772 4080 1996 4138 diceret

355 4154 452 4222 qui
486 4153 1151 4231 vinceret,respondisse
1184 4163 1404 4220 fertur:
1446 4167 1522 4223 Si
1555 4168 1772 4225 iterum
1800 4169 2000 4227 eodem

352 4242 419 4280 ³³⁷
446 4246 613 4302 modo
640 4246 855 4319 cicero,
880 4252 1143 4308 sineallo
1162 4254 1356 4311 milite
1383 4257 1657 4315 revertar
1693 4260 1984 4330 Epyrum.

357 4333 609 4404 Cumque
643 4336 819 4406 legati
853 4340 1311 4400 mitterenturad
1345 4360 1474 4400 eum
1501 4362 1605 4417 pro
1639 4348 1994 4406 redimendis

359 4423 626 4494 captivis,
656 4426 835 4495 jussit
868 4428 1152 4498 Lyconum
1184 4438 1243 4487 et
1276 4433 1589 4491 Molossum
1631 4437 1719 4491 eis
1768 4437 1996 4493 obviam

352 4510 457 4581 ire,
499 4513 625 4583 ipse
657 4528 796 4571 vero
826 4532 954 4574 cum
986 4520 1287 4589 equitibus
1312 4524 1639 4592 procedens
1673 4524 1740 4579 ad
1770 4530 1995 4597 portam

2118 628 2323 699 plicuit
2358 644 2372 692 ;
2404 626 2920 695 remandatumque
2950 629 3042 681 est
3070 624 3122 679 ei
3155 626 3429 693 asenatu,
3448 621 3621 678 illum
3643 633 3772 676 cum

2117 715 2388 771 Romanis
2420 729 2618 786 pacem
2676 714 2889 770 habere
2935 728 3049 769 non
3082 727 3277 783 posse,
3304 712 3414 767 nisi
3448 710 3521 766 ab
3593 708 3766 764 Italia

2118 806 2484 862 recessisset.
2514 806 2819 860 Jusserant
2846 806 3039 857 autem
3062 816 3263 858 omnes
3309 798 3586 870 captivos
3619 810 3768 868 quos

2119 898 2335 965 Pyrrus
2366 893 2701 949 reddiderat
2736 892 2979 947 infames
3010 890 3319 961 haberi,eo
3338 885 3492 959 quod
3514 887 3654 957 capi
3674 901 3767 957 po-

2118 983 2366 1039 tuissent
2402 982 2630 1049 armati,
2660 996 2761 1037 nec
2793 988 2927 1035 ante
2962 994 3061 1035 eos
3085 979 3156 1034 ad
3196 978 3504 1049 pristinum
3538 979 3764 1031 statum

2119 1072 2356 1142 reverti,
2392 1087 2560 1143 quam
2593 1071 2661 1103 ²⁴¹
2694 1070 2806 1126 sibi
2835 1075 3107 1126 notorum
3143 1068 3397 1123 hostium
3427 1064 3763 1122 occisorum

2118 1161 2307 1231 sporia
2338 1160 2701 1216 retulissent.
2737 1161 2818 1215 lta
2854 1158 3083 1227 legatus
3104 1156 3264 1226 Pyrri
3287 1168 3568 1211 reversus
3592 1155 3767 1209 est.A

2120 1265 2233 1320 quo
2262 1265 2391 1305 cum
2424 1253 2697 1319 quereret
2730 1250 2965 1318 Pyrrus,
2994 1244 3222 1317 qualem
3253 1245 3487 1300 Romam
3538 1254 3770 1311 compe-

2120 1339 2318 1405 risset,
2354 1338 2561 1393 Cineas
2592 1336 2760 1405 dixit,
2788 1350 2987 1405 regum
3004 1350 3066 1390 se
3083 1333 3327 1405 patriam
3344 1332 3591 1401 vidisse,
3618 1327 3769 1386 scili-

2117 1432 2211 1483 cet
2246 1427 2394 1482 tales
2420 1426 2540 1481 illic
2567 1426 2687 1481 fere
2719 1439 2922 1481 omnes
2954 1438 3106 1493 esse,
3143 1422 3331 1493 qualis
3362 1436 3511 1477 unus
3545 1422 3767 1489 Pyrrus

2117 1517 2269 1587 apud
2295 1518 2547 1586 Epyrum
2590 1520 2649 1570 et
2681 1514 2966 1583 reliquam
3001 1511 3261 1567 Greciam
3294 1513 3636 1582 putaretur.
3675 1506 3764 1561 Se-

2116 1605 2303 1660 cunda
2336 1619 2527 1674 pugna
2558 1604 2710 1659 inter
2738 1604 3056 1658 Romanum
3086 1605 3140 1656 et
3166 1602 3406 1669 Pyrrum
3431 1600 3587 1655 facta
3603 1596 3758 1653 estin

2118 1693 2343 1763 Apulim
2376 1693 2609 1761 finibus,
2638 1691 2843 1748 Publio
2861 1689 3374 1761 SulpicioetDecio
3391 1686 3757 1756 consulibus,

2119 1783 2172 1837 in
2206 1796 2317 1852 qua
2334 1797 2521 1853 pugna
2544 1784 2760 1851 Pyrrus
2782 1779 3021 1835 brachio
3037 1778 3316 1834 transfixo
3333 1775 3763 1846 saucius,prior

2118 1885 2148 1926 e
2183 1871 2337 1927 bello
2389 1870 2638 1925 secessit
2672 1867 3199 1939 ;eleplianticapti,
3231 1864 3471 1923 20milia
3500 1863 3760 1920 hostium

2118 1974 2271 2015 cmsa
2303 1963 2457 2019 sunt.
2485 1964 2542 2013 et
2567 1973 2636 2012 ex
2667 1957 2940 2012 Romanis
2971 1956 3226 2026 quinque
3258 1953 3434 2009 milia.
3456 1951 3764 2008 Fabricius

2119 2063 2348 2119 quoque
2379 2049 2606 2116 legatus
2620 2047 2961 2103 vulneratus
2976 2048 3258 2101 cst.Anno
3277 2044 3593 2113 interjecto
3612 2041 3760 2097 idem

2121 2137 2419 2193 Fabricius
2456 2141 2661 2193 contra
2693 2151 2822 2191 eum
2865 2135 3076 2190 missus
3105 2138 3213 2190 est.
3275 2134 3529 2202 Cumque
3572 2129 3760 2187 vicina

2119 2224 2399 2279 haberent
2444 2230 2660 2293 castra,
2698 2224 2959 2279 medicus
2989 2224 3153 2292 Pyrri
3195 2225 3366 2276 nocte
3392 2220 3555 2276 venit
3571 2218 3645 2274 ad
3671 2220 3765 2273 Fa-

2120 2312 2384 2383 briciu‘n,
2425 2313 2769 2383 promittens
2793 2327 2854 2367 se
2888 2325 3109 2366 veneno
3142 2312 3383 2379 Pyrrum
3398 2309 3755 2374 occisurum,

2119 2400 2167 2455 si
2205 2401 2312 2456 sibi
2335 2401 2553 2470 aliquid
2572 2401 2970 2471 polliceretur.
2989 2399 3167 2465 Quem
3186 2398 3281 2454 ille
3300 2398 3554 2454 vinctum
3572 2395 3764 2453 remit-

2120 2494 2249 2544 tens
2280 2489 2350 2543 ad
2384 2491 2648 2559 Pyrrum,
2676 2490 2847 2559 jussit
2882 2489 2934 2543 ei
2966 2488 3078 2543 dici
3110 2502 3238 2557 quae
3270 2486 3367 2542 ille
3422 2482 3758 2557 spopondit.

2118 2580 2273 2633 Tunc
2308 2593 2408 2633 rex
2442 2578 2783 2633 ammiratus
2807 2591 2957 2646 eum,
3014 2576 3233 2632 dixisse
3267 2577 3470 2631 fertur:
3502 2575 3624 2630 Ille
3679 2570 3766 2630 est

2118 2666 2460 2735 Fabricius,
2496 2667 2928 2737 quidiﬁcilias
2944 2666 3017 2721 ab
3040 2665 3360 2733 honestate,
3392 2677 3574 2734 quam
3609 2662 3701 2719 sol
3725 2673 3761 2715 a

2117 2769 2298 2812 cursu
2326 2769 2431 2811 suo
2464 2754 2658 2811 averti
2662 2755 2872 2825 potest.
2889 2757 3041 2811 Tunc
3082 2770 3183 2809 rex
3208 2753 3278 2809 ad
3303 2751 3554 2808 Siciliam
3574 2751 3760 2823 profe-

2118 2849 2253 2900 ctus
2304 2848 2415 2912 est,
2452 2844 2753 2899 Fabricius
2804 2843 2974 2898 victis
3026 2842 3268 2898 Lucanis
3306 2845 3364 2897 et
3405 2838 3757 2896 Samnitibus

2115 2932 2516 3002 triumphavit.
2552 2932 2768 2987 Deinde
2804 2932 3310 2988 CuriusDentatus
3350 2934 3412 2986 et
3452 2927 3758 2985 Cornelius

2121 3022 2404 3077 Lentulus
2455 3024 2659 3076 contra
2685 3035 2813 3076 eum
2862 3020 3022 3075 missi
3049 3019 3336 3089 consules,
3368 3019 3438 3074 de
3494 3016 3756 3074 exercitu

2127 3109 2252 3179 ejus
2274 3110 2477 3178 viginti
2504 3110 2614 3163 tria
2637 3108 2790 3163 milia
2808 3108 3132 3179 caadebant,
3147 3112 3250 3163 300
3269 3106 3616 3178 capiebant;
3640 3105 3760 3176 ipse

2115 3200 2422 3255 Tarentum
2460 3200 2692 3268 fugatus
2706 3202 2817 3267 est,
2837 3202 3029 3255 castra
3046 3197 3171 3266 ejus
3195 3202 3363 3267 capta
3380 3203 3534 3265 sunt,
3552 3194 3756 3252 Curius

2116 3288 2171 3343 in
2205 3287 2527 3343 consulatu
2566 3287 2971 3358 triumphavit,
3004 3287 3336 3357 primusque
3358 3286 3593 3341 Romam
3628 3297 3760 3355 qua-

2116 3380 2250 3432 tuor
2282 3376 2628 3447 elephantos
2668 3375 3090 3441 duxit.Quinto
3112 3374 3338 3430 demum
3398 3388 3546 3430 anno
3606 3375 3756 3445 post-

2114 3480 2283 3536 quam
2314 3465 2367 3519 in
2403 3465 2626 3519 italiam
2657 3465 2839 3533 venit,
2863 3466 3080 3534 Pyrrus
3111 3464 3304 3519 victus
3340 3463 3562 3531 aufugit
3602 3460 3671 3494 ²⁴¹
3701 3464 3755 3515 et

2115 3558 2247 3625 post
2277 3552 2455 3609 multa
2490 3552 2661 3619 bella,
2700 3568 2826 3623 quae
2853 3553 2989 3609 fecit
3020 3553 3073 3607 in
3108 3552 3331 3622 Grecia,
3381 3550 3533 3623 apud
3569 3554 3751 3620 Argos

2113 3642 2344 3697 Achaiae
2377 3641 2603 3710 urbem,
2639 3640 2909 3711 Spartani
2955 3640 3114 3709 regni
3148 3639 3427 3695 aviditate
3456 3638 3752 3704 seductus,

2115 3729 2243 3785 ictu
2283 3730 2404 3784 saxi
2445 3730 2718 3786 occubuit
2776 3729 2945 3799 Cujus
2968 3729 3164 3800 pollex
3195 3742 3226 3784 e
3269 3728 3473 3785 dextro
3491 3727 3654 3799 pede,
3710 3724 3757 3781 si

2114 3818 2467 3874 credendum
2501 3822 2615 3888 est,
2650 3819 2906 3874 remedio
2927 3819 3103 3874 fuisse
3128 3818 3365 3885 dicitur,
3397 3818 3447 3874 si
3476 3818 3643 3887 cujus
3669 3831 3753 3872 re-

2115 3922 2217 3962 nes
2246 3906 2313 3943 ³⁸³
2349 3912 2642 3963 tumentes
2676 3922 2746 3963 eo
2779 3910 3190 3977 tangerentur.
3223 3908 3477 3976 Cumque
3508 3906 3578 3961 ab
3600 3904 3750 3961 Anti-

2112 4010 2264 4065 gono
2296 3996 2519 4052 victore
2540 3996 2690 4051 idem
2706 3998 2925 4066 Pyrrus
2948 3996 3149 4065 jussus
3178 3994 3639 4065 esset,’“exuri,
3667 3992 3748 4049 sic

2112 4084 2275 4153 arsit,
2312 4089 2375 4140 ut
2408 4085 2557 4141 idem
2577 4084 3149 4154 pollexinveniretur
3171 4083 3747 4149 intactus.Quiaureo

2112 4172 2306 4229 loculo
2342 4172 2625 4242 inclusus,
2662 4173 2719 4227 in
2750 4173 2967 4245 templo
3013 4172 3174 4228 Jovis
3205 4176 3298 4227 est
3333 4171 3607 4228 conditus
3661 4167 3743 4222 ³⁸⁸.

2184 4261 2560 4317 Ptholemeus
2596 4260 3049 4333 Phyladclphus,
3085 4261 3239 4316 ﬁlius
3274 4260 3554 4317 Ptolomei
3588 4271 3749 4330 supe-

2113 4349 2305 4419 rioris,
2340 4350 2615 4419 regnavit
2645 4349 3012 4407 Alexandriae
3026 4349 3190 4405 annis
3204 4353 3291 4414 38,
3316 4363 3347 4403 a
3381 4348 3748 4405 restauratio-

2113 4452 2185 4493 ne
2217 4438 2419 4508 templi
2462 4452 2612 4493 anno
2645 4437 3051 4495 ducentesimo
3082 4444 3196 4495 38°.
3258 4438 3363 4507 (Cf.
3428 4438 3611 4508 lima.)
3642 4437 3746 4491 Hu-

2106 4543 2202 4596 jus
2232 4532 2497 4598 tempore
2524 4526 3124 4599 pontifexJudaaorum
3141 4527 3453 4584 Eleazarus
3484 4527 3613 4597 fuit,
3642 4527 3743 4581 fra-

350 4600 609 4659 civitatis
630 4604 948 4661 honorifice
982 4610 1242 4681 suscepit
1273 4625 1393 4680 eos,
1420 4612 1686 4684 captivos
1714 4614 1840 4671 sine
1869 4630 1999 4687 pre-
2029 4613 2079 4672 D
2113 4622 2203 4671 ter
2258 4616 2520 4686 Symanis
2571 4621 2959 4684 cognomento
3005 4616 3176 4685 Justi,
3240 4615 3393 4672 filius
3450 4616 3606 4672 Oniae
3647 4611 3739 4669 filii

349 4688 530 4744 ciom
553 4692 796 4749 remisit.
831 4695 1015 4750 Unum
1059 4703 1255 4753 autem
1296 4714 1365 4754 ex
1411 4698 1621 4769 legatis
1672 4703 1996 4760 Fabricium

347 4793 475 4832 cum
503 4795 817 4851 pauperem
840 4783 1379 4856 vidisset,promisit
1400 4788 1735 4859 eiquartam
1772 4797 1995 4862 partem

352 4868 514 4937 regni
548 4869 661 4940 sui,
683 4877 745 4927 ut
767 4886 829 4927 se
856 4876 1207 4931 transferret
1231 4875 1301 4908 ’³⁸
1323 4876 1394 4931 ad
1426 4878 1706 4943 eum;sed
1739 4886 1997 4937 contem-

350 4960 486 5025 ptus
515 4957 588 5012 ab
620 4973 709 5027 eo,
746 4961 1087 5018 ammiratus
1115 4969 1205 5018 est
1240 4963 1424 5020 illum.
1460 4967 1570 5022 Pro
1592 4967 1699 5023 hac
1732 4970 1997 5026 ammira-

350 5045 505 5101 tione
537 5046 697 5103 misit
725 5050 795 5104 ad
814 5051 1109 5106 Romanos
1136 5050 1413 5123 legatum,
1446 5056 1791 5127 precipuum
1822 5057 1892 5092 ²⁴⁰
1916 5060 1995 5114 vi-

348 5148 471 5190 rum
499 5136 731 5192 Cineam
752 5139 1001 5209 nomine,
1033 5138 1129 5209 qui
1148 5154 1343 5210 pacem
1360 5143 1542 5213 aequis
1558 5145 1995 5205 conditionibus

350 5228 598 5295 peteret,
618 5226 849 5283 scilicet
865 5229 1160 5297 uthrrus
1177 5233 1398 5299 partem
1412 5233 1593 5290 Italia:
1623 5250 1792 5305 quam
1814 5238 1993 5292 armis

2109 4706 2297 4773 Jaddi,
2331 4705 2835 4775 quisacerdotium
2852 4720 2958 4776 pro
2981 4705 3081 4762 tali
3105 4705 3363 4776 suscepit
3394 4719 3588 4761 causa.
3608 4706 3737 4773 (Jos.

2108 4797 2274 4866 x12.)
2320 4795 2603 4850 Defuncto
2652 4795 2915 4865 principe
2959 4795 3335 4852 sacerdotum
3380 4793 3541 4865 Onia,
3595 4794 3739 4849 ﬁlius

2109 4884 2237 4951 ejus
2254 4884 2458 4953 Symon
2489 4884 2518 4938 J
2526 4887 2695 4939 ustus
2716 4898 3023 4939 successor
3052 4883 3303 4939 exstitit.
3323 4883 3446 4961 Quo
3468 4883 3740 4938 moriente

2108 4973 2406 5042 ﬁliumque
2442 4970 2790 5027 infantulum
2820 4972 3049 5028 nemine
3110 4972 3309 5027 Oniam
3362 4971 3737 5042 relinquente,

2108 5062 2289 5117 frater
2304 5061 2431 5131 ejus
2448 5060 2763 5116 Eleazarus
2783 5060 3176 5132 principatum
3192 5060 3506 5117 sacerdotii
3523 5057 3734 5130 accepit

2106 5163 2276 5218 quem
2308 5147 2682 5203 Ptholemeus
2713 5148 3040 5204 liberaliter
3059 5148 3399 5205 muneribus
3430 5148 3531 5204 tali
3583 5160 3739 5205 occa-

2104 5237 2264 5293 sione
2296 5236 2771 5308 honoravit.(lb.,
2804 5253 2901 5307 xu,
2928 5240 2987 5293 2.
3029 5236 3359 5293 Demetrius
3411 5234 3733 5295 Pbalareus.

1702 5361 1939 5418 νΑιωε
1981 5362 2381 5418 LECTIONES.

414 5474 894 5556 "ﬂoctingintii.
922 5483 1113 5556 10.11.
1143 5479 1212 5513 ’³⁸
1239 5481 1490 5556 deest9°.
1523 5484 1679 5551 Quos
1710 5486 1958 5542 adverso
1978 5502 2038 5541 v.
2091 5500 2148 5541 e.
2188 5491 2229 5540 t.
2265 5502 2320 5541 v.
2350 5502 2399 5542 e.
2439 5502 2513 5542 m.
2547 5487 2885 5556 cumjacere
2918 5491 2967 5543 5.
2999 5486 3067 5521 ⁸³⁸
3102 5487 3261 5542 viros
3287 5488 3348 5544 5.
3413 5490 3489 5541 9°.
3530 5491 3611 5543 10.
3662 5488 3734 5542 ll.

340 5545 409 5581 ³³⁷
455 5547 615 5605 deest
670 5545 746 5606 9°.
811 5549 879 5583 ’³⁸

929 5554 1151 5622 premio
1197 5557 1273 5608 9°.
1328 5554 1397 5587 ²³⁰
1456 5570 1516 5611 se
1546 5556 1829 5612 transiret
1862 5562 1911 5611 5.

1992 5557 2443 5637 ’f°_pr_i_ncipium
2502 5558 2917 5637 9°.f‘1‘quam
2969 5590 3046 5637 _-_-
3102 5557 3444 5637 ι’θῳιίδβθηι
3516 5557 3616 5637 4“
3668 5558 3733 5637 εἶθ’

339 5616 406 5701 ξ⁴²
436 5622 746 5701 effugith
782 5616 1003 5701 sapias
1029 5623 1098 5657 ’⁸³
1127 5626 1291 5684 deest
1325 5631 1399 5681 9°.
1458 5626 1526 5660 ²⁶⁴
1557 5631 1647 5683 est
1680 5631 1757 5683 9°.
1812 5627 1881 5661 ²⁴⁵
1922 5628 2029 5695 Qui
2059 5616 2303 5699 digitus.
2340 5643 2391 5686 a.
2426 5628 2465 5687 l.
2501 5635 2591 5685 est
2618 5616 2880 5687 inclusus
2929 5629 2980 5685 ei
3007 5630 3062 5684 in
3095 5628 3502 5701 antiquissimo
3532 5624 3735 5699 templo

337 5690 593 5750 Dodonei
625 5694 784 5753 Jovis
816 5690 1089 5754 conditus
1121 5700 1205 5752 11.
