3932 6414
161 401 293 466 609

1059 397 1500 465 CHRONICA.
1534 437 1612 448 ——
1638 396 2116 464 CHRONICON
2159 398 2706 467 UNIVERSALE.

3470 414 3588 479 610

169 540 336 611 apud
373 540 592 595 Grecos
621 542 823 595 orator
853 542 913 593 et
956 537 1372 609 phylosophus,
1405 552 1583 609 super
1626 534 1833 592 biblio-
1863 536 1917 597 A
1947 537 2384 595 convenientem
2406 539 2492 595 eis
2514 540 2987 611 suppetlectilem
3010 544 3587 608 etcalicemtalento-

167 629 420 684 thecam
455 627 632 698 regis,
653 627 820 695 cujus
851 640 1119 695 magnum
1154 627 1356 683 habuit
1387 626 1665 695 studium,
1699 639 1834 680 con-

172 718 441 773 stitutus
470 721 620 771 erat.
646 716 753 781 Qui
787 715 920 770 dum
956 714 1216 771 studeret
1249 716 1437 770 omnia
1470 729 1574 785 per
1606 714 1837 769 univer—

170 819 301 861 sam
338 810 560 859 terram
593 803 826 859 inventa
857 816 1214 872 congregare
1241 803 1532 860 volumina
1551 807 1607 857 et
1641 801 1835 871 acqui-

173 907 313 949 rere
348 892 399 948 si
434 891 574 961 quid
606 890 843 960 dignum
862 891 1093 946 audiret
1116 891 1405 947 industria
1423 889 1512 948 vel
1532 889 1834 946 voluntate

172 980 366 1051 regis,
391 981 795 1048 interrogatus
825 979 897 1034 ab
928 994 996 1034 eo
1021 984 1161 1048 quot
1182 980 1339 1034 milia
1363 978 1643 1035 librorum
1663 978 1834 1033 habe-

176 1074 296 1134 ret,
338 1066 669 1139 respondit,
704 1072 773 1124 20
802 1066 977 1136 milia,
1012 1067 1113 1122 sed
1146 1067 1263 1123 cito
1308 1067 1378 1122 ad
1411 1067 1833 1136 quinquaginta

173 1157 345 1213 milia
375 1170 557 1228 posse
587 1155 806 1225 venire,
841 1153 1177 1224 dicensque,
1200 1156 1526 1211 nuntiatum
1548 1155 1657 1210 sibi
1677 1168 1831 1222 esse,

173 1245 335 1318 apud
368 1244 608 1301 Iudaeos
630 1243 811 1300 multa
831 1243 1029 1298 haberi
1046 1243 1412 1314 bybliotheca
1439 1243 1618 1311 regali
1639 1244 1830 1313 digna,

176 1334 484 1407 persuasit
534 1333 677 1402 regi,
731 1332 1029 1388 annitente
1080 1332 1333 1401 Aristeo,
1383 1332 1631 1401 quodam
1678 1333 1833 1400 regis

173 1423 371 1478 amico
408 1421 769 1489 necessario,
796 1424 857 1476 ut
882 1421 951 1475 ad
987 1420 1321 1476 Eleazarum
1354 1420 1686 1491 pontiﬁcem
1710 1421 1834 1476 Hie-

179 1509 525 1566 rosolimam
554 1508 622 1540 ²⁴⁶
654 1508 933 1577 mitteret,
970 1523 1183 1578 rogans
1216 1512 1279 1564 ut
1319 1508 1429 1563 sibi
1460 1508 1619 1563 viros
1650 1508 1833 1577 legem

177 1600 451 1654 scientes
500 1596 840 1667 destinaret,
878 1597 975 1667 qui
1025 1612 1149 1652 eam
1199 1597 1254 1652 in
1298 1598 1536 1652 Grecam
1581 1597 1831 1666 linguam

180 1688 604 1743 transferrent.
635 1685 740 1750 Qui
773 1700 845 1740 ex
874 1686 1142 1742 omnibus
1180 1686 1551 1755 septuaginta
1584 1688 1744 1741 viros
1776 1686 1832 1741 in

178 1776 306 1844 lege
341 1774 727 1830 doctissimos
755 1773 952 1844 elegit,
975 1789 1191 1844 eosque
1223 1774 1342 1843 regi
1376 1774 1721 1829 transmisit.
1746 1774 1829 1828 Illi

177 1878 320 1945 vero
354 1862 767 1917 Alexandriam
800 1861 960 1917 ducti
981 1867 1040 1918 et
1064 1878 1092 1917 a
1117 1877 1252 1931 rege
1278 1863 1523 1930 benigne
1547 1862 1828 1933 suscepti,
1863 1887 1915 1945 B

178 1942 480 2007 Demetrio
498 1959 632 2006 sunt
653 1949 1063 2006 commendati.
1085 1950 1189 2015 Qui
1212 1951 1379 2006 duxit
1399 1965 1502 2006 eos
1526 1952 1579 2005 in
1600 1952 1831 2007 domum

180 2044 478 2096 secretam
506 2042 562 2095 et
596 2039 731 2095 huic
764 2040 996 2108 negotio
1029 2044 1242 2109 aptam,
1277 2055 1445 2096 secus
1483 2039 1625 2096 litus
1656 2040 1833 2095 maris

179 2128 465 2199 positam,
502 2127 599 2182 ubi
632 2140 734 2198 per
764 2128 1133 2197 septuaginta
1164 2129 1312 2184 duos
1344 2128 1470 2183 dies
1500 2143 1725 2183 omnem
1757 2128 1835 2185 le-

178 2230 309 2286 gem
340 2215 740 2272 disertissime
772 2216 1223 2285 transtulerunt,
1243 2215 1486 2272 cottidie
1508 2217 1641 2271 huic
1664 2231 1835 2286 nego-

183 2307 264 2361 tio
296 2320 503 2361 curam
555 2319 741 2375 usque
790 2305 861 2361 ad
904 2305 1103 2361 horam
1149 2320 1357 2361 nonam
1406 2305 1830 2376 impendentes.

181 2394 287 2461 Qui
297 2396 410 2450 bus
429 2393 638 2451 diebus
655 2395 987 2463 transactis,
1006 2395 1382 2465 congregavit
1395 2397 1631 2451 omnesJ
1640 2395 1834 2451 udaaos

181 2483 520 2538 Demetrius
544 2474 616 2538 ad
636 2482 825 2538 locum
845 2483 900 2536 in
921 2497 1034 2552 quo
1056 2482 1358 2539 translatae
1393 2484 1621 2539 fuerant
1649 2483 1829 2552 leges,

182 2576 241 2625 et
264 2571 650 2640 presentibus
673 2570 1093 2641 interpretibus
1111 2570 1253 2638 legit
1271 2586 1385 2626 eas.
1415 2573 1669 2640 Cumque
1692 2571 1834 2626 inul-

187 2658 377 2715 titudo
403 2658 709 2729 complexa
730 2658 911 2728 legem
934 2658 1025 2714 vel
1049 2659 1310 2714 seniores
1332 2660 1459 2728 ejus
1479 2660 1834 2729 interpretes

185 2748 565 2817 Demetrium,
593 2763 661 2803 eo
694 2747 844 2817 quod
879 2761 1211 2816 magnarum
1245 2763 1437 2802 rerum
1460 2753 1612 2804 esset
1640 2748 1834 2803 inven-

186 2840 298 2905 tor,
318 2836 641 2903 laudasset,
662 2835 886 2904 rogavit
905 2836 1507 2905 utetiampresidibus
1531 2836 1656 2892 suis
1679 2837 1835 2891 dare-

187 2928 282 2978 tur
327 2924 596 2993 lcgenda.
635 2923 876 2979 Gavisus
920 2940 1060 2993 ergo
1108 2938 1231 2990 rex,
1265 2924 1623 2980 voluntatem
1672 2940 1831 2980 suam

190 3026 316 3067 esse
350 3012 691 3082 perfectam,
726 3016 785 3067 et
815 3013 1049 3067 reiectis
1084 3012 1331 3081 legibus,
1366 3027 1599 3068 sensum
1643 3017 1700 3068 et
1748 3028 1836 3068 sa-

190 3100 463 3170 pientiam
494 3114 693 3155 earum
726 3102 1170 3171 obstupescens,
1195 3100 1342 3155 dixit
1365 3101 1435 3155 ad
1457 3102 1831 3172 Demetrium,

189 3189 484 3243 ammirari
505 3204 591 3257 se,
618 3190 772 3259 quod
795 3204 961 3244 nemo
984 3190 1351 3259 hystoriogra
1364 3191 1509 3259 phus
1532 3205 1637 3244 nec
1663 3195 1832 3261 poeta

191 3276 409 3333 Grecus
441 3277 704 3347 ejusdem
746 3278 890 3347 legis
933 3279 1312 3347 meminisset,
1345 3294 1474 3334 cum
1526 3283 1641 3334 tam
1691 3280 1831 3335 mira

191 3366 494 3421 existeret.
516 3367 615 3422 Cui
639 3367 967 3423 Demetrius
987 3367 1308 3438 respondit,
1327 3367 1611 3423 neminem
1631 3381 1833 3424 ausum

192 3453 367 3509 fuisse
398 3455 897 3526 conscriptionem
927 3456 1056 3525 ejus
1089 3459 1347 3526 tangere,
1370 3472 1437 3510 eo
1460 3455 1612 3527 quod
1643 3456 1833 3512 divina

186 3546 366 3612 esset,
394 3542 619 3599 addens
653 3543 804 3613 quod
836 3544 1237 3613 The0pompus
1265 3543 1466 3600 volens
1494 3544 1550 3599 in
1573 3545 1832 3615 hystoria

190 3629 407 3700 aliquid
440 3632 514 3687 de
548 3631 638 3687 his
668 3631 1067 3702 conscribere,
1095 3635 1285 3687 mente
1304 3632 1377 3687 sit
1402 3634 1671 3689 turbatus
1702 3634 1835 3704 plus

190 3731 355 3787 quam
389 3720 457 3774 3O
491 3719 717 3789 diebus,
744 3720 926 3776 donec
952 3720 1081 3775 inde
1106 3720 1217 3775 sibi
1241 3720 1589 3775 dementiam
1624 3723 1833 3777 factam

190 3819 317 3861 esse
347 3807 707 3878 suspicatus,
741 3812 800 3862 et
832 3807 884 3861 in
920 3807 1136 3863 somnis
1181 3823 1411 3879 quoque
1461 3810 1829 3880 ammonitus,

192 3894 342 3963 quod
373 3894 440 3928 "7
478 3895 586 3950 hoc
618 3896 669 3949 ei
701 3895 831 3951 ideo
863 3896 1194 3967 accidisset,
1230 3897 1363 3969 quia
1404 3897 1630 3954 divinas
1674 3897 1834 3967 leges

191 3986 491 4040 scrutatus
515 3989 673 4040 esset
698 3989 757 4039 et
783 3986 852 4041 ad
877 3985 1136 4056 impuros
1160 3985 1421 4042 homines
1443 4001 1543 4044 eas
1567 3988 1716 4043 ferre
1739 4002 1835 4043 vo-

192 4067 417 4141 luisset,
453 4086 586 4127 cum
619 4072 947 4127 humilitate
982 4088 1011 4128 a
1043 4075 1160 4128 Deo
1192 4074 1413 4129 veniam
1448 4074 1828 4145 supplicaret.

195 4158 445 4230 Cumque
479 4160 739 4216 scribere
771 4161 1110 4232 quievisset,
1148 4162 1369 4232 recepit
1394 4177 1646 4219 sensum.
1674 4163 1833 4218 Refe-

193 4246 352 4302 rebat
398 4249 577 4304 etiam
607 4250 676 4305 de
710 4249 1028 4306 Theotecto
1075 4248 1145 4281 ²⁴⁸
1196 4250 1592 4320 tragediarum
1638 4256 1830 4322 poeta,

195 4334 321 4403 quia
351 4351 480 4393 cum
511 4337 675 4393 nisus
701 4336 770 4370 ²⁴⁰
802 4338 1008 4394 fuisset
1033 4338 1089 4393 in
1114 4338 1308 4408 aliquo
1340 4339 1603 4395 dramate
1631 4354 1832 4395 eorum

192 4424 523 4482 meminisse
546 4441 671 4497 quae
695 4426 889 4483 divino
913 4427 1288 4483 continentur
1301 4426 1613 4498 volumine,
1629 4429 1834 4484 obscu-

195 4511 335 4567 retis
358 4514 564 4585 oculis,
590 4516 926 4585 recognovit
947 4531 1179 4574 causam
1197 4532 1317 4574 suae
1340 4518 1647 4588 caecitatis,
1669 4522 1729 4573 et
1750 4518 1832 4572 ita

195 4596 473 4659 liberatus
505 4610 597 4659 est
628 4619 657 4658 a
689 4605 978 4676 passione,
1010 4608 1127 4661 Deo
1156 4605 1225 4639 ²⁵⁰
1251 4607 1475 4663 veniam
1522 4606 1744 4677 largien

564 4610 597 4659 ιι
628 4619 657 4658 a
689 4583 978 4676 passione,
1010 4608 1127 4661 Deo
1156 4605 1225 4639 ’⁵ο
1251 4607 1475 4663 veniam
1522 4583 1828 4677 largiente.
1861 4591 1915 4652 D
1946 4583 2117 4677 312w

194 4685 567 4749 Ptholomeus
589 4698 780 4748 autem
798 4694 1021 4750 remisit
1036 4696 1272 4751 eosdem
1296 4697 1560 4752 seniores
1582 4711 1712 4752 cum
1736 4696 1835 4753 ho-

194 4787 350 4849 nore,
381 4779 604 4839 donans
635 4782 949 4854 unicuique
986 4783 1169 4840 stolas
1216 4786 1468 4856 Optimas
1500 4789 1558 4840 et
1592 4786 1717 4842 auri
1750 4790 1838 4841 ta-

196 4860 344 4921 lenta
366 4867 481 4925 duo
503 4875 562 4925 et
583 4870 824 4927 calicem
847 4872 1019 4929 unius
1036 4873 1242 4929 talenti
1266 4878 1568 4945 totumque
1581 4874 1833 4932 convivii

198 4950 442 5012 thorum.
460 4959 719 5030 Principi
744 4964 938 5016 autem
963 4961 1335 5018 sacerdotum
1359 4962 1636 5019 Eleazaro
1659 4964 1836 5020 desti-

197 5042 347 5097 navit
380 5060 487 5116 per
507 5062 610 5104 eos
632 5047 819 5104 lectos
840 5048 1041 5105 decem
1060 5064 1191 5107 cum
1203 5052 1500 5121 argenteis
1512 5053 1763 5125 pedibus
1776 5057 1836 5109 et

1948 639 2071 680 rum
2101 626 2345 694 triginta
2374 632 2430 683 et
2465 629 2648 683 stolas
2681 629 2878 686 decem
2907 638 2967 687 et
2996 649 3310 705 purpuram
3343 642 3400 693 et
3423 654 3589 697 coro-

1947 728 2075 769 nam
2096 715 2364 771 decoram
2388 720 2444 772 et
2477 716 2658 773 lineas
2681 719 2753 773 de
2779 720 2936 776 bisso
2959 729 3213 794 centum,
3238 731 3504 796 preterea
3527 733 3589 784 et

1946 805 2179 871 pateras
2202 807 2256 857 et
2285 803 2517 860 trullam
2539 805 2606 838 ²⁸¹
2633 811 2691 861 et
2715 806 2987 864 libatoria
3010 814 3067 864 et
3085 816 3351 870 crateras
3375 829 3585 873 aureas

1946 889 2091 945 duas
2138 893 2254 946 Deo
2298 893 2612 963 vovendas,
2660 910 2974 966 omnesque
3015 898 3268 971 Iudaeos,
3320 918 3468 973 quos
3526 906 3583 961 in

1942 979 2190 1048 Egypto
2245 981 2509 1050 captivos
2550 982 2793 1053 invenit,
2845 983 3063 1043 liberos
3109 1002 3242 1044 esse
3292 992 3578 1061 permisit.

1946 1064 2158 1137 (HIER.)
2204 1067 2503 1124 Abeuntes
2545 1074 2739 1126 autem
2790 1071 3163 1145 interpretes,
3197 1081 3259 1132 et
3286 1091 3316 1132 a
3345 1080 3588 1148 regibus

1945 1154 2097 1209 Asiae
2125 1154 2393 1211 honorati
2425 1162 2579 1213 sunt.
2616 1159 2755 1227 (Jos.
2790 1176 2889 1229 xu,
2923 1163 3001 1233 3.)
3024 1163 3163 1218 Nam
3186 1164 3467 1223 Seleucus
3494 1167 3590 1221 Ni-

1944 1256 2123 1297 canor
2144 1244 2200 1297 in
2220 1243 2577 1315 civitatibus,
2596 1261 2741 1316 quas
2763 1263 2867 1318 per
2884 1249 3074 1306 Asiam
3088 1251 3503 1325 aadiﬁcaverat,
3520 1258 3579 1310 et

1946 1330 1999 1385 in
2036 1330 2312 1387 inferiore
2342 1333 2503 1402 Syria
2536 1338 2597 1389 et
2646 1335 2700 1390 in
2754 1336 2877 1406 ipsa
2928 1339 3237 1410 metropoli
3284 1342 3585 1398 Antiochia

1946 1432 2009 1472 re
2022 1419 2254 1488 publica
2269 1434 2371 1475 sua
2387 1420 2593 1489 dignos
2606 1437 2708 1479 eos
2723 1424 2877 1493 fecit,
2894 1431 2953 1480 et
2966 1441 3193 1497 aequum
3208 1429 3294 1484 eis
3306 1429 3585 1486 honorem

1946 1520 2075 1561 cum
2100 1508 2535 1566 habitatoribus
2552 1510 2963 1567 Macedonibus
2976 1518 3036 1568 et
3050 1514 3250 1570 Grecis
3262 1515 3584 1586 deputavit.

2018 1593 2117 1663 (Η.
2150 1600 2254 1665 m.)
2283 1600 2446 1653 Anno
2478 1599 2551 1653 ab
2577 1600 2727 1654 Urbe
2751 1599 2984 1655 condita
3012 1602 3589 1672 quadringentesimo

1946 1682 2056 1753 70°,
2076 1684 2171 1753 qui
2199 1689 2289 1739 est
2309 1686 2686 1757 Phyladelphi
2714 1687 2934 1757 primus
2956 1687 3044 1757 πί,
3062 1690 3375 1761 Tarentini,
3402 1698 3589 1748 morte

1946 1772 2110 1840 Pyrri
2140 1774 2393 1845 ctignita,
2421 1774 2631 1830 iterum
2655 1789 2798 1831 nova
2823 1776 3106 1833 adversus
3128 1778 3412 1836 Romanes
3431 1780 3592 1837 solli-

1945 1859 2126 1915 citant
2152 1876 2330 1931 arnia,
2352 1864 2857 1931 Kartaginensium
2884 1865 3095 1921 auxilia
3119 1880 3225 1936 per
3242 1866 3465 1936 legatos
3490 1884 3593 1939 po-

1948 1953 2121 2004 scunt
2136 1954 2193 2003 et
2210 1950 2503 2020 accipiunt
2521 1970 2536 2018 ;
2553 1956 2945 2022 consertoque
2972 1954 3194 2024 praelio,
3212 1956 3449 2011 Romani
3468 1957 3590 2012 vin-

1947 2042 2086 2092 cunt
2143 2037 2230 2092 ³³³.
2266 2039 2352 2094 lbi
2404 2040 2520 2109 jam
2594 2044 2735 2096 tunc
2808 2042 3276 2114 Kartaginenses,
3328 2046 3592 2114 quamvis

1946 2125 2199 2182 nondum
2244 2128 2448 2183 hostes
2491 2128 2760 2200 judicati,
2811 2129 2964 2185 vinci
3016 2135 3207 2186 tamen
3238 2146 3271 2186 a
3318 2134 3591 2189 Romanis

1947 2229 2119 2286 posse
2151 2220 2484 2271 senserunt.
2519 2216 2654 2282 Quae
2689 2217 2836 2288 (212)
2869 2232 2964 2273 res
3005 2220 3368 2276 occasionem
3410 2221 3592 2278 bello-

1945 2317 2073 2357 rum
2096 2304 2301 2359 tribuit
2326 2304 2478 2359 inter
2508 2305 2795 2361 Romanos
2828 2312 2888 2361 et
2920 2307 3244 2365 Africanos.
3267 2310 3405 2375 Quae
3437 2308 3588 2366 bella

1946 2390 2043 2446 diu
2076 2396 2377 2462 protracta
2410 2408 2474 2448 ac
2508 2393 2745 2449 nimium
2775 2394 3076 2451 sevissima
3102 2396 3336 2467 utrique
3358 2398 3586 2468 experti

1946 2485 2084 2535 sunt
2114 2480 2335 2551 populi,
2370 2481 2633 2551 quamvis
2663 2482 2891 2538 demum
2950 2485 3189 2540 Romani
3239 2500 3369 2541 cum
3415 2486 3591 2542 nimio

1945 2567 2159 2623 sudore
2192 2569 2445 2625 victores
2476 2570 2822 2627 existerent.
2859 2572 3154 2629 Ariminus
3202 2572 3259 2628 in
3320 2574 3501 2631 Gallia
3530 2582 3591 2631 et

1945 2656 2312 2713 Beneventus
2341 2658 2396 2712 in
2430 2659 2659 2715 Samnio
2688 2660 2795 2715 hoc
2829 2664 3089 2730 tempore
3113 2677 3144 2717 a
3167 2663 3438 2719 Romanis
3457 2679 3591 2720 con-

1946 2745 2081 2801 ditaa
2106 2751 2259 2802 sunt.
2287 2748 2449 2803 Anno
2474 2749 2807 2820 prescripto
2836 2750 3102 2819 prodigia
3134 2751 3256 2807 visa
3279 2757 3437 2821 sunt,
3462 2768 3592 2809 san-

1943 2834 2073 2903 guis
2093 2834 2164 2888 de
2184 2840 2338 2891 terra
2371 2835 2427 2890 in
2459 2836 2659 2892 multis
2682 2836 2827 2893 locis
2850 2837 3056 2894 effossa
3081 2839 3382 2911 proﬂuxit,
3408 2840 3498 2897 lac
3518 2842 3590 2898 de

1943 2921 2086 2977 caelo
2115 2922 2169 2978 in
2203 2924 2436 2979 modum
2469 2924 2680 2994 pluviae
2726 2925 3051 2981 descendit.

2018 3013 2180 3065 Anno
2203 3016 2393 3066 autem
2420 3012 2998 3081 quadringentesimo
3017 3017 3373 3085 octogesimo
3396 3020 3584 3087 sexto,

1948 3097 2042 3168 qui
2075 3103 2166 3153 est
2191 3097 2565 3168 Phyladelphi
2592 3104 2733 3169 17“,
2757 3101 2992 3157 Romani
3013 3103 3262 3173 Appium
3285 3103 3586 3159 Claudium

1945 3185 2245 3241 consulem
2268 3187 2620 3243 Mamertinis
2653 3187 2869 3244 auxilia
2897 3189 3351 3261 deposcentibus
3381 3195 3588 3247 contra

1946 3274 2255 3329 Hieronem
2285 3276 2781 3345 Syracusanorum
2815 3292 3007 3346 regem
3054 3282 3112 3333 et
3160 3281 3468 3336 Poenorum
3496 3294 3591 3335 co-

1947 3361 2091 3433 pias,
2129 3377 2273 3432 quas
2305 3376 2409 3418 rex
2438 3363 2563 3434 ipse
2594 3364 2975 3436 conduxerat,
3007 3366 3065 3422 in
3111 3367 3365 3423 Siciliam
3414 3367 3585 3422 mise-

1947 3455 2100 3506 runt.
2129 3451 2233 3517 Qui
2268 3456 2383 3506 tam
2415 3453 2690 3508 celeriter
2717 3469 2818 3509 eos
2840 3455 3002 3525 vicit,
3031 3458 3094 3511 ut
3117 3455 3238 3526 ipse
3262 3470 3365 3511 rex
3385 3470 3588 3525 regum

1947 3538 2346 3607 magnitudine
2376 3542 2731 3610 perterritus
2766 3548 2899 3597 ante
2921 3558 2982 3599 se
3005 3543 3223 3599 victum
3257 3558 3427 3613 quam
3456 3558 3591 3600 con-

1945 3643 2210 3696 gressum
2228 3628 2405 3685 fuisse
2425 3631 2768 3700 prodiderit.
2789 3632 3071 3688 Hannibal
3093 3646 3233 3688 vero
3257 3632 3450 3688 senior
3473 3633 3591 3688 dux

1945 3719 2253 3773 Poenorum
2283 3716 2339 3771 in
2372 3719 2676 3788 Agriginto
2731 3720 2974 3776 civitate
3023 3719 3235 3776 Siciliae
3284 3719 3591 3777 obsidione

1945 3806 2174 3862 cinctus
2208 3821 2238 3861 a
2268 3806 2559 3877 Romanis,
2595 3808 2666 3863 ad
2699 3823 2980 3864 summam
3030 3812 3349 3877 egestatem
3381 3807 3591 3878 perdu-

1946 3902 2079 3953 ctus
2101 3899 2278 3967 esset,
2304 3896 2417 3953 nisi
2439 3899 2638 3952 Hanno
2658 3912 2842 3955 novus
2871 3897 3190 3968 imperator
3214 3898 3594 3967 Kartaginen-

1945 3987 2092 4042 sium
2124 4002 2252 4042 cum
2294 3985 2596 4055 equitibus
2652 3985 2810 4042 mille
2860 3986 3194 4056 quingentis
3237 3992 3294 4043 et
3344 3986 3584 4057 triginta

1944 4074 2458 4145 milibuspeditum
2472 4078 2529 4129 et
2548 4074 2788 4143 triginta
2802 4074 3132 4144 elephantis
3145 4075 3589 4147 superveniens,

1946 4162 2431 4233 expugnationem
2472 4161 2730 4217 civitatis
2762 4162 3064 4232 paulisper
3096 4162 3463 4229 distulisset;
3488 4163 3593 4219 sed

1945 4242 2223 4298 continuo
2255 4246 2426 4311 capta
2459 4244 2570 4310 est,
2606 4240 2886 4310 Poenique
2917 4241 3056 4297 victi
3108 4245 3167 4296 et
3214 4242 3397 4312 fugati
3431 4246 3589 4313 sunt,

1945 4327 2230 4384 Hannibal
2279 4342 2408 4384 cum
2462 4326 2666 4398 paucis
2711 4327 2921 4398 evasit,
2977 4327 3242 4385 undecim
3293 4330 3591 4400 elephanti

1945 4407 2121 4479 capti,
2158 4407 2521 4478 Agrigentini
2554 4407 2663 4462 sub
2704 4420 2915 4462 corona
2950 4421 3148 4463 omnes
3177 4413 3313 4465 sunt
3344 4410 3588 4466 venditi.

1945 4493 2085 4545 Post
2107 4489 2249 4559 hzec,
2277 4488 2413 4543 Gaio
2436 4486 2667 4557 Aquilio
2699 4486 2868 4543 Floro
2891 4490 2951 4541 et
2978 4487 3154 4545 Lucio
3179 4488 3457 4546 Cornelio
3476 4489 3594 4545 Sci-

2150 4566 2508 4637 consulibus,
2541 4566 2993 4637 Kartaginenses
3033 4568 3367 4623 Hannonem
3408 4568 3465 4624 in
3512 4568 3593 4625 lo-

2130 4646 2467 4703 Hannibalis
2525 4646 3034 4716 subrogaverunt,
3085 4646 3183 4717 qui
3227 4660 3257 4702 a
3322 4647 3609 4719 Scipione,

1945 4728 2186 4787 consule
2198 4728 2410 4795 victus,
2428 4725 2874 4783 confertissimis
2889 4724 3159 4782 hostibus
3173 4741 3235 4782 se
3250 4726 3586 4798 immiscuit,

1945 4665 2074 4707 cum

1938 4808 2143 4879 jbique
2171 4808 2521 4863 interfectus
2552 4810 2664 4861 est.
2705 4805 2986 4860 Hannibal
3016 4805 3227 4861 iterum
3259 4805 3431 4861 classi
3465 4820 3594 4877 pre-

1945 4890 2195 4961 positus,
2220 4887 2536 4943 infeliciter
2567 4900 2696 4942 cum
2720 4886 2992 4941 Romanis
3020 4884 3210 4943 navali
3232 4884 3437 4955 praelio
3458 4899 3594 4941 con-

1944 4984 2186 5041 gressus
2214 4973 2273 5023 et
2303 4967 2513 5036 victus,
2540 4967 2612 5023 ab
2632 4966 2897 5023 exercitu
2919 4980 3024 5023 suo
3043 4964 3329 5022 seditione
3352 4967 3481 5021 orta
3509 4964 3594 5020 la-

1946 5050 2181 5124 pidibus
2199 5051 2514 5120 coopertus
2544 5045 2785 5103 interiit.
2813 5046 2987 5105 Lucio
3017 5046 3227 5103 Manlio
3256 5045 3507 5105 Vulsone
3530 5051 3594 5103 et

1554 5179 1787 5235 VARI/E
1828 5177 2227 5236 LECTIONES.

258 5289 783 5373 f‘ﬂiherosolimam
817 5304 846 5373 5
879 5304 964 5357 9°.
1002 5310 1248 5373 semper,

288 5363 444 5443 visus
474 5374 555 5443 9°.
584 5377 671 5427 11.
705 5370 776 5403 ’⁸ο
810 5371 983 5443 (1803
1015 5388 1068 5443 p.
1106 5358 1155 5426 5.
1191 5358 1260 5404 “'1

1329 5301 1444 5359 uad
1470 5302 1537 5359 in
1568 5306 1617 5360 1.
1652 5304 1762 5361 vix
1788 5303 1969 5362 semel
1996 5302 2106 5360 aut
2149 5300 2238 5359 bis
2284 5298 2524 5374 legitur.
2555 5295 2625 5333 "7
2655 5316 2725 5357 eo
2759 5298 2912 5425 quod
2940 5305 3024 5381 9°.
3048 5298 3117 5333 ³⁸⁸
3149 5300 3492 5358 theothecto
3524 5302 3584 5358 5.

1329 5373 1501 5425 rullas
1526 5379 1602 5425 9°.
1638 5373 1708 5407 ³⁵³
1742 5376 1983 5425 nrimns-
2017 5378 2211 5425 ortum
2242 5377 2329 5425 est
2366 5372 2638 5425 nunicum
2671 5371 2763 5425 bel
2793 5388 2886 5425 um
2937 5387 3204 5425 primum.
3240 5375 3380 5425 Nam
3406 5373 3465 5425 Τ.
3501 5375 3584 5425 ll.

1318 5373 1501 5447 rullas
1526 5379 1602 5429 9°.
1638 5373 1708 5407 ⁸⁵³
1740 5376 1983 5447 primus,
2017 5371 2638 5447 ortum_est'_pu_nicum
2671 5371 2763 5447 be}

2793 5388 2886 5428 um
2937 5372 3204 5443 primum.
3240 5375 3380 5430 Nam
3406 5373 3465 5428 Τ.
3501 5375 3587 5431 ll.

194 5428 262 5483 si"
293 5436 777 5512 Carthaginenses
805 5441 945 5498 victi
979 5428 1114 5499 sunt
1147 5448 1233 5499 11.
1265 5428 1372 5503 τιὑί
1399 5428 2011 5519 θπὶείεεᾳπτὶἆὶέτῖἶὲξδ
2028 5428 2175 5519 ipsa.
2203 5428 2488 5506 Ηὶέςιὸὐῦα
2513 5442 2787 5503 miscella
2811 5428 3050 5515 smnpm
3078 5444 3237 5502 sunt.

1784 5569 2008 5631 ΝΟΤΔΕ.

265 5669 411 5752 (212)
443 5677 584 5751 Qut:
607 5708 674 5724 --
703 5680 1033 5747 θωίειθνσθιι
1070 5681 1398 5745 Ekhehardi
1447 5684 1629 5746 verba
1680 5690 1840 5759 sunt.
