  <div class='ocr_page' id='page_1' title='image "/cluster/home/n/w/nwhite01/storage/ocr_20150623/153-154/uc1.31175019678096/897.png"; bbox 0 0 3932 6412; ppageno 0'>
   <div class='ocr_carea' id='block_1_1' title="bbox 383 400 494 463">
    <p class='ocr_par' dir='ltr' id='par_1_1' title="bbox 383 400 494 463">
     <span class='ocr_line' id='line_1_1' title="bbox 383 400 494 463; baseline -0.009 0"><span class='ocrx_word' id='word_1_1' title='bbox 383 400 494 463; x_wconf 84' lang='grc'>611</span> 
     </span>
    </p>
   </div>
   <div class='ocr_carea' id='block_1_2' title="bbox 1546 378 2632 453">
    <p class='ocr_par' dir='ltr' id='par_1_2' title="bbox 1546 378 2632 453">
     <span class='ocr_line' id='line_1_2' title="bbox 1546 378 2632 453; baseline -0.006 1"><span class='ocrx_word' id='word_1_2' title='bbox 1546 382 2028 453; x_wconf 80' lang='lat' dir='ltr'><strong>EKKEHARDI</strong></span> <span class='ocrx_word' id='word_1_3' title='bbox 2073 378 2632 449; x_wconf 83' lang='lat' dir='ltr'><strong>URAUGIENSIS</strong></span> 
     </span>
    </p>
   </div>
   <div class='ocr_carea' id='block_1_3' title="bbox 3692 388 3804 452">
    <p class='ocr_par' dir='ltr' id='par_1_3' title="bbox 3692 388 3804 452">
     <span class='ocr_line' id='line_1_3' title="bbox 3692 388 3804 452; baseline 0.027 -3"><span class='ocrx_word' id='word_1_4' title='bbox 3692 388 3804 452; x_wconf 71' lang='lat'><strong>612</strong></span> 
     </span>
    </p>
   </div>
   <div class='ocr_carea' id='block_1_4' title="bbox 384 516 3801 601">
    <p class='ocr_par' dir='ltr' id='par_1_4' title="bbox 384 516 3801 601">
     <span class='ocr_line' id='line_1_4' title="bbox 384 516 3801 601; baseline -0.005 -10"><span class='ocrx_word' id='word_1_5' title='bbox 384 536 572 591; x_wconf 81' lang='lat' dir='ltr'><strong>Marco</strong></span> <span class='ocrx_word' id='word_1_6' title='bbox 604 531 780 589; x_wconf 81' lang='lat' dir='ltr'><strong>Atilio</strong></span> <span class='ocrx_word' id='word_1_7' title='bbox 812 531 1032 601; x_wconf 87' lang='lat' dir='ltr'><strong>Regulo</strong></span> <span class='ocrx_word' id='word_1_8' title='bbox 1056 528 1423 597; x_wconf 87' lang='lat' dir='ltr'><strong>consulibus,</strong></span> <span class='ocrx_word' id='word_1_9' title='bbox 1452 527 1665 583; x_wconf 90' lang='lat' dir='ltr'><strong>bellum</strong></span> <span class='ocrx_word' id='word_1_10' title='bbox 1694 526 1748 580; x_wconf 93' lang='lat' dir='ltr'><strong>in</strong></span> <span class='ocrx_word' id='word_1_11' title='bbox 1774 524 2033 579; x_wconf 87' lang='lat' dir='ltr'><strong>Africam</strong></span> <span class='ocrx_word' id='word_1_12' title='bbox 2076 523 2118 577; x_wconf 62' lang='grc' dir='ltr'>Α</span> <span class='ocrx_word' id='word_1_13' title='bbox 2156 524 2311 590; x_wconf 90' lang='lat' dir='ltr'><strong>sunt,</strong></span> <span class='ocrx_word' id='word_1_14' title='bbox 2367 532 2569 575; x_wconf 89' lang='lat' dir='ltr'><strong>novem</strong></span> <span class='ocrx_word' id='word_1_15' title='bbox 2621 516 2775 573; x_wconf 91' lang='lat' dir='ltr'><strong>milia</strong></span> <span class='ocrx_word' id='word_1_16' title='bbox 2824 516 3073 575; x_wconf 77' lang='lat' dir='ltr'><strong>militum</strong></span> <span class='ocrx_word' id='word_1_17' title='bbox 3120 533 3271 575; x_wconf 61' lang='lat' dir='ltr'><strong>casa</strong></span> <span class='ocrx_word' id='word_1_18' title='bbox 3320 521 3477 591; x_wconf 89' lang='lat' dir='ltr'><strong>sunt,</strong></span> <span class='ocrx_word' id='word_1_19' title='bbox 3519 522 3596 576; x_wconf 81' lang='grc'>20</span> <span class='ocrx_word' id='word_1_20' title='bbox 3649 520 3801 576; x_wconf 85' lang='lat' dir='ltr'><strong>milia</strong></span> 
     </span>
    </p>
   </div>
   <div class='ocr_carea' id='block_1_5' title="bbox 387 615 2037 690">
    <p class='ocr_par' dir='ltr' id='par_1_5' title="bbox 387 615 2037 690">
     <span class='ocr_line' id='line_1_5' title="bbox 387 615 2037 690; baseline -0.009 -10"><span class='ocrx_word' id='word_1_21' title='bbox 387 623 733 680; x_wconf 90' lang='lat' dir='ltr'><strong>translatum</strong></span> <span class='ocrx_word' id='word_1_22' title='bbox 776 627 885 690; x_wconf 88' lang='lat' dir='ltr'><strong>est,</strong></span> <span class='ocrx_word' id='word_1_23' title='bbox 921 620 1134 690; x_wconf 85' lang='lat' dir='ltr'><strong>quibus</strong></span> <span class='ocrx_word' id='word_1_24' title='bbox 1168 618 1456 673; x_wconf 81' lang='lat' dir='ltr'><strong>Hamilcar</strong></span> <span class='ocrx_word' id='word_1_25' title='bbox 1488 615 1605 671; x_wconf 91' lang='lat' dir='ltr'><strong>dux</strong></span> <span class='ocrx_word' id='word_1_26' title='bbox 1635 615 1945 669; x_wconf 75' lang='lat' dir='ltr'><strong>Pmnorum</strong></span> <span class='ocrx_word' id='word_1_27' title='bbox 1979 616 2037 666; x_wconf 86' lang='lat' dir='ltr'><strong>et</strong></span> 
     </span>
    </p>
   </div>
   <div class='ocr_carea' id='block_1_6' title="bbox 384 704 2034 779">
    <p class='ocr_par' dir='ltr' id='par_1_6' title="bbox 384 704 2034 779">
     <span class='ocr_line' id='line_1_6' title="bbox 384 704 2034 779; baseline -0.009 -11"><span class='ocrx_word' id='word_1_28' title='bbox 384 715 581 769; x_wconf 88' lang='lat' dir='ltr'><strong>Hanno</strong></span> <span class='ocrx_word' id='word_1_29' title='bbox 604 710 755 767; x_wconf 88' lang='lat' dir='ltr'><strong>alter</strong></span> <span class='ocrx_word' id='word_1_30' title='bbox 786 709 958 766; x_wconf 86' lang='lat' dir='ltr'><strong>classi</strong></span> <span class='ocrx_word' id='word_1_31' title='bbox 987 709 1285 779; x_wconf 90' lang='lat' dir='ltr'><strong>prefectus</strong></span> <span class='ocrx_word' id='word_1_32' title='bbox 1308 706 1714 771; x_wconf 89' lang='lat' dir='ltr'><strong>occurrerunt,</strong></span> <span class='ocrx_word' id='word_1_33' title='bbox 1732 704 2034 758; x_wconf 89' lang='lat' dir='ltr'><strong>conserto-</strong></span> 
     </span>
    </p>
   </div>
   <div class='ocr_carea' id='block_1_7' title="bbox 385 792 2042 871">
    <p class='ocr_par' dir='ltr' id='par_1_7' title="bbox 385 792 2042 871">
     <span class='ocr_line' id='line_1_7' title="bbox 385 792 2042 871; baseline -0.008 -15"><span class='ocrx_word' id='word_1_34' title='bbox 385 815 494 871; x_wconf 92' lang='lat' dir='ltr'><strong>que</strong></span> <span class='ocrx_word' id='word_1_35' title='bbox 524 797 715 855; x_wconf 90' lang='lat' dir='ltr'><strong>navali</strong></span> <span class='ocrx_word' id='word_1_36' title='bbox 753 796 975 869; x_wconf 75' lang='lat' dir='ltr'><strong>przelio,</strong></span> <span class='ocrx_word' id='word_1_37' title='bbox 999 796 1161 851; x_wconf 67' lang='lat' dir='ltr'><strong>Pozni</strong></span> <span class='ocrx_word' id='word_1_38' title='bbox 1188 795 1243 849; x_wconf 90' lang='lat' dir='ltr'><strong>in</strong></span> <span class='ocrx_word' id='word_1_39' title='bbox 1270 794 1461 863; x_wconf 86' lang='lat' dir='ltr'><strong>fugam</strong></span> <span class='ocrx_word' id='word_1_40' title='bbox 1484 792 1640 847; x_wconf 83' lang='lat' dir='ltr'><strong>versi</strong></span> <span class='ocrx_word' id='word_1_41' title='bbox 1667 794 1824 860; x_wconf 89' lang='lat' dir='ltr'><strong>sunt,</strong></span> <span class='ocrx_word' id='word_1_42' title='bbox 1852 792 1922 844; x_wconf 74' lang='grc'>64</span> <span class='ocrx_word' id='word_1_43' title='bbox 1944 803 2042 844; x_wconf 88' lang='lat' dir='ltr'><strong>na-</strong></span> 
     </span>
    </p>
   </div>
   <div class='ocr_carea' id='block_1_8' title="bbox 384 880 2044 959">
    <p class='ocr_par' dir='ltr' id='par_1_8' title="bbox 384 880 2044 959">
     <span class='ocr_line' id='line_1_8' title="bbox 384 880 2044 959; baseline -0.009 -13"><span class='ocrx_word' id='word_1_44' title='bbox 384 904 486 946; x_wconf 88' lang='lat' dir='ltr'><strong>ves</strong></span> <span class='ocrx_word' id='word_1_45' title='bbox 507 887 910 959; x_wconf 91' lang='lat' dir='ltr'><strong>perdiderunt,</strong></span> <span class='ocrx_word' id='word_1_46' title='bbox 927 883 1206 941; x_wconf 84' lang='lat' dir='ltr'><strong>consules</strong></span> <span class='ocrx_word' id='word_1_47' title='bbox 1222 883 1478 938; x_wconf 79' lang='lat' dir='ltr'><strong>victores</strong></span> <span class='ocrx_word' id='word_1_48' title='bbox 1498 881 1552 935; x_wconf 91' lang='lat' dir='ltr'><strong>in</strong></span> <span class='ocrx_word' id='word_1_49' title='bbox 1576 880 1827 934; x_wconf 89' lang='lat' dir='ltr'><strong>Africam</strong></span> <span class='ocrx_word' id='word_1_50' title='bbox 1855 882 2044 932; x_wconf 88' lang='lat' dir='ltr'><strong>trans-</strong></span> 
     </span>
    </p>
   </div>
   <div class='ocr_carea' id='block_1_9' title="bbox 383 969 2042 1045">
    <p class='ocr_par' dir='ltr' id='par_1_9' title="bbox 383 969 2042 1045">
     <span class='ocr_line' id='line_1_9' title="bbox 383 969 2042 1045; baseline -0.007 -13"><span class='ocrx_word' id='word_1_51' title='bbox 383 976 537 1033; x_wconf 91' lang='lat' dir='ltr'><strong>vecti</strong></span> <span class='ocrx_word' id='word_1_52' title='bbox 599 979 757 1045; x_wconf 88' lang='lat' dir='ltr'><strong>sunt,</strong></span> <span class='ocrx_word' id='word_1_53' title='bbox 811 973 1299 1042; x_wconf 88' lang='lat' dir='ltr'><strong>Kartaginemque</strong></span> <span class='ocrx_word' id='word_1_54' title='bbox 1348 972 1634 1041; x_wconf 82' lang='lat' dir='ltr'><strong>petentes,</strong></span> <span class='ocrx_word' id='word_1_55' title='bbox 1670 970 1774 1023; x_wconf 91' lang='lat'><strong>300</strong></span> <span class='ocrx_word' id='word_1_56' title='bbox 1826 969 1922 1022; x_wconf 90' lang='lat' dir='ltr'><strong>aut</strong></span> <span class='ocrx_word' id='word_1_57' title='bbox 1974 978 2042 1020; x_wconf 94' lang='lat' dir='ltr'><strong>eo</strong></span> 
     </span>
    </p>
   </div>
   <div class='ocr_carea' id='block_1_10' title="bbox 389 1053 2040 1135">
    <p class='ocr_par' dir='ltr' id='par_1_10' title="bbox 389 1053 2040 1135">
     <span class='ocr_line' id='line_1_10' title="bbox 389 1053 2040 1135; baseline -0.007 -16"><span class='ocrx_word' id='word_1_58' title='bbox 389 1063 635 1135; x_wconf 87' lang='lat' dir='ltr'><strong>amplius</strong></span> <span class='ocrx_word' id='word_1_59' title='bbox 657 1061 902 1120; x_wconf 91' lang='lat' dir='ltr'><strong>castella</strong></span> <span class='ocrx_word' id='word_1_60' title='bbox 932 1060 1195 1133; x_wconf 88' lang='lat' dir='ltr'><strong>populati</strong></span> <span class='ocrx_word' id='word_1_61' title='bbox 1219 1062 1375 1115; x_wconf 90' lang='lat' dir='ltr'><strong>sunt.</strong></span> <span class='ocrx_word' id='word_1_62' title='bbox 1394 1058 1639 1113; x_wconf 84' lang='lat' dir='ltr'><strong>Manlius</strong></span> <span class='ocrx_word' id='word_1_63' title='bbox 1659 1071 1787 1112; x_wconf 91' lang='lat' dir='ltr'><strong>cum</strong></span> <span class='ocrx_word' id='word_1_64' title='bbox 1810 1053 2040 1110; x_wconf 87' lang='lat' dir='ltr'><strong>victrici</strong></span> 
     </span>
    </p>
   </div>
   <div class='ocr_carea' id='block_1_11' title="bbox 383 1145 2039 1217">
    <p class='ocr_par' dir='ltr' id='par_1_11' title="bbox 383 1145 2039 1217">
     <span class='ocr_line' id='line_1_11' title="bbox 383 1145 2039 1217; baseline -0.007 -10"><span class='ocrx_word' id='word_1_65' title='bbox 383 1152 578 1208; x_wconf 89' lang='lat' dir='ltr'><strong>classe</strong></span> <span class='ocrx_word' id='word_1_66' title='bbox 619 1150 815 1206; x_wconf 87' lang='lat' dir='ltr'><strong>Africa</strong></span> <span class='ocrx_word' id='word_1_67' title='bbox 848 1149 1164 1213; x_wconf 85' lang='lat' dir='ltr'><strong>decedens,</strong></span> <span class='ocrx_word' id='word_1_68' title='bbox 1196 1151 1374 1203; x_wconf 88' lang='grc'>27000</span> <span class='ocrx_word' id='word_1_69' title='bbox 1403 1146 1768 1217; x_wconf 90' lang='lat' dir='ltr'><strong>captivorum</strong></span> <span class='ocrx_word' id='word_1_70' title='bbox 1802 1145 2039 1199; x_wconf 82' lang='lat' dir='ltr'><strong>Romam</strong></span> 
     </span>
    </p>
   </div>
   <div class='ocr_carea' id='block_1_12' title="bbox 383 1233 2042 1307">
    <p class='ocr_par' dir='ltr' id='par_1_12' title="bbox 383 1233 2042 1307">
     <span class='ocr_line' id='line_1_12' title="bbox 383 1233 2042 1307; baseline -0.005 -10"><span class='ocrx_word' id='word_1_71' title='bbox 383 1240 612 1306; x_wconf 86' lang='lat' dir='ltr'><strong>evexit;</strong></span> <span class='ocrx_word' id='word_1_72' title='bbox 638 1238 900 1307; x_wconf 78' lang='lat' dir='ltr'><strong>Regulus</strong></span> <span class='ocrx_word' id='word_1_73' title='bbox 920 1237 975 1292; x_wconf 92' lang='lat' dir='ltr'><strong>in</strong></span> <span class='ocrx_word' id='word_1_74' title='bbox 1002 1237 1197 1292; x_wconf 90' lang='lat' dir='ltr'><strong>Africa</strong></span> <span class='ocrx_word' id='word_1_75' title='bbox 1218 1249 1544 1304; x_wconf 89' lang='lat' dir='ltr'><strong>remanens,</strong></span> <span class='ocrx_word' id='word_1_76' title='bbox 1560 1236 1765 1290; x_wconf 90' lang='lat' dir='ltr'><strong>contra</strong></span> <span class='ocrx_word' id='word_1_77' title='bbox 1789 1238 1914 1289; x_wconf 89' lang='lat' dir='ltr'><strong>tres</strong></span> <span class='ocrx_word' id='word_1_78' title='bbox 1939 1233 2042 1289; x_wconf 91' lang='lat' dir='ltr'><strong>du-</strong></span> 
     </span>
    </p>
   </div>
   <div class='ocr_carea' id='block_1_13' title="bbox 384 1321 2039 1397">
    <p class='ocr_par' dir='ltr' id='par_1_13' title="bbox 384 1321 2039 1397">
     <span class='ocr_line' id='line_1_13' title="bbox 384 1321 2039 1397; baseline -0.004 -13"><span class='ocrx_word' id='word_1_79' title='bbox 384 1341 485 1385; x_wconf 89' lang='lat' dir='ltr'><strong>ces</strong></span> <span class='ocrx_word' id='word_1_80' title='bbox 508 1326 833 1397; x_wconf 89' lang='lat' dir='ltr'><strong>dimicavit,</strong></span> <span class='ocrx_word' id='word_1_81' title='bbox 861 1323 1245 1382; x_wconf 86' lang='lat' dir='ltr'><strong>Hastruhales</strong></span> <span class='ocrx_word' id='word_1_82' title='bbox 1266 1329 1327 1379; x_wconf 91' lang='lat' dir='ltr'><strong>et</strong></span> <span class='ocrx_word' id='word_1_83' title='bbox 1349 1323 1733 1379; x_wconf 85' lang='lat' dir='ltr'><strong>Halmicarem</strong></span> <span class='ocrx_word' id='word_1_84' title='bbox 1756 1337 1828 1377; x_wconf 90' lang='lat' dir='ltr'><strong>ex</strong></span> <span class='ocrx_word' id='word_1_85' title='bbox 1844 1321 2039 1377; x_wconf 90' lang='lat' dir='ltr'><strong>Sicilia</strong></span> 
     </span>
    </p>
   </div>
   <div class='ocr_carea' id='block_1_14' title="bbox 384 1410 2042 1485">
    <p class='ocr_par' dir='ltr' id='par_1_14' title="bbox 384 1410 2042 1485">
     <span class='ocr_line' id='line_1_14' title="bbox 384 1410 2042 1485; baseline -0.004 -14"><span class='ocrx_word' id='word_1_86' title='bbox 384 1415 659 1473; x_wconf 89' lang='lat' dir='ltr'><strong>accitum.</strong></span> <span class='ocrx_word' id='word_1_87' title='bbox 680 1417 937 1485; x_wconf 88' lang='lat' dir='ltr'><strong>Cumque</strong></span> <span class='ocrx_word' id='word_1_88' title='bbox 960 1413 1101 1469; x_wconf 91' lang='lat' dir='ltr'><strong>haut</strong></span> <span class='ocrx_word' id='word_1_89' title='bbox 1127 1412 1380 1485; x_wconf 92' lang='lat' dir='ltr'><strong>procula</strong></span> <span class='ocrx_word' id='word_1_90' title='bbox 1408 1411 1639 1467; x_wconf 83' lang='lat' dir='ltr'><strong>flumine</strong></span> <span class='ocrx_word' id='word_1_91' title='bbox 1664 1410 1925 1480; x_wconf 81' lang='lat' dir='ltr'><strong>Bagrada</strong></span> <span class='ocrx_word' id='word_1_92' title='bbox 1949 1425 2042 1466; x_wconf 89' lang='lat' dir='ltr'><strong>ca-</strong></span> 
     </span>
    </p>
   </div>
   <div class='ocr_carea' id='block_1_15' title="bbox 385 1500 2041 1577">
    <p class='ocr_par' dir='ltr' id='par_1_15' title="bbox 385 1500 2041 1577">
     <span class='ocr_line' id='line_1_15' title="bbox 385 1500 2041 1577; baseline -0.004 -16"><span class='ocrx_word' id='word_1_93' title='bbox 385 1508 509 1561; x_wconf 89' lang='lat' dir='ltr'><strong>stra</strong></span> <span class='ocrx_word' id='word_1_94' title='bbox 526 1504 843 1577; x_wconf 88' lang='lat' dir='ltr'><strong>posuisset,</strong></span> <span class='ocrx_word' id='word_1_95' title='bbox 861 1502 1077 1560; x_wconf 91' lang='lat' dir='ltr'><strong>multos</strong></span> <span class='ocrx_word' id='word_1_96' title='bbox 1089 1502 1337 1559; x_wconf 91' lang='lat' dir='ltr'><strong>militum</strong></span> <span class='ocrx_word' id='word_1_97' title='bbox 1354 1501 1424 1557; x_wconf 89' lang='lat' dir='ltr'><strong>ad</strong></span> <span class='ocrx_word' id='word_1_98' title='bbox 1449 1502 1660 1557; x_wconf 86' lang='lat' dir='ltr'><strong>ﬁumen</strong></span> <span class='ocrx_word' id='word_1_99' title='bbox 1686 1500 2041 1556; x_wconf 89' lang='lat' dir='ltr'><strong>descenden-</strong></span> 
     </span>
    </p>
   </div>
   <div class='ocr_carea' id='block_1_16' title="bbox 386 1587 2038 1664">
    <p class='ocr_par' dir='ltr' id='par_1_16' title="bbox 386 1587 2038 1664">
     <span class='ocr_line' id='line_1_16' title="bbox 386 1587 2038 1664; baseline -0.003 -16"><span class='ocrx_word' id='word_1_100' title='bbox 386 1596 480 1648; x_wconf 89' lang='lat' dir='ltr'><strong>tes</strong></span> <span class='ocrx_word' id='word_1_101' title='bbox 506 1607 753 1664; x_wconf 89' lang='lat' dir='ltr'><strong>serpens</strong></span> <span class='ocrx_word' id='word_1_102' title='bbox 784 1592 943 1648; x_wconf 69' lang='lat' dir='ltr'><strong>miraa</strong></span> <span class='ocrx_word' id='word_1_103' title='bbox 978 1590 1399 1661; x_wconf 84' lang='lat' dir='ltr'><strong>magnitudinis</strong></span> <span class='ocrx_word' id='word_1_104' title='bbox 1435 1588 1760 1645; x_wconf 89' lang='lat' dir='ltr'><strong>devoravit.</strong></span> <span class='ocrx_word' id='word_1_105' title='bbox 1781 1587 2038 1657; x_wconf 82' lang='lat' dir='ltr'><strong>Regulus</strong></span> 
     </span>
    </p>
   </div>
   <div class='ocr_carea' id='block_1_17' title="bbox 273 1676 2034 1752">
    <p class='ocr_par' dir='ltr' id='par_1_17' title="bbox 273 1676 2034 1752">
     <span class='ocr_line' id='line_1_17' title="bbox 273 1676 2034 1752; baseline -0.004 -14"><span class='ocrx_word' id='word_1_106' title='bbox 273 1709 291 1723; x_wconf 60' lang='grc' dir='ltr'>ς</span> <span class='ocrx_word' id='word_1_107' title='bbox 388 1682 460 1737; x_wconf 88' lang='lat' dir='ltr'><strong>ad</strong></span> <span class='ocrx_word' id='word_1_108' title='bbox 487 1680 933 1752; x_wconf 85' lang='lat' dir='ltr'><strong>expugnandam</strong></span> <span class='ocrx_word' id='word_1_109' title='bbox 950 1680 1195 1736; x_wconf 84' lang='lat' dir='ltr'><strong>bestiam</strong></span> <span class='ocrx_word' id='word_1_110' title='bbox 1211 1694 1341 1736; x_wconf 90' lang='lat' dir='ltr'><strong>cum</strong></span> <span class='ocrx_word' id='word_1_111' title='bbox 1363 1678 1625 1734; x_wconf 83' lang='lat' dir='ltr'><strong>exercitu</strong></span> <span class='ocrx_word' id='word_1_112' title='bbox 1652 1676 2034 1747; x_wconf 88' lang='lat' dir='ltr'><strong>descendens,</strong></span> 
     </span>
    </p>
   </div>
   <div class='ocr_carea' id='block_1_18' title="bbox 389 1765 2034 1839">
    <p class='ocr_par' dir='ltr' id='par_1_18' title="bbox 389 1765 2034 1839">
     <span class='ocr_line' id='line_1_18' title="bbox 389 1765 2034 1839; baseline -0.004 -14"><span class='ocrx_word' id='word_1_113' title='bbox 389 1769 651 1839; x_wconf 85' lang='lat' dir='ltr'><strong>squamis</strong></span> <span class='ocrx_word' id='word_1_114' title='bbox 673 1770 801 1838; x_wconf 87' lang='lat' dir='ltr'><strong>ejus</strong></span> <span class='ocrx_word' id='word_1_115' title='bbox 826 1768 943 1824; x_wconf 90' lang='lat' dir='ltr'><strong>tela</strong></span> <span class='ocrx_word' id='word_1_116' title='bbox 968 1784 1080 1823; x_wconf 88' lang='lat' dir='ltr'><strong>non</strong></span> <span class='ocrx_word' id='word_1_117' title='bbox 1104 1768 1551 1839; x_wconf 90' lang='lat' dir='ltr'><strong>recipientibus,</strong></span> <span class='ocrx_word' id='word_1_118' title='bbox 1568 1766 1745 1836; x_wconf 89' lang='lat' dir='ltr'><strong>jussit</strong></span> <span class='ocrx_word' id='word_1_119' title='bbox 1772 1765 2034 1835; x_wconf 89' lang='lat' dir='ltr'><strong>balistas,</strong></span> 
     </span>
    </p>
   </div>
   <div class='ocr_carea' id='block_1_19' title="bbox 390 1854 2123 1933">
    <p class='ocr_par' dir='ltr' id='par_1_19' title="bbox 390 1854 2123 1933">
     <span class='ocr_line' id='line_1_19' title="bbox 390 1854 2123 1933; baseline -0.003 -20"><span class='ocrx_word' id='word_1_120' title='bbox 390 1857 602 1928; x_wconf 90' lang='lat' dir='ltr'><strong>quibus</strong></span> <span class='ocrx_word' id='word_1_121' title='bbox 633 1857 779 1913; x_wconf 92' lang='lat' dir='ltr'><strong>muri</strong></span> <span class='ocrx_word' id='word_1_122' title='bbox 819 1856 1290 1927; x_wconf 91' lang='lat' dir='ltr'><strong>confringuntur,</strong></span> <span class='ocrx_word' id='word_1_123' title='bbox 1324 1855 1538 1925; x_wconf 85' lang='lat' dir='ltr'><strong>afferri,</strong></span> <span class='ocrx_word' id='word_1_124' title='bbox 1574 1856 1780 1925; x_wconf 90' lang='lat' dir='ltr'><strong>hisque</strong></span> <span class='ocrx_word' id='word_1_125' title='bbox 1802 1854 2037 1910; x_wconf 86' lang='lat' dir='ltr'><strong>ossibus</strong></span> <span class='ocrx_word' id='word_1_126' title='bbox 2067 1872 2123 1933; x_wconf 83' lang='grc' dir='ltr'>Β</span> 
     </span>
    </p>
   </div>
   <div class='ocr_carea' id='block_1_20' title="bbox 386 1944 2036 2015">
    <p class='ocr_par' dir='ltr' id='par_1_20' title="bbox 386 1944 2036 2015">
     <span class='ocr_line' id='line_1_20' title="bbox 386 1944 2036 2015; baseline -0.002 -14"><span class='ocrx_word' id='word_1_127' title='bbox 386 1944 515 2015; x_wconf 91' lang='lat' dir='ltr'><strong>ejus</strong></span> <span class='ocrx_word' id='word_1_128' title='bbox 547 1945 886 2015; x_wconf 90' lang='lat' dir='ltr'><strong>confractis,</strong></span> <span class='ocrx_word' id='word_1_129' title='bbox 922 1945 1114 2001; x_wconf 89' lang='lat' dir='ltr'><strong>occisa</strong></span> <span class='ocrx_word' id='word_1_130' title='bbox 1155 1948 1262 2000; x_wconf 90' lang='lat' dir='ltr'><strong>est.</strong></span> <span class='ocrx_word' id='word_1_131' title='bbox 1299 1946 1477 2015; x_wconf 91' lang='lat' dir='ltr'><strong>Cujus</strong></span> <span class='ocrx_word' id='word_1_132' title='bbox 1525 1944 1747 2000; x_wconf 92' lang='lat' dir='ltr'><strong>corium</strong></span> <span class='ocrx_word' id='word_1_133' title='bbox 1797 1945 2036 1999; x_wconf 90' lang='lat' dir='ltr'><strong>Romam</strong></span> 
     </span>
    </p>
   </div>
   <div class='ocr_carea' id='block_1_21' title="bbox 389 2033 2039 2105">
    <p class='ocr_par' dir='ltr' id='par_1_21' title="bbox 389 2033 2039 2105">
     <span class='ocr_line' id='line_1_21' title="bbox 389 2033 2039 2105; baseline -0.001 -16"><span class='ocrx_word' id='word_1_134' title='bbox 389 2034 698 2090; x_wconf 91' lang='lat' dir='ltr'><strong>devectum</strong></span> <span class='ocrx_word' id='word_1_135' title='bbox 722 2039 826 2090; x_wconf 88' lang='grc'><strong>120</strong></span> <span class='ocrx_word' id='word_1_136' title='bbox 849 2034 1060 2105; x_wconf 91' lang='lat' dir='ltr'><strong>pedum</strong></span> <span class='ocrx_word' id='word_1_137' title='bbox 1082 2033 1280 2105; x_wconf 91' lang='lat' dir='ltr'><strong>spacio</strong></span> <span class='ocrx_word' id='word_1_138' title='bbox 1299 2033 1517 2089; x_wconf 90' lang='lat' dir='ltr'><strong>dicitur</strong></span> <span class='ocrx_word' id='word_1_139' title='bbox 1534 2033 1876 2089; x_wconf 89' lang='lat' dir='ltr'><strong>distentum.</strong></span> <span class='ocrx_word' id='word_1_140' title='bbox 1904 2035 2039 2088; x_wconf 85' lang='lat' dir='ltr'><strong>Kar-</strong></span> 
     </span>
    </p>
   </div>
   <div class='ocr_carea' id='block_1_22' title="bbox 389 2122 2037 2193">
    <p class='ocr_par' dir='ltr' id='par_1_22' title="bbox 389 2122 2037 2193">
     <span class='ocr_line' id='line_1_22' title="bbox 389 2122 2037 2193; baseline 0.001 -15"><span class='ocrx_word' id='word_1_141' title='bbox 389 2122 725 2193; x_wconf 90' lang='lat' dir='ltr'><strong>taginenses</strong></span> <span class='ocrx_word' id='word_1_142' title='bbox 775 2124 972 2193; x_wconf 90' lang='lat' dir='ltr'><strong>itaque</strong></span> <span class='ocrx_word' id='word_1_143' title='bbox 1034 2122 1199 2178; x_wconf 87' lang='lat' dir='ltr'><strong>fracti</strong></span> <span class='ocrx_word' id='word_1_144' title='bbox 1234 2122 1421 2193; x_wconf 90' lang='lat' dir='ltr'><strong>bellis,</strong></span> <span class='ocrx_word' id='word_1_145' title='bbox 1458 2122 1611 2178; x_wconf 91' lang='lat' dir='ltr'><strong>inter</strong></span> <span class='ocrx_word' id='word_1_146' title='bbox 1642 2122 1858 2179; x_wconf 90' lang='lat' dir='ltr'><strong>multos</strong></span> <span class='ocrx_word' id='word_1_147' title='bbox 1888 2137 2037 2193; x_wconf 93' lang='lat' dir='ltr'><strong>quos</strong></span> 
     </span>
    </p>
   </div>
   <div class='ocr_carea' id='block_1_23' title="bbox 389 2211 2035 2284">
    <p class='ocr_par' dir='ltr' id='par_1_23' title="bbox 389 2211 2035 2284">
     <span class='ocr_line' id='line_1_23' title="bbox 389 2211 2035 2284; baseline 0.001 -17"><span class='ocrx_word' id='word_1_148' title='bbox 389 2212 590 2283; x_wconf 91' lang='lat' dir='ltr'><strong>precio</strong></span> <span class='ocrx_word' id='word_1_149' title='bbox 621 2211 1034 2269; x_wconf 86' lang='lat' dir='ltr'><strong>conduxerunt</strong></span> <span class='ocrx_word' id='word_1_150' title='bbox 1064 2212 1120 2267; x_wconf 90' lang='lat' dir='ltr'><strong>in</strong></span> <span class='ocrx_word' id='word_1_151' title='bbox 1153 2211 1429 2268; x_wconf 85' lang='lat' dir='ltr'><strong>auxilium</strong></span> <span class='ocrx_word' id='word_1_152' title='bbox 1461 2213 1812 2284; x_wconf 86' lang='lat' dir='ltr'><strong>Xantippum</strong></span> <span class='ocrx_word' id='word_1_153' title='bbox 1845 2227 2035 2283; x_wconf 86' lang='lat' dir='ltr'><strong>regem</strong></span> 
     </span>
    </p>
   </div>
   <div class='ocr_carea' id='block_1_24' title="bbox 386 2299 2035 2372">
    <p class='ocr_par' dir='ltr' id='par_1_24' title="bbox 386 2299 2035 2372">
     <span class='ocr_line' id='line_1_24' title="bbox 386 2299 2035 2372; baseline 0.001 -18"><span class='ocrx_word' id='word_1_154' title='bbox 386 2299 944 2356; x_wconf 89' lang='lat' dir='ltr'><strong>Lacedemoniorum</strong></span> <span class='ocrx_word' id='word_1_155' title='bbox 993 2299 1242 2356; x_wconf 90' lang='lat' dir='ltr'><strong>accitum</strong></span> <span class='ocrx_word' id='word_1_156' title='bbox 1295 2299 1449 2356; x_wconf 90' lang='lat' dir='ltr'><strong>bello</strong></span> <span class='ocrx_word' id='word_1_157' title='bbox 1501 2301 1891 2372; x_wconf 84' lang='lat' dir='ltr'><strong>prefecerunt.</strong></span> <span class='ocrx_word' id='word_1_158' title='bbox 1930 2302 2035 2368; x_wconf 89' lang='lat' dir='ltr'><strong>Qui</strong></span> 
     </span>
    </p>
   </div>
   <div class='ocr_carea' id='block_1_25' title="bbox 386 2387 2039 2462">
    <p class='ocr_par' dir='ltr' id='par_1_25' title="bbox 386 2387 2039 2462">
     <span class='ocr_line' id='line_1_25' title="bbox 386 2387 2039 2462; baseline 0.001 -17"><span class='ocrx_word' id='word_1_159' title='bbox 386 2402 517 2445; x_wconf 90' lang='lat' dir='ltr'><strong>cum</strong></span> <span class='ocrx_word' id='word_1_160' title='bbox 543 2388 855 2445; x_wconf 78' lang='lat' dir='ltr'><strong>Pcnnorum</strong></span> <span class='ocrx_word' id='word_1_161' title='bbox 880 2387 1066 2459; x_wconf 91' lang='lat' dir='ltr'><strong>copiis</strong></span> <span class='ocrx_word' id='word_1_162' title='bbox 1089 2387 1397 2445; x_wconf 89' lang='lat' dir='ltr'><strong>instructis</strong></span> <span class='ocrx_word' id='word_1_163' title='bbox 1411 2390 1481 2445; x_wconf 92' lang='lat' dir='ltr'><strong>ad</strong></span> <span class='ocrx_word' id='word_1_164' title='bbox 1496 2404 1745 2460; x_wconf 88' lang='lat' dir='ltr'><strong>pugnam</strong></span> <span class='ocrx_word' id='word_1_165' title='bbox 1762 2390 2039 2462; x_wconf 84' lang='lat' dir='ltr'><strong>procede-</strong></span> 
     </span>
    </p>
   </div>
   <div class='ocr_carea' id='block_1_26' title="bbox 387 2475 2033 2548">
    <p class='ocr_par' dir='ltr' id='par_1_26' title="bbox 387 2475 2033 2548">
     <span class='ocr_line' id='line_1_26' title="bbox 387 2475 2033 2548; baseline 0.001 -17"><span class='ocrx_word' id='word_1_166' title='bbox 387 2480 501 2546; x_wconf 92' lang='lat' dir='ltr'><strong>ret,</strong></span> <span class='ocrx_word' id='word_1_167' title='bbox 536 2480 606 2532; x_wconf 90' lang='lat' dir='ltr'><strong>3O</strong></span> <span class='ocrx_word' id='word_1_168' title='bbox 637 2475 793 2532; x_wconf 92' lang='lat' dir='ltr'><strong>milia</strong></span> <span class='ocrx_word' id='word_1_169' title='bbox 824 2477 1210 2533; x_wconf 89' lang='lat' dir='ltr'><strong>Romanorum</strong></span> <span class='ocrx_word' id='word_1_170' title='bbox 1259 2477 1507 2533; x_wconf 87' lang='lat' dir='ltr'><strong>militum</strong></span> <span class='ocrx_word' id='word_1_171' title='bbox 1550 2482 1845 2548; x_wconf 90' lang='lat' dir='ltr'><strong>prostrata</strong></span> <span class='ocrx_word' id='word_1_172' title='bbox 1879 2484 2033 2548; x_wconf 91' lang='lat' dir='ltr'><strong>sunt,</strong></span> 
     </span>
    </p>
   </div>
   <div class='ocr_carea' id='block_1_27' title="bbox 390 2562 2037 2638">
    <p class='ocr_par' dir='ltr' id='par_1_27' title="bbox 390 2562 2037 2638">
     <span class='ocr_line' id='line_1_27' title="bbox 390 2562 2037 2638; baseline 0.003 -20"><span class='ocrx_word' id='word_1_173' title='bbox 390 2562 652 2633; x_wconf 82' lang='lat' dir='ltr'><strong>Regulus</strong></span> <span class='ocrx_word' id='word_1_174' title='bbox 677 2564 795 2620; x_wconf 87' lang='lat' dir='ltr'><strong>dux</strong></span> <span class='ocrx_word' id='word_1_175' title='bbox 817 2563 915 2621; x_wconf 90' lang='lat' dir='ltr'><strong>ille</strong></span> <span class='ocrx_word' id='word_1_176' title='bbox 939 2564 1153 2621; x_wconf 91' lang='lat' dir='ltr'><strong>nobilis</strong></span> <span class='ocrx_word' id='word_1_177' title='bbox 1177 2580 1307 2622; x_wconf 92' lang='lat' dir='ltr'><strong>cum</strong></span> <span class='ocrx_word' id='word_1_178' title='bbox 1325 2566 1659 2636; x_wconf 85' lang='lat' dir='ltr'><strong>quingentis</strong></span> <span class='ocrx_word' id='word_1_179' title='bbox 1674 2567 1815 2622; x_wconf 90' lang='lat' dir='ltr'><strong>viris</strong></span> <span class='ocrx_word' id='word_1_180' title='bbox 1828 2570 2037 2638; x_wconf 88' lang='lat' dir='ltr'><strong>captus</strong></span> 
     </span>
    </p>
   </div>
   <div class='ocr_carea' id='block_1_28' title="bbox 389 2652 2036 2725">
    <p class='ocr_par' dir='ltr' id='par_1_28' title="bbox 389 2652 2036 2725">
     <span class='ocr_line' id='line_1_28' title="bbox 389 2652 2036 2725; baseline 0.001 -17"><span class='ocrx_word' id='word_1_181' title='bbox 389 2656 503 2723; x_wconf 87' lang='lat' dir='ltr'><strong>est,</strong></span> <span class='ocrx_word' id='word_1_182' title='bbox 536 2656 597 2708; x_wconf 91' lang='lat' dir='ltr'><strong>et</strong></span> <span class='ocrx_word' id='word_1_183' title='bbox 628 2652 684 2709; x_wconf 93' lang='lat' dir='ltr'><strong>in</strong></span> <span class='ocrx_word' id='word_1_184' title='bbox 716 2658 955 2709; x_wconf 88' lang='lat' dir='ltr'><strong>catenas</strong></span> <span class='ocrx_word' id='word_1_185' title='bbox 985 2653 1309 2725; x_wconf 89' lang='lat' dir='ltr'><strong>conjectus,</strong></span> <span class='ocrx_word' id='word_1_186' title='bbox 1346 2655 1573 2711; x_wconf 90' lang='lat' dir='ltr'><strong>decimo</strong></span> <span class='ocrx_word' id='word_1_187' title='bbox 1615 2655 1849 2711; x_wconf 88' lang='lat' dir='ltr'><strong>tandem</strong></span> <span class='ocrx_word' id='word_1_188' title='bbox 1899 2654 2036 2710; x_wconf 91' lang='lat' dir='ltr'><strong>belli</strong></span> 
     </span>
    </p>
   </div>
   <div class='ocr_carea' id='block_1_29' title="bbox 387 2740 2038 2814">
    <p class='ocr_par' dir='ltr' id='par_1_29' title="bbox 387 2740 2038 2814">
     <span class='ocr_line' id='line_1_29' title="bbox 387 2740 2038 2814; baseline 0.002 -18"><span class='ocrx_word' id='word_1_189' title='bbox 387 2740 591 2796; x_wconf 90' lang='lat' dir='ltr'><strong>Punici</strong></span> <span class='ocrx_word' id='word_1_190' title='bbox 627 2754 775 2796; x_wconf 89' lang='lat' dir='ltr'><strong>anno</strong></span> <span class='ocrx_word' id='word_1_191' title='bbox 806 2741 1057 2797; x_wconf 90' lang='lat' dir='ltr'><strong>nobilem</strong></span> <span class='ocrx_word' id='word_1_192' title='bbox 1108 2742 1466 2813; x_wconf 88' lang='lat' dir='ltr'><strong>triumphum</strong></span> <span class='ocrx_word' id='word_1_193' title='bbox 1519 2744 2038 2814; x_wconf 83' lang='lat' dir='ltr'><strong>Kartaginensibus</strong></span> 
     </span>
    </p>
   </div>
   <div class='ocr_carea' id='block_1_30' title="bbox 389 2828 2037 2902">
    <p class='ocr_par' dir='ltr' id='par_1_30' title="bbox 389 2828 2037 2902">
     <span class='ocr_line' id='line_1_30' title="bbox 389 2828 2037 2902; baseline 0.002 -17"><span class='ocrx_word' id='word_1_194' title='bbox 389 2828 572 2885; x_wconf 85' lang='lat' dir='ltr'><strong>dedit.</strong></span> <span class='ocrx_word' id='word_1_195' title='bbox 595 2829 923 2901; x_wconf 85' lang='lat' dir='ltr'><strong>Xantippus</strong></span> <span class='ocrx_word' id='word_1_196' title='bbox 939 2834 1058 2885; x_wconf 92' lang='lat' dir='ltr'><strong>tam</strong></span> <span class='ocrx_word' id='word_1_197' title='bbox 1080 2830 1320 2887; x_wconf 89' lang='lat' dir='ltr'><strong>audacis</strong></span> <span class='ocrx_word' id='word_1_198' title='bbox 1342 2832 1478 2887; x_wconf 89' lang='lat' dir='ltr'><strong>facti</strong></span> <span class='ocrx_word' id='word_1_199' title='bbox 1512 2834 1806 2902; x_wconf 86' lang='lat' dir='ltr'><strong>conscius,</strong></span> <span class='ocrx_word' id='word_1_200' title='bbox 1843 2846 2037 2889; x_wconf 88' lang='lat' dir='ltr'><strong>rerum</strong></span> 
     </span>
    </p>
   </div>
   <div class='ocr_carea' id='block_1_31' title="bbox 392 2915 2041 2989">
    <p class='ocr_par' dir='ltr' id='par_1_31' title="bbox 392 2915 2041 2989">
     <span class='ocr_line' id='line_1_31' title="bbox 392 2915 2041 2989; baseline 0.002 -18"><span class='ocrx_word' id='word_1_201' title='bbox 392 2915 752 2973; x_wconf 90' lang='lat' dir='ltr'><strong>instabilium</strong></span> <span class='ocrx_word' id='word_1_202' title='bbox 792 2918 1173 2974; x_wconf 91' lang='lat' dir='ltr'><strong>mutationem</strong></span> <span class='ocrx_word' id='word_1_203' title='bbox 1202 2918 1433 2989; x_wconf 91' lang='lat' dir='ltr'><strong>timens,</strong></span> <span class='ocrx_word' id='word_1_204' title='bbox 1460 2919 1593 2975; x_wconf 91' lang='lat' dir='ltr'><strong>ilico</strong></span> <span class='ocrx_word' id='word_1_205' title='bbox 1627 2935 1701 2975; x_wconf 86' lang='lat' dir='ltr'><strong>ex</strong></span> <span class='ocrx_word' id='word_1_206' title='bbox 1722 2922 1913 2977; x_wconf 90' lang='lat' dir='ltr'><strong>Africa</strong></span> <span class='ocrx_word' id='word_1_207' title='bbox 1939 2921 2041 2975; x_wconf 91' lang='lat' dir='ltr'><strong>mi-</strong></span> 
     </span>
    </p>
   </div>
   <div class='ocr_carea' id='block_1_32' title="bbox 387 3005 2042 3081">
    <p class='ocr_par' dir='ltr' id='par_1_32' title="bbox 387 3005 2042 3081">
     <span class='ocr_line' id='line_1_32' title="bbox 387 3005 2042 3081; baseline 0.004 -21"><span class='ocrx_word' id='word_1_208' title='bbox 387 3005 581 3075; x_wconf 90' lang='lat' dir='ltr'><strong>gravit</strong></span> <span class='ocrx_word' id='word_1_209' title='bbox 611 3005 667 3062; x_wconf 90' lang='lat' dir='ltr'><strong>in</strong></span> <span class='ocrx_word' id='word_1_210' title='bbox 700 3006 980 3062; x_wconf 84' lang='lat' dir='ltr'><strong>Greciam.</strong></span> <span class='ocrx_word' id='word_1_211' title='bbox 1008 3009 1149 3063; x_wconf 90' lang='lat' dir='ltr'><strong>Post</strong></span> <span class='ocrx_word' id='word_1_212' title='bbox 1169 3008 1292 3065; x_wconf 64' lang='lat' dir='ltr'><strong>haec</strong></span> <span class='ocrx_word' id='word_1_213' title='bbox 1315 3008 1452 3064; x_wconf 87' lang='lat' dir='ltr'><strong>fessi</strong></span> <span class='ocrx_word' id='word_1_214' title='bbox 1478 3014 1565 3065; x_wconf 85' lang='lat' dir='ltr'><strong>tot</strong></span> <span class='ocrx_word' id='word_1_215' title='bbox 1589 3009 1756 3066; x_wconf 91' lang='lat' dir='ltr'><strong>malis</strong></span> <span class='ocrx_word' id='word_1_216' title='bbox 1778 3011 2042 3081; x_wconf 86' lang='lat' dir='ltr'><strong>Kartagi-</strong></span> 
     </span>
    </p>
   </div>
   <div class='ocr_carea' id='block_1_33' title="bbox 395 3093 2041 3168">
    <p class='ocr_par' dir='ltr' id='par_1_33' title="bbox 395 3093 2041 3168">
     <span class='ocr_line' id='line_1_33' title="bbox 395 3093 2041 3168; baseline 0.004 -19"><span class='ocrx_word' id='word_1_217' title='bbox 395 3108 631 3165; x_wconf 88' lang='lat' dir='ltr'><strong>nenses,</strong></span> <span class='ocrx_word' id='word_1_218' title='bbox 662 3093 972 3165; x_wconf 89' lang='lat' dir='ltr'><strong>petendam</strong></span> <span class='ocrx_word' id='word_1_219' title='bbox 1005 3110 1133 3152; x_wconf 89' lang='lat' dir='ltr'><strong>esse</strong></span> <span class='ocrx_word' id='word_1_220' title='bbox 1167 3110 1366 3168; x_wconf 91' lang='lat' dir='ltr'><strong>pacem</strong></span> <span class='ocrx_word' id='word_1_221' title='bbox 1398 3111 1428 3153; x_wconf 93' lang='lat' dir='ltr'><strong>a</strong></span> <span class='ocrx_word' id='word_1_222' title='bbox 1460 3098 1735 3154; x_wconf 89' lang='lat' dir='ltr'><strong>Romanis</strong></span> <span class='ocrx_word' id='word_1_223' title='bbox 1767 3098 2041 3156; x_wconf 88' lang='lat' dir='ltr'><strong>decreve-</strong></span> 
     </span>
    </p>
   </div>
   <div class='ocr_carea' id='block_1_34' title="bbox 395 3182 2039 3256">
    <p class='ocr_par' dir='ltr' id='par_1_34' title="bbox 395 3182 2039 3256">
     <span class='ocr_line' id='line_1_34' title="bbox 395 3182 2039 3256; baseline 0.005 -19"><span class='ocrx_word' id='word_1_224' title='bbox 395 3186 554 3253; x_wconf 89' lang='lat' dir='ltr'><strong>runt,</strong></span> <span class='ocrx_word' id='word_1_225' title='bbox 580 3182 653 3239; x_wconf 92' lang='lat' dir='ltr'><strong>ad</strong></span> <span class='ocrx_word' id='word_1_226' title='bbox 685 3197 856 3254; x_wconf 90' lang='lat' dir='ltr'><strong>quam</strong></span> <span class='ocrx_word' id='word_1_227' title='bbox 892 3198 1011 3238; x_wconf 91' lang='lat' dir='ltr'><strong>rem</strong></span> <span class='ocrx_word' id='word_1_228' title='bbox 1044 3183 1284 3240; x_wconf 81' lang='lat' dir='ltr'><strong>Atilium</strong></span> <span class='ocrx_word' id='word_1_229' title='bbox 1318 3185 1606 3256; x_wconf 90' lang='lat' dir='ltr'><strong>Regulum</strong></span> <span class='ocrx_word' id='word_1_230' title='bbox 1639 3194 1808 3243; x_wconf 89' lang='lat' dir='ltr'><strong>antea</strong></span> <span class='ocrx_word' id='word_1_231' title='bbox 1833 3189 2039 3245; x_wconf 90' lang='lat' dir='ltr'><strong>ducem</strong></span> 
     </span>
    </p>
   </div>
   <div class='ocr_carea' id='block_1_35' title="bbox 391 3269 2039 3345">
    <p class='ocr_par' dir='ltr' id='par_1_35' title="bbox 391 3269 2039 3345">
     <span class='ocr_line' id='line_1_35' title="bbox 391 3269 2039 3345; baseline 0.004 -20"><span class='ocrx_word' id='word_1_232' title='bbox 391 3269 800 3339; x_wconf 88' lang='lat' dir='ltr'><strong>Romanorum,</strong></span> <span class='ocrx_word' id='word_1_233' title='bbox 828 3286 995 3342; x_wconf 90' lang='lat' dir='ltr'><strong>quem</strong></span> <span class='ocrx_word' id='word_1_234' title='bbox 1010 3273 1127 3344; x_wconf 89' lang='lat' dir='ltr'><strong>jam</strong></span> <span class='ocrx_word' id='word_1_235' title='bbox 1150 3288 1255 3344; x_wconf 87' lang='lat' dir='ltr'><strong>per</strong></span> <span class='ocrx_word' id='word_1_236' title='bbox 1278 3274 1735 3345; x_wconf 90' lang='lat' dir='ltr'><strong>quinquennium</strong></span> <span class='ocrx_word' id='word_1_237' title='bbox 1759 3279 2039 3333; x_wconf 90' lang='lat' dir='ltr'><strong>tenebant</strong></span> 
     </span>
    </p>
   </div>
   <div class='ocr_carea' id='block_1_36' title="bbox 387 3359 2039 3437">
    <p class='ocr_par' dir='ltr' id='par_1_36' title="bbox 387 3359 2039 3437">
     <span class='ocr_line' id='line_1_36' title="bbox 387 3359 2039 3437; baseline 0.004 -24"><span class='ocrx_word' id='word_1_238' title='bbox 387 3359 704 3431; x_wconf 91' lang='lat' dir='ltr'><strong>captivum,</strong></span> <span class='ocrx_word' id='word_1_239' title='bbox 726 3359 880 3416; x_wconf 91' lang='lat' dir='ltr'><strong>inter</strong></span> <span class='ocrx_word' id='word_1_240' title='bbox 893 3365 1129 3418; x_wconf 86' lang='lat' dir='ltr'><strong>ceteros</strong></span> <span class='ocrx_word' id='word_1_241' title='bbox 1144 3360 1371 3432; x_wconf 88' lang='lat' dir='ltr'><strong>legatos</strong></span> <span class='ocrx_word' id='word_1_242' title='bbox 1389 3363 2039 3437; x_wconf 85' lang='lat' dir='ltr'><strong>precipue‘putaverunt</strong></span> 
     </span>
    </p>
   </div>
   <div class='ocr_carea' id='block_1_37' title="bbox 280 3448 2041 3524">
    <p class='ocr_par' dir='ltr' id='par_1_37' title="bbox 280 3448 2041 3524">
     <span class='ocr_line' id='line_1_37' title="bbox 280 3448 2041 3524; baseline 0.003 -19"><span class='ocrx_word' id='word_1_243' title='bbox 280 3501 284 3505; x_wconf 81' lang='lat'><strong>.</strong></span> <span class='ocrx_word' id='word_1_244' title='bbox 389 3448 768 3507; x_wconf 90' lang='lat' dir='ltr'><strong>mittendum.</strong></span> <span class='ocrx_word' id='word_1_245' title='bbox 799 3448 908 3517; x_wconf 86' lang='lat' dir='ltr'><strong>Qui</strong></span> <span class='ocrx_word' id='word_1_246' title='bbox 941 3466 1072 3508; x_wconf 90' lang='lat' dir='ltr'><strong>cum</strong></span> <span class='ocrx_word' id='word_1_247' title='bbox 1103 3453 1342 3509; x_wconf 90' lang='lat' dir='ltr'><strong>Romam</strong></span> <span class='ocrx_word' id='word_1_248' title='bbox 1366 3453 1613 3524; x_wconf 85' lang='lat' dir='ltr'><strong>veniret,</strong></span> <span class='ocrx_word' id='word_1_249' title='bbox 1640 3454 1852 3512; x_wconf 88' lang='lat' dir='ltr'><strong>ductus</strong></span> <span class='ocrx_word' id='word_1_250' title='bbox 1874 3455 1931 3509; x_wconf 91' lang='lat' dir='ltr'><strong>in</strong></span> <span class='ocrx_word' id='word_1_251' title='bbox 1956 3470 2041 3511; x_wconf 89' lang='lat' dir='ltr'><strong>se-</strong></span> 
     </span>
    </p>
   </div>
   <div class='ocr_carea' id='block_1_38' title="bbox 391 3538 2041 3613">
    <p class='ocr_par' dir='ltr' id='par_1_38' title="bbox 391 3538 2041 3613">
     <span class='ocr_line' id='line_1_38' title="bbox 391 3538 2041 3613; baseline 0.005 -22"><span class='ocrx_word' id='word_1_252' title='bbox 391 3540 611 3608; x_wconf 87' lang='lat' dir='ltr'><strong>natum,</strong></span> <span class='ocrx_word' id='word_1_253' title='bbox 648 3538 825 3594; x_wconf 87' lang='lat' dir='ltr'><strong>nichil</strong></span> <span class='ocrx_word' id='word_1_254' title='bbox 859 3539 1021 3609; x_wconf 89' lang='lat' dir='ltr'><strong>quasi</strong></span> <span class='ocrx_word' id='word_1_255' title='bbox 1051 3541 1345 3598; x_wconf 89' lang='lat' dir='ltr'><strong>Romanus</strong></span> <span class='ocrx_word' id='word_1_256' title='bbox 1376 3542 1515 3611; x_wconf 88' lang='lat' dir='ltr'><strong>egit,</strong></span> <span class='ocrx_word' id='word_1_257' title='bbox 1552 3541 1817 3613; x_wconf 87' lang='lat' dir='ltr'><strong>dixitque</strong></span> <span class='ocrx_word' id='word_1_258' title='bbox 1867 3558 1931 3599; x_wconf 91' lang='lat' dir='ltr'><strong>se</strong></span> <span class='ocrx_word' id='word_1_259' title='bbox 1968 3558 2041 3599; x_wconf 87' lang='lat' dir='ltr'><strong>ex</strong></span> 
     </span>
    </p>
   </div>
   <div class='ocr_carea' id='block_1_39' title="bbox 393 3624 2042 3702">
    <p class='ocr_par' dir='ltr' id='par_1_39' title="bbox 393 3624 2042 3702">
     <span class='ocr_line' id='line_1_39' title="bbox 393 3624 2042 3702; baseline 0.007 -24"><span class='ocrx_word' id='word_1_260' title='bbox 393 3624 492 3680; x_wconf 93' lang='lat' dir='ltr'><strong>illa</strong></span> <span class='ocrx_word' id='word_1_261' title='bbox 516 3625 632 3696; x_wconf 89' lang='lat' dir='ltr'><strong>die,</strong></span> <span class='ocrx_word' id='word_1_262' title='bbox 650 3640 840 3696; x_wconf 87' lang='lat' dir='ltr'><strong>quam</strong></span> <span class='ocrx_word' id='word_1_263' title='bbox 865 3632 1219 3698; x_wconf 90' lang='lat' dir='ltr'><strong>potestatem</strong></span> <span class='ocrx_word' id='word_1_264' title='bbox 1243 3630 1512 3686; x_wconf 78' lang='lat' dir='ltr'><strong>Afrorum</strong></span> <span class='ocrx_word' id='word_1_265' title='bbox 1536 3630 1810 3702; x_wconf 89' lang='lat' dir='ltr'><strong>venisset,</strong></span> <span class='ocrx_word' id='word_1_266' title='bbox 1837 3633 2042 3689; x_wconf 86' lang='lat' dir='ltr'><strong>Roma-</strong></span> 
     </span>
    </p>
   </div>
   <div class='ocr_carea' id='block_1_40' title="bbox 389 3713 2038 3792">
    <p class='ocr_par' dir='ltr' id='par_1_40' title="bbox 389 3713 2038 3792">
     <span class='ocr_line' id='line_1_40' title="bbox 389 3713 2038 3792; baseline 0.005 -24"><span class='ocrx_word' id='word_1_267' title='bbox 389 3726 528 3769; x_wconf 90' lang='lat' dir='ltr'><strong>num</strong></span> <span class='ocrx_word' id='word_1_268' title='bbox 555 3726 683 3769; x_wconf 90' lang='lat' dir='ltr'><strong>esse</strong></span> <span class='ocrx_word' id='word_1_269' title='bbox 713 3713 782 3746; x_wconf 77' lang='grc'><strong>⁸⁸⁸</strong></span> <span class='ocrx_word' id='word_1_270' title='bbox 814 3715 1059 3773; x_wconf 89' lang='lat' dir='ltr'><strong>desisse.</strong></span> <span class='ocrx_word' id='word_1_271' title='bbox 1085 3716 1285 3787; x_wconf 81' lang='lat' dir='ltr'><strong>Itaque</strong></span> <span class='ocrx_word' id='word_1_272' title='bbox 1307 3722 1367 3774; x_wconf 91' lang='lat' dir='ltr'><strong>et</strong></span> <span class='ocrx_word' id='word_1_273' title='bbox 1400 3733 1637 3774; x_wconf 89' lang='lat' dir='ltr'><strong>uxorem</strong></span> <span class='ocrx_word' id='word_1_274' title='bbox 1670 3734 1700 3775; x_wconf 91' lang='lat' dir='ltr'><strong>a</strong></span> <span class='ocrx_word' id='word_1_275' title='bbox 1730 3721 2038 3792; x_wconf 86' lang='lat' dir='ltr'><strong>complexu</strong></span> 
     </span>
    </p>
   </div>
   <div class='ocr_carea' id='block_1_41' title="bbox 393 3800 2036 3877">
    <p class='ocr_par' dir='ltr' id='par_1_41' title="bbox 393 3800 2036 3877">
     <span class='ocr_line' id='line_1_41' title="bbox 393 3800 2036 3877; baseline 0.004 -22"><span class='ocrx_word' id='word_1_276' title='bbox 393 3800 664 3871; x_wconf 85' lang='lat' dir='ltr'><strong>removit,</strong></span> <span class='ocrx_word' id='word_1_277' title='bbox 699 3806 758 3856; x_wconf 90' lang='lat' dir='ltr'><strong>et</strong></span> <span class='ocrx_word' id='word_1_278' title='bbox 783 3804 1011 3859; x_wconf 85' lang='lat' dir='ltr'><strong>senatui</strong></span> <span class='ocrx_word' id='word_1_279' title='bbox 1045 3804 1252 3873; x_wconf 91' lang='lat' dir='ltr'><strong>suasit,</strong></span> <span class='ocrx_word' id='word_1_280' title='bbox 1278 3819 1349 3860; x_wconf 91' lang='lat' dir='ltr'><strong>ne</strong></span> <span class='ocrx_word' id='word_1_281' title='bbox 1373 3820 1485 3877; x_wconf 88' lang='lat' dir='ltr'><strong>pax</strong></span> <span class='ocrx_word' id='word_1_282' title='bbox 1508 3821 1637 3862; x_wconf 92' lang='lat' dir='ltr'><strong>cum</strong></span> <span class='ocrx_word' id='word_1_283' title='bbox 1672 3808 1826 3863; x_wconf 87' lang='lat' dir='ltr'><strong>Afris</strong></span> <span class='ocrx_word' id='word_1_284' title='bbox 1850 3808 2036 3864; x_wconf 82' lang='lat' dir='ltr'><strong>fieret.</strong></span> 
     </span>
    </p>
   </div>
   <div class='ocr_carea' id='block_1_42' title="bbox 391 3887 2042 3962">
    <p class='ocr_par' dir='ltr' id='par_1_42' title="bbox 391 3887 2042 3962">
     <span class='ocr_line' id='line_1_42' title="bbox 391 3887 2042 3962; baseline 0.007 -19"><span class='ocrx_word' id='word_1_285' title='bbox 391 3887 559 3954; x_wconf 84' lang='lat' dir='ltr'><strong>Quod</strong></span> <span class='ocrx_word' id='word_1_286' title='bbox 585 3894 644 3944; x_wconf 89' lang='lat' dir='ltr'><strong>et</strong></span> <span class='ocrx_word' id='word_1_287' title='bbox 673 3890 950 3947; x_wconf 88' lang='lat' dir='ltr'><strong>obtinuit.</strong></span> <span class='ocrx_word' id='word_1_288' title='bbox 987 3894 1246 3962; x_wconf 88' lang='lat' dir='ltr'><strong>Cumque</strong></span> <span class='ocrx_word' id='word_1_289' title='bbox 1280 3894 1501 3950; x_wconf 89' lang='lat' dir='ltr'><strong>vellent</strong></span> <span class='ocrx_word' id='word_1_290' title='bbox 1552 3910 1680 3952; x_wconf 90' lang='lat' dir='ltr'><strong>eum</strong></span> <span class='ocrx_word' id='word_1_291' title='bbox 1731 3897 1925 3954; x_wconf 68' lang='lat' dir='ltr'><strong>Romae</strong></span> <span class='ocrx_word' id='word_1_292' title='bbox 1956 3902 2042 3955; x_wconf 89' lang='lat' dir='ltr'><strong>te-</strong></span> 
     </span>
    </p>
   </div>
   <div class='ocr_carea' id='block_1_43' title="bbox 392 3978 2036 4059">
    <p class='ocr_par' dir='ltr' id='par_1_43' title="bbox 392 3978 2036 4059">
     <span class='ocr_line' id='line_1_43' title="bbox 392 3978 2036 4059; baseline 0.009 -28"><span class='ocrx_word' id='word_1_293' title='bbox 392 3989 553 4047; x_wconf 90' lang='lat' dir='ltr'><strong>nere,</strong></span> <span class='ocrx_word' id='word_1_294' title='bbox 588 3978 822 4048; x_wconf 88' lang='lat' dir='ltr'><strong>negavit</strong></span> <span class='ocrx_word' id='word_1_295' title='bbox 870 3994 933 4036; x_wconf 89' lang='lat' dir='ltr'><strong>se</strong></span> <span class='ocrx_word' id='word_1_296' title='bbox 985 3981 1040 4035; x_wconf 92' lang='lat' dir='ltr'><strong>in</strong></span> <span class='ocrx_word' id='word_1_297' title='bbox 1084 3996 1151 4037; x_wconf 91' lang='lat' dir='ltr'><strong>ea</strong></span> <span class='ocrx_word' id='word_1_298' title='bbox 1200 3982 1345 4038; x_wconf 88' lang='lat' dir='ltr'><strong>urbe</strong></span> <span class='ocrx_word' id='word_1_299' title='bbox 1387 3998 1747 4056; x_wconf 89' lang='lat' dir='ltr'><strong>mansurum,</strong></span> <span class='ocrx_word' id='word_1_300' title='bbox 1798 3986 1853 4040; x_wconf 92' lang='lat' dir='ltr'><strong>in</strong></span> <span class='ocrx_word' id='word_1_301' title='bbox 1904 4002 2036 4059; x_wconf 88' lang='lat' dir='ltr'><strong>qua,</strong></span> 
     </span>
    </p>
   </div>
   <div class='ocr_carea' id='block_1_44' title="bbox 391 4068 2039 4141">
    <p class='ocr_par' dir='ltr' id='par_1_44' title="bbox 391 4068 2039 4141">
     <span class='ocr_line' id='line_1_44' title="bbox 391 4068 2039 4141; baseline 0.007 -19"><span class='ocrx_word' id='word_1_302' title='bbox 391 4069 701 4137; x_wconf 87' lang='lat' dir='ltr'><strong>postquam</strong></span> <span class='ocrx_word' id='word_1_303' title='bbox 734 4068 890 4125; x_wconf 88' lang='lat' dir='ltr'><strong>Afris</strong></span> <span class='ocrx_word' id='word_1_304' title='bbox 923 4069 1216 4141; x_wconf 90' lang='lat' dir='ltr'><strong>servierit,</strong></span> <span class='ocrx_word' id='word_1_305' title='bbox 1253 4072 1596 4141; x_wconf 88' lang='lat' dir='ltr'><strong>dignitatem</strong></span> <span class='ocrx_word' id='word_1_306' title='bbox 1635 4075 1781 4132; x_wconf 90' lang='lat' dir='ltr'><strong>civis</strong></span> <span class='ocrx_word' id='word_1_307' title='bbox 1810 4076 2039 4133; x_wconf 88' lang='lat' dir='ltr'><strong>honesti</strong></span> 
     </span>
    </p>
   </div>
   <div class='ocr_carea' id='block_1_45' title="bbox 393 4153 2040 4234">
    <p class='ocr_par' dir='ltr' id='par_1_45' title="bbox 393 4153 2040 4234">
     <span class='ocr_line' id='line_1_45' title="bbox 393 4153 2040 4234; baseline 0.008 -26"><span class='ocrx_word' id='word_1_308' title='bbox 393 4153 609 4212; x_wconf 89' lang='lat' dir='ltr'><strong>habere</strong></span> <span class='ocrx_word' id='word_1_309' title='bbox 640 4171 754 4213; x_wconf 91' lang='lat' dir='ltr'><strong>non</strong></span> <span class='ocrx_word' id='word_1_310' title='bbox 786 4164 1009 4229; x_wconf 87' lang='lat' dir='ltr'><strong>posset.</strong></span> <span class='ocrx_word' id='word_1_311' title='bbox 1043 4159 1238 4215; x_wconf 86' lang='lat' dir='ltr'><strong>Rediit</strong></span> <span class='ocrx_word' id='word_1_312' title='bbox 1270 4175 1409 4232; x_wconf 90' lang='lat' dir='ltr'><strong>ergo</strong></span> <span class='ocrx_word' id='word_1_313' title='bbox 1441 4163 1829 4234; x_wconf 85' lang='lat' dir='ltr'><strong>Kartaginem.</strong></span> <span class='ocrx_word' id='word_1_314' title='bbox 1859 4165 2040 4233; x_wconf 90' lang='lat' dir='ltr'><strong>Quem</strong></span> 
     </span>
    </p>
   </div>
   <div class='ocr_carea' id='block_1_46' title="bbox 392 4247 2042 4320">
    <p class='ocr_par' dir='ltr' id='par_1_46' title="bbox 392 4247 2042 4320">
     <span class='ocr_line' id='line_1_46' title="bbox 392 4247 2042 4320; baseline 0.008 -22"><span class='ocrx_word' id='word_1_315' title='bbox 392 4255 726 4313; x_wconf 84' lang='lat' dir='ltr'><strong>regressum</strong></span> <span class='ocrx_word' id='word_1_316' title='bbox 759 4247 1039 4305; x_wconf 85' lang='lat' dir='ltr'><strong>machinae</strong></span> <span class='ocrx_word' id='word_1_317' title='bbox 1070 4247 1446 4320; x_wconf 86' lang='lat' dir='ltr'><strong>illigaverunt</strong></span> <span class='ocrx_word' id='word_1_318' title='bbox 1477 4256 1535 4307; x_wconf 89' lang='lat' dir='ltr'><strong>et</strong></span> <span class='ocrx_word' id='word_1_319' title='bbox 1557 4252 1629 4308; x_wconf 91' lang='lat' dir='ltr'><strong>ad</strong></span> <span class='ocrx_word' id='word_1_320' title='bbox 1652 4254 1878 4311; x_wconf 89' lang='lat' dir='ltr'><strong>radium</strong></span> <span class='ocrx_word' id='word_1_321' title='bbox 1898 4256 2042 4312; x_wconf 91' lang='lat' dir='ltr'><strong>solis</strong></span> 
     </span>
    </p>
   </div>
   <div class='ocr_carea' id='block_1_47' title="bbox 389 4335 2039 4415">
    <p class='ocr_par' dir='ltr' id='par_1_47' title="bbox 389 4335 2039 4415">
     <span class='ocr_line' id='line_1_47' title="bbox 389 4335 2039 4415; baseline 0.007 -28"><span class='ocrx_word' id='word_1_322' title='bbox 389 4345 619 4404; x_wconf 83' lang='lat' dir='ltr'><strong>semper</strong></span> <span class='ocrx_word' id='word_1_323' title='bbox 669 4336 828 4391; x_wconf 89' lang='lat' dir='ltr'><strong>stare</strong></span> <span class='ocrx_word' id='word_1_324' title='bbox 880 4335 1162 4409; x_wconf 87' lang='lat' dir='ltr'><strong>fecerunt,</strong></span> <span class='ocrx_word' id='word_1_325' title='bbox 1211 4340 1575 4411; x_wconf 90' lang='lat' dir='ltr'><strong>resectisque</strong></span> <span class='ocrx_word' id='word_1_326' title='bbox 1624 4343 1946 4415; x_wconf 88' lang='lat' dir='ltr'><strong>palpebris,</strong></span> <span class='ocrx_word' id='word_1_327' title='bbox 1983 4344 2039 4399; x_wconf 91' lang='lat' dir='ltr'><strong>in</strong></span> 
     </span>
    </p>
   </div>
   <div class='ocr_carea' id='block_1_48' title="bbox 388 4420 2039 4503">
    <p class='ocr_par' dir='ltr' id='par_1_48' title="bbox 388 4420 2039 4503">
     <span class='ocr_line' id='line_1_48' title="bbox 388 4420 2039 4503; baseline 0.007 -27"><span class='ocrx_word' id='word_1_328' title='bbox 388 4433 593 4478; x_wconf 88' lang='lat' dir='ltr'><strong>somno</strong></span> <span class='ocrx_word' id='word_1_329' title='bbox 620 4420 689 4455; x_wconf 80' lang='grc'><strong>³⁸⁸</strong></span> <span class='ocrx_word' id='word_1_330' title='bbox 716 4430 1092 4482; x_wconf 89' lang='lat' dir='ltr'><strong>necaverunt.</strong></span> <span class='ocrx_word' id='word_1_331' title='bbox 1120 4426 1283 4483; x_wconf 86' lang='lat' dir='ltr'><strong>Alter</strong></span> <span class='ocrx_word' id='word_1_332' title='bbox 1313 4429 1523 4486; x_wconf 91' lang='lat' dir='ltr'><strong>deinde</strong></span> <span class='ocrx_word' id='word_1_333' title='bbox 1545 4431 1758 4489; x_wconf 85' lang='lat' dir='ltr'><strong>Atilius</strong></span> <span class='ocrx_word' id='word_1_334' title='bbox 1780 4432 2039 4503; x_wconf 85' lang='lat' dir='ltr'><strong>Regulus</strong></span> 
     </span>
    </p>
   </div>
   <div class='ocr_carea' id='block_1_49' title="bbox 387 4510 2039 4592">
    <p class='ocr_par' dir='ltr' id='par_1_49' title="bbox 387 4510 2039 4592">
     <span class='ocr_line' id='line_1_49' title="bbox 387 4510 2039 4592; baseline 0.008 -27"><span class='ocrx_word' id='word_1_335' title='bbox 387 4512 444 4566; x_wconf 91' lang='lat' dir='ltr'><strong>et</strong></span> <span class='ocrx_word' id='word_1_336' title='bbox 478 4510 725 4569; x_wconf 83' lang='lat' dir='ltr'><strong>Manlius</strong></span> <span class='ocrx_word' id='word_1_337' title='bbox 757 4510 986 4585; x_wconf 88' lang='lat' dir='ltr'><strong>Vulsco,</strong></span> <span class='ocrx_word' id='word_1_338' title='bbox 1018 4516 1187 4571; x_wconf 90' lang='lat' dir='ltr'><strong>ambo</strong></span> <span class='ocrx_word' id='word_1_339' title='bbox 1221 4517 1312 4573; x_wconf 90' lang='lat' dir='ltr'><strong>bis</strong></span> <span class='ocrx_word' id='word_1_340' title='bbox 1345 4520 1638 4592; x_wconf 88' lang='lat' dir='ltr'><strong>consules,</strong></span> <span class='ocrx_word' id='word_1_341' title='bbox 1676 4536 1805 4577; x_wconf 90' lang='lat' dir='ltr'><strong>cum</strong></span> <span class='ocrx_word' id='word_1_342' title='bbox 1847 4522 2039 4579; x_wconf 89' lang='lat' dir='ltr'><strong>classe</strong></span> 
     </span>
    </p>
   </div>
   <div class='ocr_carea' id='block_1_50' title="bbox 2154 604 3800 676">
    <p class='ocr_par' dir='ltr' id='par_1_50' title="bbox 2154 604 3800 676">
     <span class='ocr_line' id='line_1_50' title="bbox 2154 604 3800 676; baseline 0.001 -16"><span class='ocrx_word' id='word_1_343' title='bbox 2154 610 2325 676; x_wconf 86' lang='lat' dir='ltr'><strong>capta</strong></span> <span class='ocrx_word' id='word_1_344' title='bbox 2360 606 2716 661; x_wconf 90' lang='lat' dir='ltr'><strong>referuntur.</strong></span> <span class='ocrx_word' id='word_1_345' title='bbox 2748 605 2905 661; x_wconf 84' lang='lat' dir='ltr'><strong>inter</strong></span> <span class='ocrx_word' id='word_1_346' title='bbox 2936 604 3059 661; x_wconf 67' lang='lat' dir='ltr'><strong>haec</strong></span> <span class='ocrx_word' id='word_1_347' title='bbox 3097 606 3373 663; x_wconf 90' lang='lat' dir='ltr'><strong>Lutacius</strong></span> <span class='ocrx_word' id='word_1_348' title='bbox 3414 608 3627 664; x_wconf 88' lang='lat' dir='ltr'><strong>consul</strong></span> <span class='ocrx_word' id='word_1_349' title='bbox 3673 623 3800 664; x_wconf 90' lang='lat' dir='ltr'><strong>cum</strong></span> 
     </span>
    </p>
   </div>
   <div class='ocr_carea' id='block_1_51' title="bbox 2154 693 3799 754">
    <p class='ocr_par' dir='ltr' id='par_1_51' title="bbox 2154 693 3799 754">
     <span class='ocr_line' id='line_1_51' title="bbox 2154 693 3799 754; baseline 0.002 -5"><span class='ocrx_word' id='word_1_350' title='bbox 2154 693 2344 749; x_wconf 88' lang='lat' dir='ltr'><strong>classe</strong></span> <span class='ocrx_word' id='word_1_351' title='bbox 2376 698 2773 749; x_wconf 91' lang='lat' dir='ltr'><strong>trecentarum</strong></span> <span class='ocrx_word' id='word_1_352' title='bbox 2806 693 3117 750; x_wconf 90' lang='lat' dir='ltr'><strong>naviumin</strong></span> <span class='ocrx_word' id='word_1_353' title='bbox 3142 695 3391 752; x_wconf 79' lang='lat' dir='ltr'><strong>Siciliam</strong></span> <span class='ocrx_word' id='word_1_354' title='bbox 3424 700 3799 754; x_wconf 89' lang='lat' dir='ltr'><strong>transvectus</strong></span> 
     </span>
    </p>
   </div>
   <div class='ocr_carea' id='block_1_52' title="bbox 2154 781 3798 856">
    <p class='ocr_par' dir='ltr' id='par_1_52' title="bbox 2154 781 3798 856">
     <span class='ocr_line' id='line_1_52' title="bbox 2154 781 3798 856; baseline 0.002 -19"><span class='ocrx_word' id='word_1_355' title='bbox 2154 787 2263 849; x_wconf 87' lang='lat' dir='ltr'><strong>est,</strong></span> <span class='ocrx_word' id='word_1_356' title='bbox 2293 782 2385 838; x_wconf 93' lang='lat' dir='ltr'><strong>cui</strong></span> <span class='ocrx_word' id='word_1_357' title='bbox 2418 782 2730 838; x_wconf 88' lang='lat' dir='ltr'><strong>Poenicum</strong></span> <span class='ocrx_word' id='word_1_358' title='bbox 2755 781 3173 852; x_wconf 90' lang='lat' dir='ltr'><strong>quadragentis</strong></span> <span class='ocrx_word' id='word_1_359' title='bbox 3195 784 3440 840; x_wconf 90' lang='lat' dir='ltr'><strong>navibus</strong></span> <span class='ocrx_word' id='word_1_360' title='bbox 3459 785 3798 856; x_wconf 86' lang='lat' dir='ltr'><strong>magnisque</strong></span> 
     </span>
    </p>
   </div>
   <div class='ocr_carea' id='block_1_53' title="bbox 2154 871 3798 944">
    <p class='ocr_par' dir='ltr' id='par_1_53' title="bbox 2154 871 3798 944">
     <span class='ocr_line' id='line_1_53' title="bbox 2154 871 3798 944; baseline 0.002 -19"><span class='ocrx_word' id='word_1_361' title='bbox 2154 871 2341 942; x_wconf 92' lang='lat' dir='ltr'><strong>copiis</strong></span> <span class='ocrx_word' id='word_1_362' title='bbox 2362 872 2636 926; x_wconf 85' lang='lat' dir='ltr'><strong>Hannone</strong></span> <span class='ocrx_word' id='word_1_363' title='bbox 2662 871 2809 926; x_wconf 91' lang='lat' dir='ltr'><strong>duce</strong></span> <span class='ocrx_word' id='word_1_364' title='bbox 2833 875 3174 937; x_wconf 90' lang='lat' dir='ltr'><strong>occurrunt,</strong></span> <span class='ocrx_word' id='word_1_365' title='bbox 3201 872 3467 943; x_wconf 87' lang='lat' dir='ltr'><strong>factaque</strong></span> <span class='ocrx_word' id='word_1_366' title='bbox 3489 887 3707 944; x_wconf 88' lang='lat' dir='ltr'><strong>pugna,</strong></span> <span class='ocrx_word' id='word_1_367' title='bbox 3724 873 3798 928; x_wconf 90' lang='lat' dir='ltr'><strong>vi-</strong></span> 
     </span>
    </p>
   </div>
   <div class='ocr_carea' id='block_1_54' title="bbox 2151 959 3797 1031">
    <p class='ocr_par' dir='ltr' id='par_1_54' title="bbox 2151 959 3797 1031">
     <span class='ocr_line' id='line_1_54' title="bbox 2151 959 3797 1031; baseline 0.002 -16"><span class='ocrx_word' id='word_1_368' title='bbox 2151 963 2285 1015; x_wconf 90' lang='lat' dir='ltr'><strong>ctus</strong></span> <span class='ocrx_word' id='word_1_369' title='bbox 2313 961 2512 1016; x_wconf 89' lang='lat' dir='ltr'><strong>Hanno</strong></span> <span class='ocrx_word' id='word_1_370' title='bbox 2535 959 2653 1015; x_wconf 87' lang='lat' dir='ltr'><strong>dux</strong></span> <span class='ocrx_word' id='word_1_371' title='bbox 2678 961 2826 1029; x_wconf 55' lang='lat' dir='ltr'><strong>fuga</strong></span> <span class='ocrx_word' id='word_1_372' title='bbox 2850 960 3071 1031; x_wconf 88' lang='lat' dir='ltr'><strong>primus</strong></span> <span class='ocrx_word' id='word_1_373' title='bbox 3094 961 3231 1029; x_wconf 86' lang='lat' dir='ltr'><strong>fuit;</strong></span> <span class='ocrx_word' id='word_1_374' title='bbox 3261 967 3329 1017; x_wconf 76' lang='lat'><strong>75</strong></span> <span class='ocrx_word' id='word_1_375' title='bbox 3359 962 3595 1019; x_wconf 76' lang='lat' dir='ltr'><strong>Punicas</strong></span> <span class='ocrx_word' id='word_1_376' title='bbox 3627 977 3797 1018; x_wconf 89' lang='lat' dir='ltr'><strong>naves</strong></span> 
     </span>
    </p>
   </div>
   <div class='ocr_carea' id='block_1_55' title="bbox 2152 1049 3794 1122">
    <p class='ocr_par' dir='ltr' id='par_1_55' title="bbox 2152 1049 3794 1122">
     <span class='ocr_line' id='line_1_55' title="bbox 2152 1049 3794 1122; baseline 0.002 -18"><span class='ocrx_word' id='word_1_377' title='bbox 2152 1053 2340 1119; x_wconf 69' lang='lat' dir='ltr'><strong>captae</strong></span> <span class='ocrx_word' id='word_1_378' title='bbox 2360 1054 2514 1119; x_wconf 89' lang='lat' dir='ltr'><strong>sunt,</strong></span> <span class='ocrx_word' id='word_1_379' title='bbox 2539 1052 2645 1104; x_wconf 87' lang='grc'><strong>120</strong></span> <span class='ocrx_word' id='word_1_380' title='bbox 2664 1050 3004 1120; x_wconf 60' lang='lat' dir='ltr'><strong>submersas,</strong></span> <span class='ocrx_word' id='word_1_381' title='bbox 3036 1053 3105 1105; x_wconf 90' lang='grc'><strong>32</strong></span> <span class='ocrx_word' id='word_1_382' title='bbox 3134 1049 3288 1106; x_wconf 91' lang='lat' dir='ltr'><strong>milia</strong></span> <span class='ocrx_word' id='word_1_383' title='bbox 3320 1055 3512 1122; x_wconf 90' lang='lat' dir='ltr'><strong>capta,</strong></span> <span class='ocrx_word' id='word_1_384' title='bbox 3538 1053 3612 1107; x_wconf 72' lang='grc'>14</span> <span class='ocrx_word' id='word_1_385' title='bbox 3641 1050 3794 1107; x_wconf 90' lang='lat' dir='ltr'><strong>milia</strong></span> 
     </span>
    </p>
   </div>
   <div class='ocr_carea' id='block_1_56' title="bbox 2153 1136 3794 1208">
    <p class='ocr_par' dir='ltr' id='par_1_56' title="bbox 2153 1136 3794 1208">
     <span class='ocr_line' id='line_1_56' title="bbox 2153 1136 3794 1208; baseline 0.003 -17"><span class='ocrx_word' id='word_1_386' title='bbox 2153 1150 2306 1191; x_wconf 72' lang='lat' dir='ltr'><strong>caesa</strong></span> <span class='ocrx_word' id='word_1_387' title='bbox 2337 1142 2490 1192; x_wconf 90' lang='lat' dir='ltr'><strong>sunt.</strong></span> <span class='ocrx_word' id='word_1_388' title='bbox 2524 1137 2667 1192; x_wconf 88' lang='lat' dir='ltr'><strong>Post</strong></span> <span class='ocrx_word' id='word_1_389' title='bbox 2697 1136 2822 1193; x_wconf 72' lang='lat' dir='ltr'><strong>haec</strong></span> <span class='ocrx_word' id='word_1_390' title='bbox 2852 1136 2924 1192; x_wconf 90' lang='lat' dir='ltr'><strong>ad</strong></span> <span class='ocrx_word' id='word_1_391' title='bbox 2958 1138 3280 1208; x_wconf 89' lang='lat' dir='ltr'><strong>Lutacium,</strong></span> <span class='ocrx_word' id='word_1_392' title='bbox 3314 1137 3525 1195; x_wconf 91' lang='lat' dir='ltr'><strong>deinde</strong></span> <span class='ocrx_word' id='word_1_393' title='bbox 3555 1139 3794 1196; x_wconf 89' lang='lat' dir='ltr'><strong>Romam</strong></span> 
     </span>
    </p>
   </div>
   <div class='ocr_carea' id='block_1_57' title="bbox 2154 1226 3790 1299">
    <p class='ocr_par' dir='ltr' id='par_1_57' title="bbox 2154 1226 3790 1299">
     <span class='ocr_line' id='line_1_57' title="bbox 2154 1226 3790 1299; baseline 0.001 -18"><span class='ocrx_word' id='word_1_394' title='bbox 2154 1227 2476 1292; x_wconf 89' lang='lat' dir='ltr'><strong>mittentes,</strong></span> <span class='ocrx_word' id='word_1_395' title='bbox 2509 1241 2710 1298; x_wconf 85' lang='lat' dir='ltr'><strong>pacem</strong></span> <span class='ocrx_word' id='word_1_396' title='bbox 2743 1227 2854 1283; x_wconf 91' lang='lat' dir='ltr'><strong>sub</strong></span> <span class='ocrx_word' id='word_1_397' title='bbox 2885 1227 2992 1283; x_wconf 89' lang='lat' dir='ltr'><strong>hac</strong></span> <span class='ocrx_word' id='word_1_398' title='bbox 3038 1226 3376 1283; x_wconf 90' lang='lat' dir='ltr'><strong>conditione</strong></span> <span class='ocrx_word' id='word_1_399' title='bbox 3408 1227 3698 1299; x_wconf 84' lang='lat' dir='ltr'><strong>fecerunt,</strong></span> <span class='ocrx_word' id='word_1_400' title='bbox 3735 1232 3790 1284; x_wconf 91' lang='lat' dir='ltr'><strong>ut</strong></span> 
     </span>
    </p>
   </div>
   <div class='ocr_carea' id='block_1_58' title="bbox 2155 1314 3793 1387">
    <p class='ocr_par' dir='ltr' id='par_1_58' title="bbox 2155 1314 3793 1387">
     <span class='ocr_line' id='line_1_58' title="bbox 2155 1314 3793 1387; baseline 0.002 -18"><span class='ocrx_word' id='word_1_401' title='bbox 2155 1315 2352 1371; x_wconf 91' lang='lat' dir='ltr'><strong>Sicilia</strong></span> <span class='ocrx_word' id='word_1_402' title='bbox 2382 1314 2762 1385; x_wconf 87' lang='lat' dir='ltr'><strong>Sardiniaque</strong></span> <span class='ocrx_word' id='word_1_403' title='bbox 2792 1315 3144 1371; x_wconf 89' lang='lat' dir='ltr'><strong>decederent</strong></span> <span class='ocrx_word' id='word_1_404' title='bbox 3165 1320 3225 1371; x_wconf 92' lang='lat' dir='ltr'><strong>et</strong></span> <span class='ocrx_word' id='word_1_405' title='bbox 3258 1329 3360 1387; x_wconf 89' lang='lat' dir='ltr'><strong>per</strong></span> <span class='ocrx_word' id='word_1_406' title='bbox 3390 1319 3461 1371; x_wconf 89' lang='grc' dir='ltr'><strong>2ο</strong></span> <span class='ocrx_word' id='word_1_407' title='bbox 3486 1316 3793 1373; x_wconf 84' lang='lat' dir='ltr'><strong>continuos</strong></span> 
     </span>
    </p>
   </div>
   <div class='ocr_carea' id='block_1_59' title="bbox 2152 1403 3792 1477">
    <p class='ocr_par' dir='ltr' id='par_1_59' title="bbox 2152 1403 3792 1477">
     <span class='ocr_line' id='line_1_59' title="bbox 2152 1403 3792 1477; baseline 0.002 -19"><span class='ocrx_word' id='word_1_408' title='bbox 2152 1418 2335 1459; x_wconf 87' lang='lat' dir='ltr'><strong>annos</strong></span> <span class='ocrx_word' id='word_1_409' title='bbox 2391 1403 2504 1458; x_wconf 86' lang='lat' dir='ltr'><strong>tria</strong></span> <span class='ocrx_word' id='word_1_410' title='bbox 2564 1403 2721 1459; x_wconf 91' lang='lat' dir='ltr'><strong>milia</strong></span> <span class='ocrx_word' id='word_1_411' title='bbox 2766 1403 3120 1460; x_wconf 91' lang='lat' dir='ltr'><strong>talentorum</strong></span> <span class='ocrx_word' id='word_1_412' title='bbox 3181 1404 3310 1477; x_wconf 90' lang='lat' dir='ltr'><strong>puri</strong></span> <span class='ocrx_word' id='word_1_413' title='bbox 3360 1404 3484 1461; x_wconf 91' lang='lat' dir='ltr'><strong>auri</strong></span> <span class='ocrx_word' id='word_1_414' title='bbox 3522 1405 3792 1461; x_wconf 87' lang='lat' dir='ltr'><strong>Romanis</strong></span> 
     </span>
    </p>
   </div>
   <div class='ocr_carea' id='block_1_60' title="bbox 2152 1492 3789 1563">
    <p class='ocr_par' dir='ltr' id='par_1_60' title="bbox 2152 1492 3789 1563">
     <span class='ocr_line' id='line_1_60' title="bbox 2152 1492 3789 1563; baseline 0.001 -16"><span class='ocrx_word' id='word_1_415' title='bbox 2152 1492 2600 1563; x_wconf 89' lang='lat' dir='ltr'><strong>persolverent;</strong></span> <span class='ocrx_word' id='word_1_416' title='bbox 2659 1492 2860 1562; x_wconf 90' lang='lat' dir='ltr'><strong>sicque</strong></span> <span class='ocrx_word' id='word_1_417' title='bbox 2913 1493 3137 1549; x_wconf 92' lang='lat' dir='ltr'><strong>ﬁnitum</strong></span> <span class='ocrx_word' id='word_1_418' title='bbox 3207 1498 3301 1549; x_wconf 89' lang='lat' dir='ltr'><strong>est</strong></span> <span class='ocrx_word' id='word_1_419' title='bbox 3351 1492 3459 1550; x_wconf 90' lang='lat' dir='ltr'><strong>hoc</strong></span> <span class='ocrx_word' id='word_1_420' title='bbox 3512 1494 3789 1550; x_wconf 87' lang='lat' dir='ltr'><strong>Punicum</strong></span> 
     </span>
    </p>
   </div>
   <div class='ocr_carea' id='block_1_61' title="bbox 2155 1579 3242 1651">
    <p class='ocr_par' dir='ltr' id='par_1_61' title="bbox 2155 1579 3242 1651">
     <span class='ocr_line' id='line_1_61' title="bbox 2155 1579 3242 1651; baseline 0.001 -17"><span class='ocrx_word' id='word_1_421' title='bbox 2155 1579 2371 1635; x_wconf 91' lang='lat' dir='ltr'><strong>bellum</strong></span> <span class='ocrx_word' id='word_1_422' title='bbox 2407 1594 2509 1651; x_wconf 91' lang='lat' dir='ltr'><strong>per</strong></span> <span class='ocrx_word' id='word_1_423' title='bbox 2538 1584 2607 1634; x_wconf 88' lang='grc'><strong>23</strong></span> <span class='ocrx_word' id='word_1_424' title='bbox 2641 1584 3242 1651; x_wconf 60' lang='lat' dir='ltr'><strong>annos-protractum.</strong></span> 
     </span>
    </p>
   </div>
   <div class='ocr_carea' id='block_1_62' title="bbox 2224 1668 3789 1741">
    <p class='ocr_par' dir='ltr' id='par_1_62' title="bbox 2224 1668 3789 1741">
     <span class='ocr_line' id='line_1_62' title="bbox 2224 1668 3789 1741; baseline 0.001 -18"><span class='ocrx_word' id='word_1_425' title='bbox 2224 1668 2705 1739; x_wconf 86' lang='lat' dir='ltr'><strong>Histemporibus</strong></span> <span class='ocrx_word' id='word_1_426' title='bbox 2721 1674 3036 1737; x_wconf 89' lang='lat' dir='ltr'><strong>argenteus</strong></span> <span class='ocrx_word' id='word_1_427' title='bbox 3050 1682 3318 1725; x_wconf 90' lang='lat' dir='ltr'><strong>nummus</strong></span> <span class='ocrx_word' id='word_1_428' title='bbox 3333 1668 3579 1741; x_wconf 92' lang='lat' dir='ltr'><strong>primum</strong></span> <span class='ocrx_word' id='word_1_429' title='bbox 3602 1669 3789 1725; x_wconf 64' lang='lat' dir='ltr'><strong>Romae</strong></span> 
     </span>
    </p>
   </div>
   <div class='ocr_carea' id='block_1_63' title="bbox 2154 1755 3792 1827">
    <p class='ocr_par' dir='ltr' id='par_1_63' title="bbox 2154 1755 3792 1827">
     <span class='ocr_line' id='line_1_63' title="bbox 2154 1755 3792 1827; baseline 0 -16"><span class='ocrx_word' id='word_1_430' title='bbox 2154 1755 2441 1825; x_wconf 89' lang='lat' dir='ltr'><strong>ﬁguratus</strong></span> <span class='ocrx_word' id='word_1_431' title='bbox 2468 1761 2577 1813; x_wconf 90' lang='lat' dir='ltr'><strong>est.</strong></span> <span class='ocrx_word' id='word_1_432' title='bbox 2615 1758 2825 1827; x_wconf 70' lang='lat' dir='ltr'><strong>(lin-zu.)</strong></span> <span class='ocrx_word' id='word_1_433' title='bbox 2859 1759 3074 1813; x_wconf 85' lang='lat' dir='ltr'><strong>Aratus</strong></span> <span class='ocrx_word' id='word_1_434' title='bbox 3102 1755 3440 1827; x_wconf 88' lang='lat' dir='ltr'><strong>astrologus</strong></span> <span class='ocrx_word' id='word_1_435' title='bbox 3470 1756 3708 1827; x_wconf 90' lang='lat' dir='ltr'><strong>claruit,</strong></span> <span class='ocrx_word' id='word_1_436' title='bbox 3736 1762 3792 1811; x_wconf 91' lang='lat' dir='ltr'><strong>et</strong></span> 
     </span>
    </p>
   </div>
   <div class='ocr_carea' id='block_1_64' title="bbox 2154 1844 3786 1916">
    <p class='ocr_par' dir='ltr' id='par_1_64' title="bbox 2154 1844 3786 1916">
     <span class='ocr_line' id='line_1_64' title="bbox 2154 1844 3786 1916; baseline -0.001 -16"><span class='ocrx_word' id='word_1_437' title='bbox 2154 1844 2404 1911; x_wconf 89' lang='lat' dir='ltr'><strong>Quintus</strong></span> <span class='ocrx_word' id='word_1_438' title='bbox 2436 1845 2654 1902; x_wconf 89' lang='lat' dir='ltr'><strong>Ennius</strong></span> <span class='ocrx_word' id='word_1_439' title='bbox 2702 1850 2876 1916; x_wconf 89' lang='lat' dir='ltr'><strong>poeta</strong></span> <span class='ocrx_word' id='word_1_440' title='bbox 2923 1845 3153 1902; x_wconf 91' lang='lat' dir='ltr'><strong>Tarenti</strong></span> <span class='ocrx_word' id='word_1_441' title='bbox 3206 1845 3484 1916; x_wconf 90' lang='lat' dir='ltr'><strong>nascitur,</strong></span> <span class='ocrx_word' id='word_1_442' title='bbox 3516 1845 3615 1916; x_wconf 91' lang='lat' dir='ltr'><strong>qui</strong></span> <span class='ocrx_word' id='word_1_443' title='bbox 3663 1849 3786 1916; x_wconf 90' lang='lat' dir='ltr'><strong>post</strong></span> 
     </span>
    </p>
   </div>
   <div class='ocr_carea' id='block_1_65' title="bbox 2152 1932 3784 2005">
    <p class='ocr_par' dir='ltr' id='par_1_65' title="bbox 2152 1932 3784 2005">
     <span class='ocr_line' id='line_1_65' title="bbox 2152 1932 3784 2005; baseline -0.001 -17"><span class='ocrx_word' id='word_1_444' title='bbox 2152 1933 2346 1989; x_wconf 66' lang='lat' dir='ltr'><strong>Romae</strong></span> <span class='ocrx_word' id='word_1_445' title='bbox 2379 1934 2601 2005; x_wconf 87' lang='lat' dir='ltr'><strong>dcguit,</strong></span> <span class='ocrx_word' id='word_1_446' title='bbox 2633 1938 2949 1990; x_wconf 91' lang='lat' dir='ltr'><strong>contentus</strong></span> <span class='ocrx_word' id='word_1_447' title='bbox 2988 1933 3159 1990; x_wconf 91' lang='lat' dir='ltr'><strong>unius</strong></span> <span class='ocrx_word' id='word_1_448' title='bbox 3190 1932 3414 1990; x_wconf 74' lang='lat' dir='ltr'><strong>ancillze</strong></span> <span class='ocrx_word' id='word_1_449' title='bbox 3447 1933 3784 1989; x_wconf 89' lang='lat' dir='ltr'><strong>ministerio.</strong></span> 
     </span>
    </p>
   </div>
   <div class='ocr_carea' id='block_1_66' title="bbox 2225 2019 3789 2095">
    <p class='ocr_par' dir='ltr' id='par_1_66' title="bbox 2225 2019 3789 2095">
     <span class='ocr_line' id='line_1_66' title="bbox 2225 2019 3789 2095; baseline -0.001 -19"><span class='ocrx_word' id='word_1_450' title='bbox 2225 2021 2364 2091; x_wconf 86' lang='lat' dir='ltr'><strong>(Jos.</strong></span> <span class='ocrx_word' id='word_1_451' title='bbox 2400 2038 2499 2093; x_wconf 85' lang='lat' dir='ltr'><strong>xu,</strong></span> <span class='ocrx_word' id='word_1_452' title='bbox 2531 2023 2608 2095; x_wconf 77' lang='grc' dir='ltr'><strong>δ.)</strong></span> <span class='ocrx_word' id='word_1_453' title='bbox 2642 2024 2766 2088; x_wconf 91' lang='lat' dir='ltr'><strong>Quo</strong></span> <span class='ocrx_word' id='word_1_454' title='bbox 2796 2022 2974 2079; x_wconf 91' lang='lat' dir='ltr'><strong>etiam</strong></span> <span class='ocrx_word' id='word_1_455' title='bbox 3015 2026 3279 2094; x_wconf 90' lang='lat' dir='ltr'><strong>tempore</strong></span> <span class='ocrx_word' id='word_1_456' title='bbox 3324 2021 3601 2078; x_wconf 91' lang='lat' dir='ltr'><strong>defuncto</strong></span> <span class='ocrx_word' id='word_1_457' title='bbox 3635 2019 3789 2076; x_wconf 89' lang='lat' dir='ltr'><strong>Elea-</strong></span> 
     </span>
    </p>
   </div>
   <div class='ocr_carea' id='block_1_67' title="bbox 2151 2109 3791 2182">
    <p class='ocr_par' dir='ltr' id='par_1_67' title="bbox 2151 2109 3791 2182">
     <span class='ocr_line' id='line_1_67' title="bbox 2151 2109 3791 2182; baseline 0 -18"><span class='ocrx_word' id='word_1_458' title='bbox 2151 2123 2311 2180; x_wconf 88' lang='lat' dir='ltr'><strong>zaro,</strong></span> <span class='ocrx_word' id='word_1_459' title='bbox 2342 2110 2736 2182; x_wconf 88' lang='lat' dir='ltr'><strong>principatum</strong></span> <span class='ocrx_word' id='word_1_460' title='bbox 2767 2110 3083 2167; x_wconf 88' lang='lat' dir='ltr'><strong>sacerdotii</strong></span> <span class='ocrx_word' id='word_1_461' title='bbox 3115 2111 3379 2182; x_wconf 88' lang='lat' dir='ltr'><strong>suscepit</strong></span> <span class='ocrx_word' id='word_1_462' title='bbox 3400 2116 3652 2182; x_wconf 87' lang='lat' dir='ltr'><strong>patruus</strong></span> <span class='ocrx_word' id='word_1_463' title='bbox 3673 2109 3791 2178; x_wconf 88' lang='lat' dir='ltr'><strong>ejus</strong></span> 
     </span>
    </p>
   </div>
   <div class='ocr_carea' id='block_1_68' title="bbox 2152 2197 3788 2272">
    <p class='ocr_par' dir='ltr' id='par_1_68' title="bbox 2152 2197 3788 2272">
     <span class='ocr_line' id='line_1_68' title="bbox 2152 2197 3788 2272; baseline -0.002 -17"><span class='ocrx_word' id='word_1_464' title='bbox 2152 2202 2427 2271; x_wconf 86' lang='lat' dir='ltr'><strong>Manases,</strong></span> <span class='ocrx_word' id='word_1_465' title='bbox 2482 2201 2661 2256; x_wconf 83' lang='lat' dir='ltr'><strong>frater</strong></span> <span class='ocrx_word' id='word_1_466' title='bbox 2709 2201 2898 2258; x_wconf 81' lang='lat' dir='ltr'><strong>Jaddi.</strong></span> <span class='ocrx_word' id='word_1_467' title='bbox 2933 2200 3057 2268; x_wconf 93' lang='lat' dir='ltr'><strong>Quo</strong></span> <span class='ocrx_word' id='word_1_468' title='bbox 3102 2205 3358 2272; x_wconf 85' lang='lat' dir='ltr'><strong>mortuo,</strong></span> <span class='ocrx_word' id='word_1_469' title='bbox 3405 2199 3694 2256; x_wconf 88' lang='lat' dir='ltr'><strong>successit</strong></span> <span class='ocrx_word' id='word_1_470' title='bbox 3741 2197 3788 2253; x_wconf 89' lang='lat' dir='ltr'><strong>ei</strong></span> 
     </span>
    </p>
   </div>
   <div class='ocr_carea' id='block_1_69' title="bbox 2151 2286 3790 2362">
    <p class='ocr_par' dir='ltr' id='par_1_69' title="bbox 2151 2286 3790 2362">
     <span class='ocr_line' id='line_1_69' title="bbox 2151 2286 3790 2362; baseline -0.002 -18"><span class='ocrx_word' id='word_1_471' title='bbox 2151 2289 2346 2359; x_wconf 90' lang='lat' dir='ltr'><strong>Onias,</strong></span> <span class='ocrx_word' id='word_1_472' title='bbox 2384 2289 2540 2346; x_wconf 91' lang='lat' dir='ltr'><strong>ﬁlius</strong></span> <span class='ocrx_word' id='word_1_473' title='bbox 2571 2290 2871 2361; x_wconf 87' lang='lat' dir='ltr'><strong>Symeonis</strong></span> <span class='ocrx_word' id='word_1_474' title='bbox 2900 2290 3071 2362; x_wconf 83' lang='lat' dir='ltr'><strong>Justi,</strong></span> <span class='ocrx_word' id='word_1_475' title='bbox 3107 2304 3296 2360; x_wconf 91' lang='lat' dir='ltr'><strong>quem,</strong></span> <span class='ocrx_word' id='word_1_476' title='bbox 3331 2292 3396 2347; x_wconf 83' lang='lat' dir='ltr'><strong>ut</strong></span> <span class='ocrx_word' id='word_1_477' title='bbox 3437 2302 3618 2361; x_wconf 90' lang='lat' dir='ltr'><strong>supra</strong></span> <span class='ocrx_word' id='word_1_478' title='bbox 3654 2286 3790 2343; x_wconf 84' lang='lat' dir='ltr'><strong>dixi-</strong></span> 
     </span>
    </p>
   </div>
   <div class='ocr_carea' id='block_1_70' title="bbox 2151 2380 2938 2450">
    <p class='ocr_par' dir='ltr' id='par_1_70' title="bbox 2151 2380 2938 2450">
     <span class='ocr_line' id='line_1_70' title="bbox 2151 2380 2938 2450; baseline 0.001 -17"><span class='ocrx_word' id='word_1_479' title='bbox 2151 2393 2299 2450; x_wconf 90' lang='lat' dir='ltr'><strong>mus,</strong></span> <span class='ocrx_word' id='word_1_480' title='bbox 2336 2380 2641 2450; x_wconf 89' lang='lat' dir='ltr'><strong>parvulum</strong></span> <span class='ocrx_word' id='word_1_481' title='bbox 2680 2380 2938 2450; x_wconf 90' lang='lat' dir='ltr'><strong>reliquit.</strong></span> 
     </span>
    </p>
   </div>
   <div class='ocr_carea' id='block_1_71' title="bbox 2203 2487 2958 2548">
    <p class='ocr_par' dir='ltr' id='par_1_71' title="bbox 2203 2487 2958 2548">
     <span class='ocr_line' id='line_1_71' title="bbox 2203 2487 2958 2548; baseline -0.003 -13"><span class='ocrx_word' id='word_1_482' title='bbox 2203 2488 2338 2535; x_wconf 84' lang='lat' dir='ltr'><strong>Alex.</strong></span> <span class='ocrx_word' id='word_1_483' title='bbox 2387 2487 2552 2534; x_wconf 84' lang='lat' dir='ltr'><strong>Maccd</strong></span> <span class='ocrx_word' id='word_1_484' title='bbox 2616 2488 2757 2535; x_wconf 67' lang='lat' dir='ltr'><strong>Asiae.</strong></span> <span class='ocrx_word' id='word_1_485' title='bbox 2791 2487 2958 2548; x_wconf 68' lang='lat' dir='ltr'><strong>Syriae.</strong></span> 
     </span>
    </p>
   </div>
   <div class='ocr_carea' id='block_1_72' title="bbox 2257 2562 3784 2637">
    <p class='ocr_par' dir='ltr' id='par_1_72' title="bbox 2257 2562 3784 2637">
     <span class='ocr_line' id='line_1_72' title="bbox 2257 2562 3784 2637; baseline -0.002 -17"><span class='ocrx_word' id='word_1_486' title='bbox 2257 2572 2279 2620; x_wconf 86' lang='lat'><strong>1</strong></span> <span class='ocrx_word' id='word_1_487' title='bbox 2433 2571 2465 2620; x_wconf 73' lang='grc' dir='ltr'>δ</span> <span class='ocrx_word' id='word_1_488' title='bbox 2647 2572 2713 2622; x_wconf 89' lang='grc'>17</span> <span class='ocrx_word' id='word_1_489' title='bbox 2859 2570 2930 2622; x_wconf 86' lang='grc'><strong>29</strong></span> <span class='ocrx_word' id='word_1_490' title='bbox 3042 2563 3254 2637; x_wconf 64' lang='lat' dir='ltr'><strong>(liram)</strong></span> <span class='ocrx_word' id='word_1_491' title='bbox 3267 2562 3650 2619; x_wconf 90' lang='lat' dir='ltr'><strong>Phtolomeus</strong></span> <span class='ocrx_word' id='word_1_492' title='bbox 3668 2562 3784 2632; x_wconf 85' lang='lat' dir='ltr'><strong>Phy</strong></span> 
     </span>
    </p>
   </div>
   <div class='ocr_carea' id='block_1_73' title="bbox 2151 2651 3782 2725">
    <p class='ocr_par' dir='ltr' id='par_1_73' title="bbox 2151 2651 3782 2725">
     <span class='ocr_line' id='line_1_73' title="bbox 2151 2651 3782 2725; baseline -0.002 -17"><span class='ocrx_word' id='word_1_493' title='bbox 2151 2652 2461 2725; x_wconf 86' lang='lat' dir='ltr'><strong>ladelphus</strong></span> <span class='ocrx_word' id='word_1_494' title='bbox 2485 2654 2753 2724; x_wconf 74' lang='lat' dir='ltr'><strong>regnavit</strong></span> <span class='ocrx_word' id='word_1_495' title='bbox 2777 2652 3142 2710; x_wconf 76' lang='lat' dir='ltr'><strong>Alexandriae</strong></span> <span class='ocrx_word' id='word_1_496' title='bbox 3157 2652 3323 2708; x_wconf 89' lang='lat' dir='ltr'><strong>annis</strong></span> <span class='ocrx_word' id='word_1_497' title='bbox 3338 2651 3621 2722; x_wconf 88' lang='lat' dir='ltr'><strong>tringinta</strong></span> <span class='ocrx_word' id='word_1_498' title='bbox 3635 2653 3782 2706; x_wconf 91' lang='lat' dir='ltr'><strong>octo.</strong></span> 
     </span>
    </p>
   </div>
   <div class='ocr_carea' id='block_1_74' title="bbox 2255 2739 3780 2811">
    <p class='ocr_par' dir='ltr' id='par_1_74' title="bbox 2255 2739 3780 2811">
     <span class='ocr_line' id='line_1_74' title="bbox 2255 2739 3780 2811; baseline -0.002 -15"><span class='ocrx_word' id='word_1_499' title='bbox 2255 2745 2289 2796; x_wconf 87' lang='grc'><strong>2</strong></span> <span class='ocrx_word' id='word_1_500' title='bbox 2433 2746 2466 2797; x_wconf 88' lang='grc'>6</span> <span class='ocrx_word' id='word_1_501' title='bbox 2860 2746 2928 2798; x_wconf 88' lang='grc'>30</span> <span class='ocrx_word' id='word_1_502' title='bbox 3038 2740 3367 2797; x_wconf 89' lang='lat' dir='ltr'><strong>Demetrius</strong></span> <span class='ocrx_word' id='word_1_503' title='bbox 3391 2739 3780 2811; x_wconf 90' lang='lat' dir='ltr'><strong>semetipsum</strong></span> 
     </span>
    </p>
   </div>
   <div class='ocr_carea' id='block_1_75' title="bbox 2152 2828 3785 2902">
    <p class='ocr_par' dir='ltr' id='par_1_75' title="bbox 2152 2828 3785 2902">
     <span class='ocr_line' id='line_1_75' title="bbox 2152 2828 3785 2902; baseline -0.002 -18"><span class='ocrx_word' id='word_1_504' title='bbox 2152 2830 2395 2887; x_wconf 87' lang='lat' dir='ltr'><strong>Seleuco</strong></span> <span class='ocrx_word' id='word_1_505' title='bbox 2431 2831 2692 2902; x_wconf 87' lang='lat' dir='ltr'><strong>tradidit,</strong></span> <span class='ocrx_word' id='word_1_506' title='bbox 2729 2830 2826 2901; x_wconf 90' lang='lat' dir='ltr'><strong>qui</strong></span> <span class='ocrx_word' id='word_1_507' title='bbox 2861 2830 3163 2887; x_wconf 91' lang='lat' dir='ltr'><strong>destructo</strong></span> <span class='ocrx_word' id='word_1_508' title='bbox 3191 2829 3260 2863; x_wconf 76' lang='grc'><strong>³⁸⁸</strong></span> <span class='ocrx_word' id='word_1_509' title='bbox 3287 2842 3464 2899; x_wconf 89' lang='lat' dir='ltr'><strong>regno</strong></span> <span class='ocrx_word' id='word_1_510' title='bbox 3514 2828 3668 2886; x_wconf 66' lang='lat' dir='ltr'><strong>Asiae</strong></span> <span class='ocrx_word' id='word_1_511' title='bbox 3721 2840 3785 2883; x_wconf 87' lang='lat' dir='ltr'><strong>ex</strong></span> 
     </span>
    </p>
   </div>
   <div class='ocr_carea' id='block_1_76' title="bbox 2154 2916 3153 2988">
    <p class='ocr_par' dir='ltr' id='par_1_76' title="bbox 2154 2916 3153 2988">
     <span class='ocr_line' id='line_1_76' title="bbox 2154 2916 3153 2988; baseline -0.002 -15"><span class='ocrx_word' id='word_1_512' title='bbox 2154 2921 2405 2988; x_wconf 88' lang='lat' dir='ltr'><strong>utroque</strong></span> <span class='ocrx_word' id='word_1_513' title='bbox 2440 2932 2611 2974; x_wconf 91' lang='lat' dir='ltr'><strong>unum</strong></span> <span class='ocrx_word' id='word_1_514' title='bbox 2647 2917 2783 2974; x_wconf 88' lang='lat' dir='ltr'><strong>fecit</strong></span> <span class='ocrx_word' id='word_1_515' title='bbox 2827 2916 3153 2987; x_wconf 88' lang='lat' dir='ltr'><strong>imperium.</strong></span> 
     </span>
    </p>
   </div>
   <div class='ocr_carea' id='block_1_77' title="bbox 2259 3002 3786 3076">
    <p class='ocr_par' dir='ltr' id='par_1_77' title="bbox 2259 3002 3786 3076">
     <span class='ocr_line' id='line_1_77' title="bbox 2259 3002 3786 3076; baseline -0.004 -15"><span class='ocrx_word' id='word_1_516' title='bbox 2259 3010 2290 3061; x_wconf 91' lang='lat'><strong>3</strong></span> <span class='ocrx_word' id='word_1_517' title='bbox 2439 3012 2460 3061; x_wconf 85' lang='lat'><strong>1</strong></span> <span class='ocrx_word' id='word_1_518' title='bbox 2862 3011 2920 3061; x_wconf 89' lang='grc'>31</span> <span class='ocrx_word' id='word_1_519' title='bbox 3041 3006 3356 3075; x_wconf 88' lang='lat' dir='ltr'><strong>Ceraunus,</strong></span> <span class='ocrx_word' id='word_1_520' title='bbox 3393 3003 3490 3076; x_wconf 90' lang='lat' dir='ltr'><strong>qui</strong></span> <span class='ocrx_word' id='word_1_521' title='bbox 3517 3007 3580 3060; x_wconf 89' lang='lat' dir='ltr'><strong>et</strong></span> <span class='ocrx_word' id='word_1_522' title='bbox 3627 3002 3786 3059; x_wconf 91' lang='lat' dir='ltr'><strong>Ptho-</strong></span> 
     </span>
    </p>
   </div>
   <div class='ocr_carea' id='block_1_78' title="bbox 2154 3090 3787 3164">
    <p class='ocr_par' dir='ltr' id='par_1_78' title="bbox 2154 3090 3787 3164">
     <span class='ocr_line' id='line_1_78' title="bbox 2154 3090 3787 3164; baseline -0.001 -18"><span class='ocrx_word' id='word_1_523' title='bbox 2154 3091 2397 3164; x_wconf 87' lang='lat' dir='ltr'><strong>lomeus,</strong></span> <span class='ocrx_word' id='word_1_524' title='bbox 2424 3094 2689 3163; x_wconf 85' lang='lat' dir='ltr'><strong>regnavit</strong></span> <span class='ocrx_word' id='word_1_525' title='bbox 2713 3093 3060 3150; x_wconf 67' lang='lat' dir='ltr'><strong>Macedoniae</strong></span> <span class='ocrx_word' id='word_1_526' title='bbox 3092 3108 3321 3150; x_wconf 90' lang='lat' dir='ltr'><strong>menses</strong></span> <span class='ocrx_word' id='word_1_527' title='bbox 3344 3107 3569 3164; x_wconf 90' lang='lat' dir='ltr'><strong>novem,</strong></span> <span class='ocrx_word' id='word_1_528' title='bbox 3597 3090 3787 3148; x_wconf 78' lang='lat' dir='ltr'><strong>Melea-</strong></span> 
     </span>
    </p>
   </div>
   <div class='ocr_carea' id='block_1_79' title="bbox 2153 3181 3485 3254">
    <p class='ocr_par' dir='ltr' id='par_1_79' title="bbox 2153 3181 3485 3254">
     <span class='ocr_line' id='line_1_79' title="bbox 2153 3181 3485 3254; baseline -0.001 -17"><span class='ocrx_word' id='word_1_529' title='bbox 2153 3196 2296 3251; x_wconf 90' lang='lat' dir='ltr'><strong>grus</strong></span> <span class='ocrx_word' id='word_1_530' title='bbox 2350 3197 2579 3240; x_wconf 90' lang='lat' dir='ltr'><strong>menses</strong></span> <span class='ocrx_word' id='word_1_531' title='bbox 2606 3183 2777 3254; x_wconf 88' lang='lat' dir='ltr'><strong>duos,</strong></span> <span class='ocrx_word' id='word_1_532' title='bbox 2812 3183 3121 3254; x_wconf 88' lang='lat' dir='ltr'><strong>Antipater</strong></span> <span class='ocrx_word' id='word_1_533' title='bbox 3165 3181 3370 3239; x_wconf 91' lang='lat' dir='ltr'><strong>diebus</strong></span> <span class='ocrx_word' id='word_1_534' title='bbox 3401 3186 3485 3238; x_wconf 75' lang='grc'><strong>45.</strong></span> 
     </span>
    </p>
   </div>
   <div class='ocr_carea' id='block_1_80' title="bbox 2261 3268 3788 3342">
    <p class='ocr_par' dir='ltr' id='par_1_80' title="bbox 2261 3268 3788 3342">
     <span class='ocr_line' id='line_1_80' title="bbox 2261 3268 3788 3342; baseline -0.002 -17"><span class='ocrx_word' id='word_1_535' title='bbox 2261 3273 2295 3325; x_wconf 58' lang='lat' dir='ltr'><strong>It</strong></span> <span class='ocrx_word' id='word_1_536' title='bbox 2438 3277 2461 3327; x_wconf 90' lang='grc'><strong>1</strong></span> <span class='ocrx_word' id='word_1_537' title='bbox 2866 3276 2935 3327; x_wconf 87' lang='grc'><strong>32</strong></span> <span class='ocrx_word' id='word_1_538' title='bbox 3045 3269 3598 3342; x_wconf 88' lang='lat' dir='ltr'><strong>Sostenesregnavit</strong></span> <span class='ocrx_word' id='word_1_539' title='bbox 3620 3268 3788 3324; x_wconf 72' lang='lat' dir='ltr'><strong>Mace-</strong></span> 
     </span>
    </p>
   </div>
   <div class='ocr_carea' id='block_1_81' title="bbox 2155 3359 2820 3417">
    <p class='ocr_par' dir='ltr' id='par_1_81' title="bbox 2155 3359 2820 3417">
     <span class='ocr_line' id='line_1_81' title="bbox 2155 3359 2820 3417; baseline 0 -1"><span class='ocrx_word' id='word_1_540' title='bbox 2155 3360 2343 3416; x_wconf 58' lang='lat' dir='ltr'><strong>donia</strong></span> <span class='ocrx_word' id='word_1_541' title='bbox 2374 3359 2542 3417; x_wconf 90' lang='lat' dir='ltr'><strong>annis</strong></span> <span class='ocrx_word' id='word_1_542' title='bbox 2572 3359 2820 3416; x_wconf 87' lang='lat' dir='ltr'><strong>duobus.</strong></span> 
     </span>
    </p>
   </div>
   <div class='ocr_carea' id='block_1_82' title="bbox 2259 3445 3764 3520">
    <p class='ocr_par' dir='ltr' id='par_1_82' title="bbox 2259 3445 3764 3520">
     <span class='ocr_line' id='line_1_82' title="bbox 2259 3445 3764 3520; baseline -0.003 -16"><span class='ocrx_word' id='word_1_543' title='bbox 2259 3453 2291 3503; x_wconf 77' lang='grc'>5</span> <span class='ocrx_word' id='word_1_544' title='bbox 2437 3454 2470 3505; x_wconf 88' lang='grc'><strong>2</strong></span> <span class='ocrx_word' id='word_1_545' title='bbox 2902 3454 2924 3504; x_wconf 92' lang='grc'><strong>1</strong></span> <span class='ocrx_word' id='word_1_546' title='bbox 3031 3448 3545 3520; x_wconf 89' lang='lat' dir='ltr'><strong>Antiochus,quiet</strong></span> <span class='ocrx_word' id='word_1_547' title='bbox 3560 3445 3764 3503; x_wconf 85' lang='lat' dir='ltr'><strong>Sother</strong></span> 
     </span>
    </p>
   </div>
   <div class='ocr_carea' id='block_1_83' title="bbox 2158 3534 3721 3610">
    <p class='ocr_par' dir='ltr' id='par_1_83' title="bbox 2158 3534 3721 3610">
     <span class='ocr_line' id='line_1_83' title="bbox 2158 3534 3721 3610; baseline -0.003 -19"><span class='ocrx_word' id='word_1_548' title='bbox 2158 3534 2315 3593; x_wconf 88' lang='lat' dir='ltr'><strong>ﬁlius</strong></span> <span class='ocrx_word' id='word_1_549' title='bbox 2339 3536 2586 3609; x_wconf 89' lang='lat' dir='ltr'><strong>Seleuci,</strong></span> <span class='ocrx_word' id='word_1_550' title='bbox 2615 3537 2883 3608; x_wconf 88' lang='lat' dir='ltr'><strong>regnavit</strong></span> <span class='ocrx_word' id='word_1_551' title='bbox 2912 3538 2969 3593; x_wconf 91' lang='lat' dir='ltr'><strong>in</strong></span> <span class='ocrx_word' id='word_1_552' title='bbox 3002 3538 3167 3610; x_wconf 83' lang='lat' dir='ltr'><strong>Syria</strong></span> <span class='ocrx_word' id='word_1_553' title='bbox 3196 3541 3255 3593; x_wconf 90' lang='lat' dir='ltr'><strong>et</strong></span> <span class='ocrx_word' id='word_1_554' title='bbox 3286 3537 3415 3594; x_wconf 91' lang='lat' dir='ltr'><strong>Asia</strong></span> <span class='ocrx_word' id='word_1_555' title='bbox 3446 3536 3612 3593; x_wconf 90' lang='lat' dir='ltr'><strong>annis</strong></span> <span class='ocrx_word' id='word_1_556' title='bbox 3641 3538 3721 3590; x_wconf 88' lang='grc'><strong>19.</strong></span> 
     </span>
    </p>
   </div>
   <div class='ocr_carea' id='block_1_84' title="bbox 2259 3622 3788 3695">
    <p class='ocr_par' dir='ltr' id='par_1_84' title="bbox 2259 3622 3788 3695">
     <span class='ocr_line' id='line_1_84' title="bbox 2259 3622 3788 3695; baseline -0.005 -11"><span class='ocrx_word' id='word_1_557' title='bbox 2259 3630 2290 3680; x_wconf 90' lang='grc'>6</span> <span class='ocrx_word' id='word_1_558' title='bbox 2437 3633 2460 3682; x_wconf 93' lang='grc'><strong>1</strong></span> <span class='ocrx_word' id='word_1_559' title='bbox 2897 3632 2932 3683; x_wconf 91' lang='grc'><strong>2</strong></span> <span class='ocrx_word' id='word_1_560' title='bbox 3042 3626 3367 3694; x_wconf 85' lang='lat' dir='ltr'><strong>Antigonus</strong></span> <span class='ocrx_word' id='word_1_561' title='bbox 3396 3624 3659 3695; x_wconf 86' lang='lat' dir='ltr'><strong>regnavit</strong></span> <span class='ocrx_word' id='word_1_562' title='bbox 3689 3622 3788 3678; x_wconf 77' lang='lat' dir='ltr'><strong>Ma-</strong></span> 
     </span>
    </p>
   </div>
   <div class='ocr_carea' id='block_1_85' title="bbox 2151 3709 3788 3786">
    <p class='ocr_par' dir='ltr' id='par_1_85' title="bbox 2151 3709 3788 3786">
     <span class='ocr_line' id='line_1_85' title="bbox 2151 3709 3788 3786; baseline -0.005 -15"><span class='ocrx_word' id='word_1_563' title='bbox 2151 3714 2590 3773; x_wconf 69' lang='lat' dir='ltr'><strong>cedonianannis</strong></span> <span class='ocrx_word' id='word_1_564' title='bbox 2613 3716 2851 3786; x_wconf 91' lang='lat' dir='ltr'><strong>triginta</strong></span> <span class='ocrx_word' id='word_1_565' title='bbox 2884 3731 3008 3773; x_wconf 89' lang='lat' dir='ltr'><strong>sex.</strong></span> <span class='ocrx_word' id='word_1_566' title='bbox 3034 3715 3137 3772; x_wconf 87' lang='lat' dir='ltr'><strong>Hic</strong></span> <span class='ocrx_word' id='word_1_567' title='bbox 3154 3715 3627 3772; x_wconf 87' lang='lat' dir='ltr'><strong>Lacedemoniam</strong></span> <span class='ocrx_word' id='word_1_568' title='bbox 3648 3709 3788 3770; x_wconf 88' lang='lat' dir='ltr'><strong>obti-</strong></span> 
     </span>
    </p>
   </div>
   <div class='ocr_carea' id='block_1_86' title="bbox 2151 3805 3025 3878">
    <p class='ocr_par' dir='ltr' id='par_1_86' title="bbox 2151 3805 3025 3878">
     <span class='ocr_line' id='line_1_86' title="bbox 2151 3805 3025 3878; baseline 0 -18"><span class='ocrx_word' id='word_1_569' title='bbox 2151 3805 2275 3862; x_wconf 92' lang='lat' dir='ltr'><strong>nuit</strong></span> <span class='ocrx_word' id='word_1_570' title='bbox 2309 3807 2673 3877; x_wconf 81' lang='lat' dir='ltr'><strong>Pyrrumque</strong></span> <span class='ocrx_word' id='word_1_571' title='bbox 2704 3805 3025 3878; x_wconf 89' lang='lat' dir='ltr'><strong>superavit.</strong></span> 
     </span>
    </p>
   </div>
   <div class='ocr_carea' id='block_1_87' title="bbox 2224 3891 3651 3965">
    <p class='ocr_par' dir='ltr' id='par_1_87' title="bbox 2224 3891 3651 3965">
     <span class='ocr_line' id='line_1_87' title="bbox 2224 3891 3651 3965; baseline -0.001 -17"><span class='ocrx_word' id='word_1_572' title='bbox 2224 3899 2283 3949; x_wconf 93' lang='grc'><strong>11</strong></span> <span class='ocrx_word' id='word_1_573' title='bbox 2434 3897 2468 3949; x_wconf 89' lang='lat'><strong>6</strong></span> <span class='ocrx_word' id='word_1_574' title='bbox 2896 3901 2930 3951; x_wconf 93' lang='lat'><strong>7</strong></span> <span class='ocrx_word' id='word_1_575' title='bbox 3038 3896 3254 3952; x_wconf 88' lang='lat' dir='ltr'><strong>Aratus</strong></span> <span class='ocrx_word' id='word_1_576' title='bbox 3295 3891 3651 3965; x_wconf 87' lang='lat' dir='ltr'><strong>agnoscitur.</strong></span> 
     </span>
    </p>
   </div>
   <div class='ocr_carea' id='block_1_88' title="bbox 2224 3977 3786 4055">
    <p class='ocr_par' dir='ltr' id='par_1_88' title="bbox 2224 3977 3786 4055">
     <span class='ocr_line' id='line_1_88' title="bbox 2224 3977 3786 4055; baseline -0.004 -17"><span class='ocrx_word' id='word_1_577' title='bbox 2224 3987 2291 4039; x_wconf 87' lang='grc'>12</span> <span class='ocrx_word' id='word_1_578' title='bbox 2434 3988 2467 4040; x_wconf 90' lang='grc'>7</span> <span class='ocrx_word' id='word_1_579' title='bbox 2898 3989 2931 4041; x_wconf 90' lang='grc'>8</span> <span class='ocrx_word' id='word_1_580' title='bbox 3043 3987 3369 4055; x_wconf 88' lang='lat' dir='ltr'><strong>Argenteus</strong></span> <span class='ocrx_word' id='word_1_581' title='bbox 3397 3994 3660 4040; x_wconf 89' lang='lat' dir='ltr'><strong>nummus</strong></span> <span class='ocrx_word' id='word_1_582' title='bbox 3687 3977 3786 4033; x_wconf 91' lang='lat' dir='ltr'><strong>Ro-</strong></span> 
     </span>
    </p>
   </div>
   <div class='ocr_carea' id='block_1_89' title="bbox 2154 4071 2882 4143">
    <p class='ocr_par' dir='ltr' id='par_1_89' title="bbox 2154 4071 2882 4143">
     <span class='ocr_line' id='line_1_89' title="bbox 2154 4071 2882 4143; baseline 0.003 -16"><span class='ocrx_word' id='word_1_583' title='bbox 2154 4086 2261 4128; x_wconf 63' lang='lat' dir='ltr'><strong>mae</strong></span> <span class='ocrx_word' id='word_1_584' title='bbox 2292 4071 2543 4143; x_wconf 90' lang='lat' dir='ltr'><strong>primum</strong></span> <span class='ocrx_word' id='word_1_585' title='bbox 2575 4071 2882 4143; x_wconf 79' lang='lat' dir='ltr'><strong>figuratur.</strong></span> 
     </span>
    </p>
   </div>
   <div class='ocr_carea' id='block_1_90' title="bbox 2223 4152 3782 4233">
    <p class='ocr_par' dir='ltr' id='par_1_90' title="bbox 2223 4152 3782 4233">
     <span class='ocr_line' id='line_1_90' title="bbox 2223 4152 3782 4233; baseline -0.003 -18"><span class='ocrx_word' id='word_1_586' title='bbox 2223 4163 2293 4216; x_wconf 90' lang='grc'>20</span> <span class='ocrx_word' id='word_1_587' title='bbox 2404 4152 2470 4215; x_wconf 76' lang='grc' dir='ltr'>1Β</span> <span class='ocrx_word' id='word_1_588' title='bbox 2867 4164 2935 4218; x_wconf 85' lang='grc'>16</span> <span class='ocrx_word' id='word_1_589' title='bbox 3041 4162 3356 4218; x_wconf 86' lang='lat' dir='ltr'><strong>Judeorum</strong></span> <span class='ocrx_word' id='word_1_590' title='bbox 3398 4158 3782 4233; x_wconf 88' lang='lat' dir='ltr'><strong>pontiﬁcatum</strong></span> 
     </span>
    </p>
   </div>
   <div class='ocr_carea' id='block_1_91' title="bbox 2163 4247 3717 4323">
    <p class='ocr_par' dir='ltr' id='par_1_91' title="bbox 2163 4247 3717 4323">
     <span class='ocr_line' id='line_1_91' title="bbox 2163 4247 3717 4323; baseline -0.003 -18"><span class='ocrx_word' id='word_1_591' title='bbox 2163 4255 2301 4323; x_wconf 90' lang='lat' dir='ltr'><strong>post</strong></span> <span class='ocrx_word' id='word_1_592' title='bbox 2326 4250 2667 4308; x_wconf 89' lang='lat' dir='ltr'><strong>Eleazarum</strong></span> <span class='ocrx_word' id='word_1_593' title='bbox 2700 4251 2984 4322; x_wconf 83' lang='lat' dir='ltr'><strong>Manases,</strong></span> <span class='ocrx_word' id='word_1_594' title='bbox 3019 4255 3267 4323; x_wconf 90' lang='lat' dir='ltr'><strong>patruus</strong></span> <span class='ocrx_word' id='word_1_595' title='bbox 3296 4250 3443 4322; x_wconf 87' lang='lat' dir='ltr'><strong>ejus,</strong></span> <span class='ocrx_word' id='word_1_596' title='bbox 3480 4247 3717 4321; x_wconf 89' lang='lat' dir='ltr'><strong>accepit.</strong></span> 
     </span>
    </p>
   </div>
   <div class='ocr_carea' id='block_1_92' title="bbox 2226 4339 3693 4397">
    <p class='ocr_par' dir='ltr' id='par_1_92' title="bbox 2226 4339 3693 4397">
     <span class='ocr_line' id='line_1_92' title="bbox 2226 4339 3693 4397; baseline -0.003 -2"><span class='ocrx_word' id='word_1_597' title='bbox 2226 4342 2289 4396; x_wconf 85' lang='grc'>21</span> <span class='ocrx_word' id='word_1_598' title='bbox 2406 4342 2474 4397; x_wconf 86' lang='grc'>16</span> <span class='ocrx_word' id='word_1_599' title='bbox 2869 4344 2935 4397; x_wconf 83' lang='grc'>17</span> <span class='ocrx_word' id='word_1_600' title='bbox 3046 4340 3191 4396; x_wconf 87' lang='lat' dir='ltr'><strong>Anni</strong></span> <span class='ocrx_word' id='word_1_601' title='bbox 3224 4341 3295 4396; x_wconf 91' lang='lat' dir='ltr'><strong>ab</strong></span> <span class='ocrx_word' id='word_1_602' title='bbox 3332 4339 3506 4396; x_wconf 91' lang='lat' dir='ltr'><strong>inicio</strong></span> <span class='ocrx_word' id='word_1_603' title='bbox 3538 4340 3693 4394; x_wconf 83' lang='lat'><strong>3700.</strong></span> 
     </span>
    </p>
   </div>
   <div class='ocr_carea' id='block_1_93' title="bbox 2224 4420 3780 4499">
    <p class='ocr_par' dir='ltr' id='par_1_93' title="bbox 2224 4420 3780 4499">
     <span class='ocr_line' id='line_1_93' title="bbox 2224 4420 3780 4499; baseline -0.008 -12"><span class='ocrx_word' id='word_1_604' title='bbox 2224 4433 2296 4487; x_wconf 77' lang='grc'><strong>24</strong></span> <span class='ocrx_word' id='word_1_605' title='bbox 2406 4432 2472 4486; x_wconf 89' lang='grc'>17</span> <span class='ocrx_word' id='word_1_606' title='bbox 2904 4433 2927 4483; x_wconf 90' lang='grc'><strong>1</strong></span> <span class='ocrx_word' id='word_1_607' title='bbox 3045 4428 3231 4499; x_wconf 70' lang='grc' dir='ltr'><strong>(Ηιειι.</strong></span> <span class='ocrx_word' id='word_1_608' title='bbox 3272 4430 3341 4487; x_wconf 69' lang='lat' dir='ltr'><strong>in</strong></span> <span class='ocrx_word' id='word_1_609' title='bbox 3380 4430 3536 4486; x_wconf 72' lang='lat' dir='ltr'><strong>Dan.</strong></span> <span class='ocrx_word' id='word_1_610' title='bbox 3589 4442 3639 4484; x_wconf 92' lang='lat' dir='ltr'><strong>c.</strong></span> <span class='ocrx_word' id='word_1_611' title='bbox 3690 4420 3780 4493; x_wconf 72' lang='grc' dir='ltr'><strong>ιι.)</strong></span> 
     </span>
    </p>
   </div>
   <div class='ocr_carea' id='block_1_94' title="bbox 2156 4511 3781 4589">
    <p class='ocr_par' dir='ltr' id='par_1_94' title="bbox 2156 4511 3781 4589">
     <span class='ocr_line' id='line_1_94' title="bbox 2156 4511 3781 4589; baseline -0.007 -14"><span class='ocrx_word' id='word_1_612' title='bbox 2156 4518 2497 4589; x_wconf 86' lang='lat' dir='ltr'><strong>Antiochus,</strong></span> <span class='ocrx_word' id='word_1_613' title='bbox 2532 4516 2632 4589; x_wconf 89' lang='lat' dir='ltr'><strong>qui</strong></span> <span class='ocrx_word' id='word_1_614' title='bbox 2659 4518 2984 4574; x_wconf 90' lang='lat' dir='ltr'><strong>vocabatur</strong></span> <span class='ocrx_word' id='word_1_615' title='bbox 3011 4518 3217 4589; x_wconf 89' lang='lat' dir='ltr'><strong>Theos,</strong></span> <span class='ocrx_word' id='word_1_616' title='bbox 3243 4518 3300 4574; x_wconf 91' lang='lat' dir='ltr'><strong>id</strong></span> <span class='ocrx_word' id='word_1_617' title='bbox 3327 4522 3414 4575; x_wconf 89' lang='lat' dir='ltr'><strong>est</strong></span> <span class='ocrx_word' id='word_1_618' title='bbox 3447 4519 3616 4587; x_wconf 90' lang='lat' dir='ltr'><strong>Deus,</strong></span> <span class='ocrx_word' id='word_1_619' title='bbox 3642 4511 3781 4570; x_wconf 87' lang='lat' dir='ltr'><strong>ﬁlius</strong></span> 
     </span>
    </p>
   </div>
   <div class='ocr_carea' id='block_1_95' title="bbox 383 4584 3783 4682">
    <p class='ocr_par' dir='ltr' id='par_1_95' title="bbox 383 4584 3783 4682">
     <span class='ocr_line' id='line_1_95' title="bbox 383 4584 3783 4682; baseline -0.001 -26"><span class='ocrx_word' id='word_1_620' title='bbox 383 4596 769 4659; x_wconf 88' lang='lat' dir='ltr'><strong>ducentarum</strong></span> <span class='ocrx_word' id='word_1_621' title='bbox 792 4603 1023 4660; x_wconf 85' lang='lat' dir='ltr'><strong>navium</strong></span> <span class='ocrx_word' id='word_1_622' title='bbox 1037 4608 1094 4660; x_wconf 92' lang='lat' dir='ltr'><strong>et</strong></span> <span class='ocrx_word' id='word_1_623' title='bbox 1112 4610 1364 4676; x_wconf 90' lang='lat' dir='ltr'><strong>quatuor</strong></span> <span class='ocrx_word' id='word_1_624' title='bbox 1389 4584 1721 4678; x_wconf 84' lang='lat' dir='ltr'><strong>legionibus</strong></span> <span class='ocrx_word' id='word_1_625' title='bbox 1742 4604 2043 4682; x_wconf 86' lang='lat' dir='ltr'><strong>Lylibeum</strong></span> <span class='ocrx_word' id='word_1_626' title='bbox 2071 4584 2124 4645; x_wconf 83' lang='lat' dir='ltr'><strong>D</strong></span> <span class='ocrx_word' id='word_1_627' title='bbox 2156 4608 2428 4665; x_wconf 89' lang='lat' dir='ltr'><strong>Antiochi</strong></span> <span class='ocrx_word' id='word_1_628' title='bbox 2460 4584 2740 4679; x_wconf 43' lang='lat' dir='ltr'><strong>Set—heris,</strong></span> <span class='ocrx_word' id='word_1_629' title='bbox 2777 4607 3040 4677; x_wconf 83' lang='lat' dir='ltr'><strong>regnavit</strong></span> <span class='ocrx_word' id='word_1_630' title='bbox 3071 4608 3127 4662; x_wconf 91' lang='lat' dir='ltr'><strong>in</strong></span> <span class='ocrx_word' id='word_1_631' title='bbox 3161 4584 3322 4678; x_wconf 68' lang='lat' dir='ltr'><strong>Svria</strong></span> <span class='ocrx_word' id='word_1_632' title='bbox 3351 4611 3410 4663; x_wconf 89' lang='lat' dir='ltr'><strong>et</strong></span> <span class='ocrx_word' id='word_1_633' title='bbox 3451 4584 3609 4662; x_wconf 19' lang='lat' dir='ltr'><strong>Asia.</strong></span> <span class='ocrx_word' id='word_1_634' title='bbox 3635 4598 3783 4660; x_wconf 85' lang='lat' dir='ltr'><strong>annis</strong></span> 
     </span>
    </p>
   </div>
   <div class='ocr_carea' id='block_1_96' title="bbox 384 4689 2039 4774">
    <p class='ocr_par' dir='ltr' id='par_1_96' title="bbox 384 4689 2039 4774">
     <span class='ocr_line' id='line_1_96' title="bbox 384 4689 2039 4774; baseline 0.01 -31"><span class='ocrx_word' id='word_1_635' title='bbox 384 4689 662 4762; x_wconf 89' lang='lat' dir='ltr'><strong>profecti,</strong></span> <span class='ocrx_word' id='word_1_636' title='bbox 684 4692 1136 4763; x_wconf 89' lang='lat' dir='ltr'><strong>superveniente</strong></span> <span class='ocrx_word' id='word_1_637' title='bbox 1160 4695 1499 4767; x_wconf 84' lang='lat' dir='ltr'><strong>Hannibale,</strong></span> <span class='ocrx_word' id='word_1_638' title='bbox 1526 4698 1874 4756; x_wconf 86' lang='lat' dir='ltr'><strong>Hamilcaris</strong></span> <span class='ocrx_word' id='word_1_639' title='bbox 1898 4700 2039 4774; x_wconf 90' lang='lat' dir='ltr'><strong>ﬁlio,</strong></span> 
     </span>
    </p>
   </div>
   <div class='ocr_carea' id='block_1_97' title="bbox 382 4776 2048 4867">
    <p class='ocr_par' dir='ltr' id='par_1_97' title="bbox 382 4776 2048 4867">
     <span class='ocr_line' id='line_1_97' title="bbox 382 4776 2048 4867; baseline 0.009 -34"><span class='ocrx_word' id='word_1_640' title='bbox 382 4776 522 4836; x_wconf 91' lang='lat' dir='ltr'><strong>victi</strong></span> <span class='ocrx_word' id='word_1_641' title='bbox 557 4783 714 4852; x_wconf 91' lang='lat' dir='ltr'><strong>sunt,</strong></span> <span class='ocrx_word' id='word_1_642' title='bbox 749 4781 1084 4854; x_wconf 73' lang='lat' dir='ltr'><strong>maioreque</strong></span> <span class='ocrx_word' id='word_1_643' title='bbox 1113 4783 1411 4842; x_wconf 86' lang='lat' dir='ltr'><strong>exercitus</strong></span> <span class='ocrx_word' id='word_1_644' title='bbox 1441 4789 1611 4857; x_wconf 89' lang='lat' dir='ltr'><strong>parte</strong></span> <span class='ocrx_word' id='word_1_645' title='bbox 1642 4789 1895 4863; x_wconf 89' lang='lat' dir='ltr'><strong>perdita,</strong></span> <span class='ocrx_word' id='word_1_646' title='bbox 1930 4792 2048 4867; x_wconf 73' lang='lat' dir='ltr'><strong>ipsi</strong></span> 
     </span>
    </p>
   </div>
   <div class='ocr_carea' id='block_1_98' title="bbox 382 4867 2042 4941">
    <p class='ocr_par' dir='ltr' id='par_1_98' title="bbox 382 4867 2042 4941">
     <span class='ocr_line' id='line_1_98' title="bbox 382 4867 2042 4941; baseline 0.01 -17"><span class='ocrx_word' id='word_1_647' title='bbox 382 4867 480 4924; x_wconf 90' lang='lat' dir='ltr'><strong>vix</strong></span> <span class='ocrx_word' id='word_1_648' title='bbox 510 4876 849 4927; x_wconf 85' lang='lat' dir='ltr'><strong>evaserunt.</strong></span> <span class='ocrx_word' id='word_1_649' title='bbox 873 4872 1014 4929; x_wconf 89' lang='lat' dir='ltr'><strong>Post</strong></span> <span class='ocrx_word' id='word_1_650' title='bbox 1038 4874 1146 4929; x_wconf 90' lang='lat' dir='ltr'><strong>hos</strong></span> <span class='ocrx_word' id='word_1_651' title='bbox 1170 4873 1447 4932; x_wconf 89' lang='lat' dir='ltr'><strong>Claudius</strong></span> <span class='ocrx_word' id='word_1_652' title='bbox 1464 4877 1669 4935; x_wconf 89' lang='lat' dir='ltr'><strong>consul</strong></span> <span class='ocrx_word' id='word_1_653' title='bbox 1693 4894 1823 4937; x_wconf 90' lang='lat' dir='ltr'><strong>cum</strong></span> <span class='ocrx_word' id='word_1_654' title='bbox 1847 4881 2042 4941; x_wconf 87' lang='lat' dir='ltr'><strong>classe</strong></span> 
     </span>
    </p>
   </div>
   <div class='ocr_carea' id='block_1_99' title="bbox 384 4955 2038 5040">
    <p class='ocr_par' dir='ltr' id='par_1_99' title="bbox 384 4955 2038 5040">
     <span class='ocr_line' id='line_1_99' title="bbox 384 4955 2038 5040; baseline 0.01 -27"><span class='ocrx_word' id='word_1_655' title='bbox 384 4955 771 5016; x_wconf 88' lang='lat' dir='ltr'><strong>ducentarum</strong></span> <span class='ocrx_word' id='word_1_656' title='bbox 790 4959 995 5029; x_wconf 87' lang='lat' dir='ltr'><strong>viginti</strong></span> <span class='ocrx_word' id='word_1_657' title='bbox 1025 4962 1257 5019; x_wconf 88' lang='lat' dir='ltr'><strong>navium</strong></span> <span class='ocrx_word' id='word_1_658' title='bbox 1277 4964 1349 5020; x_wconf 93' lang='lat' dir='ltr'><strong>ad</strong></span> <span class='ocrx_word' id='word_1_659' title='bbox 1370 4965 1618 5037; x_wconf 90' lang='lat' dir='ltr'><strong>Drepani</strong></span> <span class='ocrx_word' id='word_1_660' title='bbox 1643 4974 1874 5040; x_wconf 91' lang='lat' dir='ltr'><strong>portum</strong></span> <span class='ocrx_word' id='word_1_661' title='bbox 1903 4988 2038 5030; x_wconf 92' lang='lat' dir='ltr'><strong>con-</strong></span> 
     </span>
    </p>
   </div>
   <div class='ocr_carea' id='block_1_100' title="bbox 386 5046 2048 5133">
    <p class='ocr_par' dir='ltr' id='par_1_100' title="bbox 386 5046 2048 5133">
     <span class='ocr_line' id='line_1_100' title="bbox 386 5046 2048 5133; baseline 0.013 -33"><span class='ocrx_word' id='word_1_662' title='bbox 386 5049 475 5133; x_wconf 80' lang='lat' dir='ltr'><strong>tra</strong></span> <span class='ocrx_word' id='word_1_663' title='bbox 508 5046 736 5104; x_wconf 87' lang='lat' dir='ltr'><strong>hostem</strong></span> <span class='ocrx_word' id='word_1_664' title='bbox 771 5049 1072 5120; x_wconf 87' lang='lat' dir='ltr'><strong>profectus</strong></span> <span class='ocrx_word' id='word_1_665' title='bbox 1103 5055 1215 5124; x_wconf 92' lang='lat' dir='ltr'><strong>est,</strong></span> <span class='ocrx_word' id='word_1_666' title='bbox 1242 5053 1340 5109; x_wconf 90' lang='lat' dir='ltr'><strong>ubi</strong></span> <span class='ocrx_word' id='word_1_667' title='bbox 1384 5071 1517 5115; x_wconf 86' lang='lat' dir='ltr'><strong>mox</strong></span> <span class='ocrx_word' id='word_1_668' title='bbox 1537 5066 1825 5133; x_wconf 88' lang='lat' dir='ltr'><strong>exccptus</strong></span> <span class='ocrx_word' id='word_1_669' title='bbox 1853 5061 2048 5121; x_wconf 89' lang='lat' dir='ltr'><strong>classe</strong></span> 
     </span>
    </p>
   </div>
   <div class='ocr_carea' id='block_1_101' title="bbox 382 5132 2053 5225">
    <p class='ocr_par' dir='ltr' id='par_1_101' title="bbox 382 5132 2053 5225">
     <span class='ocr_line' id='line_1_101' title="bbox 382 5132 2053 5225; baseline 0.014 -38"><span class='ocrx_word' id='word_1_670' title='bbox 382 5132 714 5225; x_wconf 76' lang='lat' dir='ltr'><strong>Pcenorum,</strong></span> <span class='ocrx_word' id='word_1_671' title='bbox 747 5136 882 5194; x_wconf 92' lang='lat' dir='ltr'><strong>dum</strong></span> <span class='ocrx_word' id='word_1_672' title='bbox 914 5142 1119 5194; x_wconf 91' lang='lat' dir='ltr'><strong>contra</strong></span> <span class='ocrx_word' id='word_1_673' title='bbox 1162 5142 1419 5213; x_wconf 88' lang='lat' dir='ltr'><strong>auspicia</strong></span> <span class='ocrx_word' id='word_1_674' title='bbox 1464 5132 1816 5207; x_wconf 83' lang='lat' dir='ltr'><strong>dimicasseu</strong></span> <span class='ocrx_word' id='word_1_675' title='bbox 1881 5167 2053 5225; x_wconf 85' lang='lat' dir='ltr'><strong>supe-</strong></span> 
     </span>
    </p>
   </div>
   <div class='ocr_carea' id='block_1_102' title="bbox 386 5224 2049 5311">
    <p class='ocr_par' dir='ltr' id='par_1_102' title="bbox 386 5224 2049 5311">
     <span class='ocr_line' id='line_1_102' title="bbox 386 5224 2049 5311; baseline 0.014 -37"><span class='ocrx_word' id='word_1_676' title='bbox 386 5224 550 5311; x_wconf 84' lang='lat' dir='ltr'><strong>ratus</strong></span> <span class='ocrx_word' id='word_1_677' title='bbox 580 5227 690 5295; x_wconf 89' lang='lat' dir='ltr'><strong>est,</strong></span> <span class='ocrx_word' id='word_1_678' title='bbox 715 5229 775 5281; x_wconf 92' lang='lat' dir='ltr'><strong>et</strong></span> <span class='ocrx_word' id='word_1_679' title='bbox 803 5225 932 5297; x_wconf 90' lang='lat' dir='ltr'><strong>ipse</strong></span> <span class='ocrx_word' id='word_1_680' title='bbox 964 5226 1196 5299; x_wconf 88' lang='lat' dir='ltr'><strong>quidem</strong></span> <span class='ocrx_word' id='word_1_681' title='bbox 1228 5244 1359 5287; x_wconf 92' lang='lat' dir='ltr'><strong>cum</strong></span> <span class='ocrx_word' id='word_1_682' title='bbox 1382 5235 1625 5293; x_wconf 88' lang='lat' dir='ltr'><strong>navibus</strong></span> <span class='ocrx_word' id='word_1_683' title='bbox 1663 5243 1731 5295; x_wconf 90' lang='lat'><strong>30</strong></span> <span class='ocrx_word' id='word_1_684' title='bbox 1753 5224 2049 5311; x_wconf 82' lang='lat' dir='ltr'><strong>Lylibeum</strong></span> 
     </span>
    </p>
   </div>
   <div class='ocr_carea' id='block_1_103' title="bbox 385 5310 2051 5397">
    <p class='ocr_par' dir='ltr' id='par_1_103' title="bbox 385 5310 2051 5397">
     <span class='ocr_line' id='line_1_103' title="bbox 385 5310 2051 5397; baseline 0.015 -33"><span class='ocrx_word' id='word_1_685' title='bbox 385 5310 666 5384; x_wconf 80' lang='lat' dir='ltr'><strong>confugit,</strong></span> <span class='ocrx_word' id='word_1_686' title='bbox 700 5313 942 5388; x_wconf 66' lang='lat' dir='ltr'><strong>reliquas</strong></span> <span class='ocrx_word' id='word_1_687' title='bbox 970 5330 1169 5375; x_wconf 90' lang='lat' dir='ltr'><strong>omnes</strong></span> <span class='ocrx_word' id='word_1_688' title='bbox 1200 5325 1300 5377; x_wconf 89' lang='lat' dir='ltr'><strong>aut</strong></span> <span class='ocrx_word' id='word_1_689' title='bbox 1326 5329 1512 5397; x_wconf 52' lang='lat' dir='ltr'><strong>captae</strong></span> <span class='ocrx_word' id='word_1_690' title='bbox 1558 5331 1654 5384; x_wconf 88' lang='lat' dir='ltr'><strong>aut</strong></span> <span class='ocrx_word' id='word_1_691' title='bbox 1732 5310 2051 5390; x_wconf 61' lang='lat' dir='ltr'><strong>submersas</strong></span> 
     </span>
    </p>
   </div>
   <div class='ocr_carea' id='block_1_104' title="bbox 2160 4687 3780 4768">
    <p class='ocr_par' dir='ltr' id='par_1_104' title="bbox 2160 4687 3780 4768">
     <span class='ocr_line' id='line_1_104' title="bbox 2160 4687 3780 4768; baseline -0.01 -11"><span class='ocrx_word' id='word_1_692' title='bbox 2160 4704 2243 4757; x_wconf 80' lang='lat'><strong>15.</strong></span> <span class='ocrx_word' id='word_1_693' title='bbox 2261 4700 2397 4755; x_wconf 68' lang='lat' dir='ltr'><strong>Istae</strong></span> <span class='ocrx_word' id='word_1_694' title='bbox 2420 4697 2705 4755; x_wconf 89' lang='lat' dir='ltr'><strong>adversus</strong></span> <span class='ocrx_word' id='word_1_695' title='bbox 2728 4694 3597 4768; x_wconf 89' lang='lat' dir='ltr'><strong>PtholomeumPhyladelphum</strong></span> <span class='ocrx_word' id='word_1_696' title='bbox 3612 4687 3780 4766; x_wconf 86' lang='lat' dir='ltr'><strong>gessit</strong></span> 
     </span>
    </p>
   </div>
   <div class='ocr_carea' id='block_1_105' title="bbox 2157 4778 3779 4861">
    <p class='ocr_par' dir='ltr' id='par_1_105' title="bbox 2157 4778 3779 4861">
     <span class='ocr_line' id='line_1_105' title="bbox 2157 4778 3779 4861; baseline -0.011 -12"><span class='ocrx_word' id='word_1_697' title='bbox 2157 4791 2313 4850; x_wconf 90' lang='lat' dir='ltr'><strong>bella</strong></span> <span class='ocrx_word' id='word_1_698' title='bbox 2329 4802 2500 4861; x_wconf 90' lang='lat' dir='ltr'><strong>quam</strong></span> <span class='ocrx_word' id='word_1_699' title='bbox 2516 4785 2762 4860; x_wconf 91' lang='lat' dir='ltr'><strong>plurima</strong></span> <span class='ocrx_word' id='word_1_700' title='bbox 2778 4789 2835 4842; x_wconf 88' lang='lat' dir='ltr'><strong>et</strong></span> <span class='ocrx_word' id='word_1_701' title='bbox 2860 4785 3005 4843; x_wconf 89' lang='lat' dir='ltr'><strong>totis</strong></span> <span class='ocrx_word' id='word_1_702' title='bbox 3026 4784 3336 4857; x_wconf 89' lang='lat' dir='ltr'><strong>Babylonis</strong></span> <span class='ocrx_word' id='word_1_703' title='bbox 3358 4788 3532 4856; x_wconf 88' lang='lat' dir='ltr'><strong>atque</strong></span> <span class='ocrx_word' id='word_1_704' title='bbox 3552 4778 3779 4841; x_wconf 86' lang='lat' dir='ltr'><strong>orientis</strong></span> 
     </span>
    </p>
   </div>
   <div class='ocr_carea' id='block_1_106' title="bbox 2156 4869 3778 4940">
    <p class='ocr_par' dir='ltr' id='par_1_106' title="bbox 2156 4869 3778 4940">
     <span class='ocr_line' id='line_1_106' title="bbox 2156 4869 3778 4940; baseline -0.011 0"><span class='ocrx_word' id='word_1_705' title='bbox 2156 4881 2385 4940; x_wconf 89' lang='lat' dir='ltr'><strong>viribus</strong></span> <span class='ocrx_word' id='word_1_706' title='bbox 2409 4876 2728 4933; x_wconf 90' lang='lat' dir='ltr'><strong>dimicavit.</strong></span> <span class='ocrx_word' id='word_1_707' title='bbox 2746 4873 2960 4932; x_wconf 86' lang='lat' dir='ltr'><strong>Volens</strong></span> <span class='ocrx_word' id='word_1_708' title='bbox 2980 4878 3175 4932; x_wconf 90' lang='lat' dir='ltr'><strong>autem</strong></span> <span class='ocrx_word' id='word_1_709' title='bbox 3196 4874 3568 4931; x_wconf 90' lang='lat' dir='ltr'><strong>Ptholomeus</strong></span> <span class='ocrx_word' id='word_1_710' title='bbox 3590 4869 3778 4929; x_wconf 86' lang='lat' dir='ltr'><strong>moles-</strong></span> 
     </span>
    </p>
   </div>
   <div class='ocr_carea' id='block_1_107' title="bbox 2158 4958 3780 5037">
    <p class='ocr_par' dir='ltr' id='par_1_107' title="bbox 2158 4958 3780 5037">
     <span class='ocr_line' id='line_1_107' title="bbox 2158 4958 3780 5037; baseline -0.01 -9"><span class='ocrx_word' id='word_1_711' title='bbox 2158 4976 2285 5028; x_wconf 93' lang='lat' dir='ltr'><strong>tum</strong></span> <span class='ocrx_word' id='word_1_712' title='bbox 2317 4968 2483 5025; x_wconf 88' lang='lat' dir='ltr'><strong>ﬁnire</strong></span> <span class='ocrx_word' id='word_1_713' title='bbox 2512 4972 2829 5036; x_wconf 91' lang='lat' dir='ltr'><strong>certamen,</strong></span> <span class='ocrx_word' id='word_1_714' title='bbox 2856 4980 2987 5022; x_wconf 91' lang='lat' dir='ltr'><strong>cum</strong></span> <span class='ocrx_word' id='word_1_715' title='bbox 3007 4965 3131 5037; x_wconf 89' lang='lat' dir='ltr'><strong>ipse</strong></span> <span class='ocrx_word' id='word_1_716' title='bbox 3155 4970 3347 5022; x_wconf 90' lang='lat' dir='ltr'><strong>tamen</strong></span> <span class='ocrx_word' id='word_1_717' title='bbox 3370 4977 3607 5034; x_wconf 87' lang='lat' dir='ltr'><strong>magnas</strong></span> <span class='ocrx_word' id='word_1_718' title='bbox 3624 4958 3780 5017; x_wconf 84' lang='lat' dir='ltr'><strong>habe-</strong></span> 
     </span>
    </p>
   </div>
   <div class='ocr_carea' id='block_1_108' title="bbox 2161 5043 3778 5130">
    <p class='ocr_par' dir='ltr' id='par_1_108' title="bbox 2161 5043 3778 5130">
     <span class='ocr_line' id='line_1_108' title="bbox 2161 5043 3778 5130; baseline -0.013 -12"><span class='ocrx_word' id='word_1_719' title='bbox 2161 5065 2252 5118; x_wconf 90' lang='lat' dir='ltr'><strong>ret</strong></span> <span class='ocrx_word' id='word_1_720' title='bbox 2280 5058 2499 5130; x_wconf 90' lang='lat' dir='ltr'><strong>copias,</strong></span> <span class='ocrx_word' id='word_1_721' title='bbox 2534 5055 2708 5112; x_wconf 84' lang='lat' dir='ltr'><strong>ﬁliam</strong></span> <span class='ocrx_word' id='word_1_722' title='bbox 2740 5068 2901 5111; x_wconf 91' lang='lat' dir='ltr'><strong>suam</strong></span> <span class='ocrx_word' id='word_1_723' title='bbox 2951 5054 3269 5111; x_wconf 89' lang='lat' dir='ltr'><strong>Beronicen</strong></span> <span class='ocrx_word' id='word_1_724' title='bbox 3317 5052 3604 5110; x_wconf 86' lang='lat' dir='ltr'><strong>Antiocho</strong></span> <span class='ocrx_word' id='word_1_725' title='bbox 3634 5043 3778 5106; x_wconf 88' lang='lat' dir='ltr'><strong>dedit</strong></span> 
     </span>
    </p>
   </div>
   <div class='ocr_carea' id='block_1_109' title="bbox 2164 5134 3777 5219">
    <p class='ocr_par' dir='ltr' id='par_1_109' title="bbox 2164 5134 3777 5219">
     <span class='ocr_line' id='line_1_109' title="bbox 2164 5134 3777 5219; baseline -0.011 -12"><span class='ocrx_word' id='word_1_726' title='bbox 2164 5161 2425 5219; x_wconf 85' lang='lat' dir='ltr'><strong>uxorem,</strong></span> <span class='ocrx_word' id='word_1_727' title='bbox 2448 5146 2544 5217; x_wconf 93' lang='lat' dir='ltr'><strong>qui</strong></span> <span class='ocrx_word' id='word_1_728' title='bbox 2569 5145 2640 5201; x_wconf 92' lang='lat' dir='ltr'><strong>de</strong></span> <span class='ocrx_word' id='word_1_729' title='bbox 2665 5146 2861 5216; x_wconf 88' lang='lat' dir='ltr'><strong>priore</strong></span> <span class='ocrx_word' id='word_1_730' title='bbox 2884 5157 3065 5200; x_wconf 81' lang='lat' dir='ltr'><strong>uxore</strong></span> <span class='ocrx_word' id='word_1_731' title='bbox 3095 5142 3343 5199; x_wconf 86' lang='lat' dir='ltr'><strong>Laodice</strong></span> <span class='ocrx_word' id='word_1_732' title='bbox 3370 5142 3516 5198; x_wconf 91' lang='lat' dir='ltr'><strong>duos</strong></span> <span class='ocrx_word' id='word_1_733' title='bbox 3546 5134 3777 5196; x_wconf 79' lang='lat' dir='ltr'><strong>habebat</strong></span> 
     </span>
    </p>
   </div>
   <div class='ocr_carea' id='block_1_110' title="bbox 2165 5222 3776 5308">
    <p class='ocr_par' dir='ltr' id='par_1_110' title="bbox 2165 5222 3776 5308">
     <span class='ocr_line' id='line_1_110' title="bbox 2165 5222 3776 5308; baseline -0.008 -14"><span class='ocrx_word' id='word_1_734' title='bbox 2165 5236 2335 5308; x_wconf 87' lang='lat' dir='ltr'><strong>ﬁlios,</strong></span> <span class='ocrx_word' id='word_1_735' title='bbox 2361 5235 2687 5307; x_wconf 90' lang='lat' dir='ltr'><strong>Seleucum,</strong></span> <span class='ocrx_word' id='word_1_736' title='bbox 2724 5234 2822 5305; x_wconf 92' lang='lat' dir='ltr'><strong>qui</strong></span> <span class='ocrx_word' id='word_1_737' title='bbox 2849 5233 3372 5303; x_wconf 89' lang='lat' dir='ltr'><strong>cognominabatur</strong></span> <span class='ocrx_word' id='word_1_738' title='bbox 3401 5229 3700 5295; x_wconf 85' lang='lat' dir='ltr'><strong>Calinicus,</strong></span> <span class='ocrx_word' id='word_1_739' title='bbox 3728 5222 3776 5276; x_wconf 66' lang='lat' dir='ltr'><strong>et</strong></span> 
     </span>
    </p>
   </div>
   <div class='ocr_carea' id='block_1_111' title="bbox 2166 5317 3779 5391">
    <p class='ocr_par' dir='ltr' id='par_1_111' title="bbox 2166 5317 3779 5391">
     <span class='ocr_line' id='line_1_111' title="bbox 2166 5317 3779 5391; baseline -0.011 -3"><span class='ocrx_word' id='word_1_740' title='bbox 2166 5327 2422 5388; x_wconf 87' lang='lat' dir='ltr'><strong>alterum</strong></span> <span class='ocrx_word' id='word_1_741' title='bbox 2439 5325 2807 5383; x_wconf 89' lang='lat' dir='ltr'><strong>Antiochum.</strong></span> <span class='ocrx_word' id='word_1_742' title='bbox 2830 5323 3151 5383; x_wconf 90' lang='lat' dir='ltr'><strong>Antiochus</strong></span> <span class='ocrx_word' id='word_1_743' title='bbox 3173 5325 3367 5382; x_wconf 90' lang='lat' dir='ltr'><strong>autem</strong></span> <span class='ocrx_word' id='word_1_744' title='bbox 3390 5321 3610 5391; x_wconf 86' lang='lat' dir='ltr'><strong>dicens,</strong></span> <span class='ocrx_word' id='word_1_745' title='bbox 3630 5317 3779 5372; x_wconf 83' lang='lat' dir='ltr'><strong>Bero-</strong></span> 
     </span>
    </p>
   </div>
   <div class='ocr_carea' id='block_1_112' title="bbox 1749 5514 2427 5578">
    <p class='ocr_par' dir='ltr' id='par_1_112' title="bbox 1749 5514 2427 5578">
     <span class='ocr_line' id='line_1_112' title="bbox 1749 5514 2427 5578; baseline 0.004 -8"><span class='ocrx_word' id='word_1_746' title='bbox 1749 5514 1987 5575; x_wconf 65' lang='lat' dir='ltr'><strong>VARIIE</strong></span> <span class='ocrx_word' id='word_1_747' title='bbox 2025 5517 2323 5578; x_wconf 88' lang='lat' dir='ltr'><strong>LECTION</strong></span> <span class='ocrx_word' id='word_1_748' title='bbox 2329 5516 2427 5575; x_wconf 86' lang='lat' dir='ltr'><strong>ES.</strong></span> 
     </span>
    </p>
   </div>
   <div class='ocr_carea' id='block_1_113' title="bbox 386 5660 3438 5767">
    <p class='ocr_par' dir='ltr' id='par_1_113' title="bbox 386 5660 3438 5767">
     <span class='ocr_line' id='line_1_113' title="bbox 386 5660 3438 5767; baseline 0.009 -43"><span class='ocrx_word' id='word_1_749' title='bbox 386 5660 529 5744; x_wconf 36' lang='grc' dir='ltr'><strong>ρι’</strong></span> <span class='ocrx_word' id='word_1_750' title='bbox 560 5678 625 5726; x_wconf 84' lang='lat' dir='ltr'><strong>se</strong></span> <span class='ocrx_word' id='word_1_751' title='bbox 652 5680 785 5728; x_wconf 86' lang='lat' dir='ltr'><strong>esse</strong></span> <span class='ocrx_word' id='word_1_752' title='bbox 814 5674 873 5731; x_wconf 73' lang='grc' dir='ltr'><strong>δ.</strong></span> <span class='ocrx_word' id='word_1_753' title='bbox 907 5670 977 5708; x_wconf 73' lang='grc'><strong>³⁸⁸</strong></span> <span class='ocrx_word' id='word_1_754' title='bbox 1008 5674 1235 5734; x_wconf 91' lang='lat' dir='ltr'><strong>somnio</strong></span> <span class='ocrx_word' id='word_1_755' title='bbox 1263 5679 1317 5736; x_wconf 77' lang='grc'><strong>4.</strong></span> <span class='ocrx_word' id='word_1_756' title='bbox 1350 5682 1403 5741; x_wconf 73' lang='lat' dir='ltr'><strong>tl.</strong></span> <span class='ocrx_word' id='word_1_757' title='bbox 1434 5677 1505 5716; x_wconf 72' lang='grc'><strong>³⁸⁸</strong></span> <span class='ocrx_word' id='word_1_758' title='bbox 1536 5680 1830 5745; x_wconf 84' lang='lat' dir='ltr'><strong>destruxit</strong></span> <span class='ocrx_word' id='word_1_759' title='bbox 1864 5686 2007 5751; x_wconf 67' lang='lat' dir='ltr'><strong>asia:</strong></span> <span class='ocrx_word' id='word_1_760' title='bbox 2036 5701 2279 5767; x_wconf 78' lang='lat' dir='ltr'><strong>regnum</strong></span> <span class='ocrx_word' id='word_1_761' title='bbox 2310 5683 2568 5760; x_wconf 82' lang='lat' dir='ltr'><strong>fecitque</strong></span> <span class='ocrx_word' id='word_1_762' title='bbox 2599 5697 2674 5745; x_wconf 88' lang='lat' dir='ltr'><strong>ex</strong></span> <span class='ocrx_word' id='word_1_763' title='bbox 2705 5675 2961 5763; x_wconf 84' lang='lat' dir='ltr'><strong>utroque</strong></span> <span class='ocrx_word' id='word_1_764' title='bbox 2990 5695 3166 5747; x_wconf 83' lang='lat' dir='ltr'><strong>unum</strong></span> <span class='ocrx_word' id='word_1_765' title='bbox 3196 5682 3340 5759; x_wconf 81' lang='lat' dir='ltr'><strong>imp-</strong></span> <span class='ocrx_word' id='word_1_766' title='bbox 3379 5684 3438 5738; x_wconf 72' lang='lat'><strong>5-</strong></span> 
     </span>
    </p>
   </div>
  </div>
