3932 6412
104 395 250 457 613

56 542 63 549 ·
110 530 317 588 nicen
360 543 426 589 se
460 530 607 588 velle
640 531 854 587 habere
887 530 1046 600 regni
1077 536 1408 587 consortem
1439 535 1497 586 et
1528 530 1808 587 Laodicen

113 622 178 675 in
207 620 371 678 loco
394 621 752 689 concubinae,
782 626 909 692 post
934 620 1176 676 multum
1200 622 1481 691 temporis
1502 627 1814 691 superatus

113 723 354 765 amore
385 710 665 765 Laodicen
692 724 821 764 cum
846 709 1045 764 liberis
1068 709 1189 764 suis
1213 709 1448 764 reduxit
1471 709 1528 764 in
1550 724 1809 778 regnum.

117 797 285 863 Quae
314 804 596 853 metuens
618 798 949 865 ambiguum
973 797 1081 851 viri
1104 798 1376 867 animum,
1399 811 1469 852 ne
1494 797 1813 852 Berenicen

119 884 499 957 reduceret,
533 885 721 940 virum
758 898 859 955 per
893 885 1195 941 ministros
1235 900 1456 940 veneno
1500 886 1812 953 interfecit,

120 973 491 1029 Berenicen
511 987 652 1028 vero
681 987 810 1028 cum
846 972 965 1027 ﬁlio
998 988 1166 1043 quem
1197 987 1267 1027 ex
1301 972 1586 1028 Antiocho
1615 972 1815 1041 genuit

120 1061 425 1117 lcadioni
463 1065 522 1116 et
564 1062 795 1116 Genneo
839 1060 1203 1131 principibus
1250 1060 1404 1129 regis
1440 1060 1815 1115 occidendam

122 1148 434 1219 tradidit,
471 1150 715 1221 ipsaque
738 1164 866 1205 cum
894 1148 1110 1218 majore
1140 1148 1257 1204 ﬁlio
1291 1149 1532 1205 Seleuco
1563 1148 1816 1205 Calinico

122 1237 454 1307 regnavh.

211 1326 457 1395 (Ηιειι.)
488 1325 718 1381 Parthis
750 1339 780 1381 a
813 1325 1186 1380 Macedonum
1225 1324 1467 1394 imperio
1498 1325 1821 1380 recedenti-

128 1414 274 1481 bus,
337 1413 573 1483 primus
622 1412 889 1481 regnavit
933 1415 1199 1483 Arsaces,
1253 1412 1404 1467 unde
1435 1417 1491 1468 et
1525 1412 1819 1468 Arsacidae

129 1500 292 1556 dicti
329 1505 498 1557 sunt.

125 1626 280 1672 Alex.
337 1624 532 1672 Maced.
581 1625 722 1672 Asiaa.
754 1625 918 1685 Syria.

212 1708 290 1760 32
414 1709 484 1759 27
912 1705 945 1757 9

133 1793 212 1847 ab
248 1793 427 1848 Urbe
460 1791 715 1847 condita.

213 1884 290 1936 38
419 1884 485 1935 33
880 1884 948 1934 15

212 1967 613 2024 Ptholomeus
660 1968 996 2035 Evergetes,
1050 1965 1202 2021 ﬁlius
1244 1965 1568 2021 Ptbolomei
1618 1965 1820 2037 Phyla-

140 2056 384 2128 delphi,
447 2054 709 2124 regnavit
762 2053 1128 2110 Alexandriae
1178 2053 1342 2109 annis
1390 2058 1479 2123 26,
1523 2069 1552 2109 a
1597 2058 1819 2109 restau-

138 2146 393 2201 ratione
450 2142 649 2214 templi
703 2156 849 2197 anno
893 2146 1019 2197 276.
1070 2142 1185 2197 Sub
1227 2143 1333 2197 hoc
1382 2142 1611 2212 Jbesus,
1665 2142 1818 2197 ﬁlius

138 2232 387 2303 Sirach,
443 2231 655 2287 librum
705 2245 871 2287 suum
921 2230 1294 2301 conscripsit.
1349 2230 1533 2300 (HIEB.
1564 2229 1631 2286 in
1657 2232 1815 2287 Dan.

140 2337 194 2378 c.
233 2324 348 2393 χι.)
386 2320 493 2375 Hic
525 2333 666 2388 ergo
693 2319 1067 2375 Ptholomeus
1093 2317 1161 2350 ²⁶⁷
1188 2323 1324 2389 post
1358 2322 1602 2373 mortem
1632 2319 1818 2389 patris

139 2408 237 2466 sui
274 2406 691 2479 Phyladelphi,
726 2422 830 2477 pro
858 2406 1080 2463 ultione
1111 2407 1296 2477 patris
1329 2410 1386 2461 et
1419 2406 1628 2463 occisae
1662 2421 1820 2462 soro-

142 2498 248 2565 ris,
277 2511 422 2553 cum
459 2508 665 2564 magno
696 2495 961 2550 exercitu
995 2494 1233 2549 intravit
1268 2494 1629 2565 provinciam
1664 2495 1821 2563 regis

143 2584 485 2656 aquilonis,
533 2583 589 2637 id
631 2587 723 2638 est
767 2582 988 2637 Seleuci
1031 2582 1287 2652 Calinici,
1332 2583 1428 2653 qui
1470 2598 1599 2639 cum
1638 2588 1822 2637 matre

146 2674 407 2729 Laodice
430 2672 694 2741 regnavit
716 2671 771 2726 in
793 2672 973 2741 Syria,
990 2675 1044 2726 et
1068 2672 1222 2742 cepit
1243 2672 1460 2741 Syriam
1482 2677 1542 2725 et
1563 2671 1819 2726 Ciliciam

144 2768 207 2818 et
232 2761 589 2833 superiores
624 2765 820 2830 partes
851 2764 1014 2814 trans
1043 2761 1319 2814 Eufraten
1345 2764 1401 2814 et
1426 2774 1649 2814 omnem
1678 2773 1821 2829 pene

148 2850 372 2906 Asiam.
443 2851 699 2918 Cumque
756 2847 1015 2903 audisset
1069 2847 1123 2902 in
1174 2847 1419 2918 {Egypto
1475 2847 1819 2902 seditionem

150 2938 402 3005 moveri,
450 2936 737 3007 diripiens
777 2951 1017 3005 regnum
1059 2934 1306 3004 Seleuci,
1343 2938 1411 2990 40
1443 2935 1597 2990 milia
1640 2934 1822 2989 talen-

153 3030 354 3082 torum
390 3026 622 3094 argenti
648 3025 785 3079 tulit
810 3038 1062 3093 vasaque
1094 3025 1359 3094 preciosa
1384 3026 1444 3078 et
1467 3023 1821 3079 simulachra

156 3114 409 3170 deorum
437 3114 553 3169 duo
580 3113 733 3167 milia
758 3113 1091 3182 quingenta,
1119 3112 1174 3166 in
1199 3112 1410 3182 quibus
1438 3118 1606 3167 erant
1638 3117 1696 3167 et
1726 3111 1821 3165 illa

164 3217 295 3272 quae
326 3202 633 3258 Cambiscs
666 3206 834 3271 capta
866 3202 1109 3271 [Egypto
1140 3200 1193 3254 in
1224 3202 1433 3255 Persas
1460 3203 1818 3271 portaverat.

160 3292 315 3347 Gens
342 3306 491 3346 vero
532 3290 794 3360 Egyptia
840 3289 1127 3344 idolatriae
1168 3289 1413 3344 multum
1445 3288 1644 3344 dedita
1674 3292 1819 3343 erat.

159 3380 228 3433 Et
264 3380 405 3449 quia
439 3383 574 3451 post
604 3378 820 3433 multos
846 3392 1028 3432 annos
1052 3377 1191 3431 deos
1221 3392 1419 3432 eorum
1452 3376 1828 3432 Ptholomeus

164 3468 481 3535 retulerat,
520 3469 859 3535 Evergetem
901 3480 1027 3521 eum
1071 3465 1464 3535 appellabant.
1505 3466 1573 3520 Et
1606 3464 1823 3533 Syriam

163 3555 403 3625 quidem
468 3555 595 3625 ipse
655 3553 932 3617 obtinuit,
993 3552 1249 3608 Ciliciam
1298 3567 1440 3609 vero
1490 3552 1676 3607 amico
1723 3566 1827 3607 suo

166 3644 461 3700 Antiocho
491 3642 928 3712 gubernandum
965 3641 1232 3711 tradidit,
1257 3645 1311 3696 et
1337 3640 1624 3712 Xantippo
1657 3638 1827 3696 alteri

165 3730 296 3788 duci
355 3731 693 3803 provincias
742 3735 907 3786 trans
956 3731 1253 3786 Eufraten.

239 3820 341 3889 (H.
376 3822 486 3893 m.)
542 3823 702 3876 Anno
751 3820 824 3875 ab
873 3819 1025 3875 Urbe
1077 3819 1314 3875 condita
1363 3818 1831 3889 quingentesimo

1057 1705 1254 1759 Annus
1316 1703 1821 1774 quingentesimus

170 3911 405 3979 octavo,
446 3908 544 3979 qui
578 3912 672 3963 est
704 3908 926 3977 primus
976 3907 1299 3977 Evergetis,
1352 3907 1657 3977 repentina
1699 3906 1836 3961 sub-

170 3998 366 4079 versio
395 3998 587 4069 ipsius
618 3998 811 4052 Romae
851 3997 1115 4068 pervenit
1160 3997 1520 4066 triumphum
1552 3998 1834 4053 Romano-

172 4101 315 4142 rum.
354 4086 652 4157 Siquidem
688 4084 902 4150 Quinto
927 4084 1166 4140 Lutacio
1190 4085 1395 4139 Catule
1423 4090 1483 4138 et
1505 4083 1651 4139 Aulo
1687 4085 1835 4139 Man-

174 4172 250 4228 lio
282 4174 649 4243 consulibus,
677 4173 924 4229 diversae
948 4172 1168 4242 ignium
1196 4186 1599 4242 aquarumque
1627 4171 1831 4227 clades

175 4276 321 4331 pene
372 4264 755 4332 absumpsere
810 4262 1035 4316 urbem.
1090 4261 1227 4314 Nam
1279 4259 1518 4330 Tybcris
1574 4258 1832 4314 insolitis

176 4356 383 4406 auctus
434 4350 718 4406 imbribus
766 4354 824 4404 et
877 4349 1032 4405 ultra
1079 4347 1409 4419 opinionem
1467 4347 1826 4415 redundans,

176 4438 365 4494 omnia
398 4441 597 4495 Romae
636 4436 881 4494 aediﬁcia
915 4437 970 4492 in
1005 4435 1177 4507 plano
1219 4435 1548 4492 constituta
1582 4434 1830 4501 delevit;

178 4524 423 4584 diversae
476 4526 795 4597 qualitates
846 4525 1109 4580 locorum
1162 4524 1233 4580 ad
1285 4538 1454 4579 unam
1503 4537 1831 4579 convenere

177 4615 519 4685 perniciem,
561 4614 830 4685 quoniam
870 4627 999 4683 quae
1036 4613 1229 4670 sevior
1266 4611 1571 4669 inundatio
1616 4611 1829 4681 tenuit,

179 4702 498 4760 madefacta
530 4702 820 4773 dissolvit,
855 4707 918 4757 et
950 4716 1077 4772 qua)
1119 4716 1329 4757 cursus
1363 4701 1645 4757 torrentis
1678 4700 1836 4757 inve-

180 4789 281 4860 nit,
325 4791 571 4863 impulsa
623 4791 856 4860 dejecit.
914 4793 1206 4860 Aquarum
1246 4804 1384 4845 vero
1424 4788 1831 4859 gravissimam

179 4877 399 4935 cladem
430 4880 667 4951 gravior
699 4880 847 4949 ignis
870 4879 1123 4935 vastatio
1148 4883 1351 4934 secuta
1378 4882 1487 4933 est.
1525 4877 1633 4942 Qui
1660 4877 1832 4964 ignis,

185 4964 466 5024 incertum
492 4968 642 5025 unde
663 4968 1006 5036 surrexerit,
1035 4967 1317 5038 plurimas
1339 4966 1601 5023 civitatis
1632 4970 1833 5037 partes

185 5061 553 5126 pervagatus,
571 5056 863 5112 hominum
883 5056 1301 5125 domorumque
1320 5061 1575 5122 stragem
1597 5054 1836 5109 misera.

186 5139 353 5199 bilem
373 5146 527 5201 fecit.
548 5144 761 5200 Dehinc
780 5159 909 5200 cum
928 5144 1117 5200 omnia
1137 5144 1192 5198 in
1211 5143 1461 5199 circuitu
1488 5141 1633 5197 foris
1657 5143 1834 5198 deva-

185 5233 381 5302 staret,
414 5235 598 5291 aedem
627 5235 821 5289 Vestae
858 5234 1165 5304 corripuit,
1210 5233 1360 5289 unde
1393 5230 1661 5287 Metellus
1695 5244 1827 5286 cum

188 5328 419 5377 arsuros
466 5324 618 5378 Deos
664 5321 899 5392 eripuit,
955 5322 1193 5378 brachio
1243 5319 1673 5390 semiustulato,
1732 5318 1829 5376 vix

189 5407 422 5479 aufugit.
474 5413 600 5467 Tito
648 5410 977 5481 Simpronio
1024 5411 1244 5466 Graeco
1292 5414 1351 5464 et
1401 5408 1538 5465 Gaio
1594 5407 1827 5464 Valerio

192 5492 427 5556 Falcone
457 5499 820 5571 consulibus,
855 5498 1072 5557 bellum
1099 5497 1339 5555 Romani
1370 5496 1614 5555 Faliscis
1646 5494 1717 5528 "°
1746 5495 1831 5553 in-

1035 392 1473 461 CHRONICA.
1514 433 1585 443 -
1618 392 2097 460 CHRONICON
2138 394 2690 462 UNIVERSALE.

1848 1883 1901 1942 B

3453 394 3570 464 6M
3650 476 3653 479 _

1844 534 1893 591 Α
1925 529 2205 602 tulerunt,
2242 548 2368 603 quae
2390 532 2601 589 civitas
2625 527 2804 591 [taliae
2828 525 3103 606 epulenta
3129 534 3415 605 quondam
3442 534 3569 592 fuit.

1924 619 2086 685 Quod
2131 620 2342 676 bellum
2388 622 2554 676 ambo
2595 622 2873 678 consules
2914 623 3064 679 intra
3098 637 3200 679 sex
3232 623 3358 679 dies
3386 627 3575 681 trans-

1924 712 2189 777 egcrunt,
2218 709 2547 778 quindecim
2578 710 2812 765 milibus
2844 711 3096 766 hostium
3128 711 3320 767 caesis.

1996 796 2209 851 Eodem
2243 811 2392 852 anno
2433 798 2606 853 etiam
2648 798 2790 853 Galli
2834 798 3107 870 Cisalpini
3149 800 3279 855 novi
3322 799 3572 855 extitere

1925 882 2145 952 hostes,
2200 885 2510 940 adversum
2564 901 2708 955 quos
2757 887 2914 942 varia
2954 891 3115 942 sorte
3148 886 3425 943 bellatum
3458 891 3568 943 est.

1927 973 2062 1026 Nam
2096 972 2152 1025 in
2184 973 2371 1042 primo
2410 974 2686 1029 conﬂictu
2728 974 2956 1030 Valerio
2997 975 3236 1031 consule
3270 975 3382 1030 tria
3417 974 3575 1031 milia

1927 1074 1999 1114 ex
2032 1060 2306 1115 Romanis
2330 1061 2615 1131 cecidere,
2644 1062 2701 1116 in
2723 1063 2978 1129 secundo
3003 1066 3070 1119 14
3094 1063 3247 1119 milia
3278 1062 3572 1119 Gallorum

1928 1162 2075 1202 caesa
2112 1154 2268 1217 sunt,
2302 1149 2415 1204 duo
2440 1149 2595 1205 milia
2619 1155 2808 1220 capta.
2846 1150 2955 1205 Sed
2978 1150 3050 1205 ob
3073 1150 3321 1221 priorem
3349 1150 3573 1207 cladem

1932 1235 2263 1306 triumphus
2309 1237 2533 1292 consuli
2585 1238 2905 1307 denegatus
2954 1241 3065 1294 est.
3119 1240 3279 1295 Anno
3321 1239 3392 1295 ab
3422 1240 3574 1295 Urbe

1929 1324 2161 1378 condita
2193 1325 2658 1394 quingentesimo
2691 1330 2804 1395 17°,
2841 1327 2937 1396 qui
2967 1332 3057 1381 est
3088 1327 3392 1397 Evergetis
3421 1326 3577 1383 deci-

1932 1426 2075 1480 mus,
2102 1411 2218 1467 dux
2247 1414 2553 1469 Poenorum
2586 1414 2913 1470 Hamilchar
2944 1415 3016 1469 ab
3048 1415 3316 1487 Hispanis
3339 1415 3394 1470 in
3420 1414 3574 1471 bello

1932 1498 2275 1555 interfectus
2314 1506 2426 1567 est,
2472 1517 2599 1557 cum
2636 1503 2752 1571 jam
2795 1502 2952 1558 aliud
3000 1502 3214 1561 bellum
3264 1503 3573 1560 adversum

1931 1588 2219 1643 Romanos
2266 1588 2413 1643 clam
2466 1593 2719 1660 pararet.

2004 1675 2214 1748 (Ηιειι.)
2246 1677 2619 1733 Ptholomeus
2653 1677 3023 1748 Phylopator,
3065 1678 3218 1734 ﬁlius
3248 1680 3570 1749 Evergetis,

1933 1765 2196 1832 regnavit
2264 1765 2629 1822 Alexandria:
2688 1767 2853 1822 annis
2911 1773 2996 1837 17,
3058 1782 3090 1822 a
3148 1769 3574 1824 restauratione

1930 1852 2132 1923 templi
2166 1868 2316 1909 anno
2349 1858 2497 1909 302°.
2536 1854 2718 1923 (Hum.
2753 1855 2822 1911 in
2849 1856 3003 1912 Dan.
3040 1855 3082 1911 ι.
3110 1856 3175 1927 Ζ.)
3208 1857 3348 1911 Post
3381 1856 3573 1927 fugam

1931 1948 1990 1994 et
2040 1946 2282 1996 mortem
2341 1942 2568 1997 Seleuci
2620 1943 2857 1998 Calinici
2908 1943 3010 1997 ﬁlii
3063 1943 3351 2013 Antiochi,
3403 1957 3572 2013 quem

1930 2026 2222 2083 interfecit
2252 2031 2568 2098 Evergetes
2601 2035 2768 2101 pater
2800 2031 2969 2101 hujus
2999 2030 3424 2101 Phylopatoris,
3459 2032 3574 2088 duo

1931 2114 2032 2171 ﬁlii
2055 2116 2277 2173 Seleuci
2297 2118 2578 2188 ejusdem,
2600 2118 2873 2175 videlicet
2892 2119 3171 2175 Seleucus
3187 2124 3573 2189 cognomento

1930 2206 2228 2262 Ceraunus
2259 2212 2316 2261 et
2352 2207 2672 2263 Antiochus
2705 2208 2800 2277 qui
2833 2207 3161 2278 appellatus
3192 2212 3284 2263 est
3316 2210 3570 2279 Magnus,

1927 2294 2231 2363 provocati
2263 2309 2363 2365 spe
2394 2294 2676 2365 victoriae,
2712 2300 2769 2351 et
2801 2296 2856 2351 in
2885 2296 3165 2352 ultionem
3194 2296 3381 2367 patris
3411 2311 3576 2353 exer-

1926 2381 2046 2437 citu
2117 2398 2321 2451 magno
2388 2388 2763 2453 congregato,
2834 2385 3118 2441 adversus
3173 2384 3574 2441 Ptholomeum

1928 2470 2377 2541 Phylopatorem
2409 2487 2564 2526 arma
2608 2472 2953 2543 corripiunt.
3000 2473 3255 2543 Cumque
3295 2473 3576 2530 Seleucus

1930 2558 2115 2627 major
2138 2558 2320 2613 frater
2340 2560 2525 2615 tercio
2549 2560 2774 2631 imperii
2797 2560 2886 2616 sui
2909 2575 3059 2616 anno
3083 2562 3314 2617 occisus
3336 2569 3498 2617 esset
3520 2562 3577 2616 in

1929 2647 2121 2715 Frigia
2164 2662 2269 2717 per
2310 2647 2503 2704 dolum
2543 2648 2863 2719 Nicanoris,
2902 2650 3199 2706 exercitus
3233 2650 3331 2720 qui
3362 2655 3489 2705 erat
3520 2649 3575 2704 in

1931 2734 2092 2805 Syria
2126 2735 2363 2790 fratrem
2387 2736 2514 2806 ejus
2536 2737 2883 2794 Antiochum
2910 2741 3294 2807 cognomento
3316 2739 3578 2808 Magnum

1931 2820 2001 2875 de
2036 2820 2326 2892 Babylone
2358 2823 2585 2879 vocavit
2608 2823 2680 2878 ad
2705 2838 2943 2893 regnum
2972 2824 3171 2895 Syriae,
3198 2839 3325 2894 quae
3347 2838 3417 2879 eo
3439 2828 3582 2880 tem-

1930 2923 2074 2978 pore
2108 2911 2420 2965 tenebatur
2454 2925 2484 2965 a
2516 2912 2853 2967 Ptholomeo
2883 2912 3292 2983 Phylopatore.
3326 2912 3581 2982 Cumque

1930 3002 2244 3066 pugnasset
2299 2998 2579 3054 adversus
2623 2998 2803 3055 duces
2852 3000 2999 3069 ejus,
3036 3000 3205 3055 immo
3251 2998 3582 3069 proditione

1931 3084 2210 3139 Theodoti
2249 3086 2547 3155 cujusdam
2590 3087 2940 3143 obtinuisset
2980 3088 3219 3158 Syriam,
3266 3087 3321 3142 in
3362 3091 3582 3142 tantam

1874 3229 1900 3251 Ἰ
1934 3172 2089 3227 venit
2124 3173 2445 3243 audaciam,
2475 3179 2534 3229 ut
2569 3174 2726 3230 ultro
2751 3176 3037 3245 :Egyptiis
3068 3175 3283 3232 bellum
3315 3175 3578 3231 inferret.

1856 3244 1903 3291 υ
1936 3259 2292 3330 Phylopator
2344 3266 2557 3331 autem,
2610 3262 2820 3318 amissa
2853 3244 3012 3334 Syria
3049 3262 3378 3334 proditione
3408 3261 3585 3317 Theo-

1939 3347 2080 3417 doti,
2112 3350 2490 3419 congregavit
2516 3349 2947 3407 multitudinem
2970 3349 3276 3421 plurimam
3299 3349 3585 3405 adversus

1939 3438 2303 3506 Antiochum,
2346 3436 2605 3507 initoque
2644 3438 2961 3494 certamine
2993 3439 3157 3508 juxta
3200 3436 3436 3508 opidum
3478 3438 3585 3493 Ra-

1940 3523 2109 3595 phiae,
2136 3525 2290 3594 quod
2313 3530 2402 3579 est
2427 3525 2482 3580 in
2507 3525 2716 3582 ﬁnibus
2738 3526 2986 3597 Egypti,
3015 3525 3336 3583 Antiochus
3356 3538 3583 3581 omnem

1940 3613 2137 3668 amisit
2169 3615 2513 3684 exercitum,
2544 3619 2601 3669 et
2635 3630 2737 3685 per
2767 3616 3000 3670 deserta
3036 3614 3283 3683 fugiens,
3317 3626 3464 3683 pene
3494 3626 3589 3668 ca-

1943 3706 2078 3771 ptus
2112 3705 2220 3756 est.
2258 3702 2513 3771 Cumque
2550 3702 2902 3759 decessisset
2940 3702 3120 3774 Syria,
3159 3701 3228 3757 ad
3262 3706 3585 3757 extremum

1944 3790 2160 3845 foedere
2194 3794 2252 3845 et
2287 3791 2659 3861 pactionibus
2686 3791 3039 3848 conditionis
3067 3789 3365 3860 cujusdam
3394 3801 3587 3861 pugna

1945 3878 2106 3932 ﬁnita
2129 3881 2237 3933 cst.

2016 3965 2156 4036 (Jos.
2187 3980 2289 4036 xu,
2316 3968 2395 4040 3.)
2428 3968 2546 4023 Sub
2577 3968 2685 4023 hoc
2714 3970 2979 4039 tempore
3009 3965 3193 4024 Judaei
3227 3964 3407 4023 multa
3438 3962 3590 4020 mala

1945 4052 2298 4123 tolerabant,
2321 4054 2455 4110 dum
2475 4059 2632 4110 terra
2655 4069 2857 4111 eorum
2882 4054 3134 4111 diversis
3156 4052 3591 4109 calamitatibus

1946 4141 2307 4209 subjacebat.
2344 4143 2481 4196 Nam
2521 4158 2649 4198 cum
2682 4142 3005 4198 Antiochus
3040 4146 3353 4214 pugnasset
3383 4144 3589 4197 contra

1943 4228 2342 4283 Ptholomeum
2374 4228 2823 4300 Pbylopatorem
2855 4234 2915 4285 et
2948 4229 3126 4285 ﬁlium
3165 4229 3292 4299 ejus
3328 4227 3591 4301 Epypha-

1946 4331 2092 4386 nem,
2140 4315 2324 4371 Judaei
2357 4316 2412 4371 in
2446 4316 2633 4371 medio
2678 4317 2850 4388 positi
2901 4316 3167 4389 utrisque
3218 4316 3590 4374 vincentibus
3676 4328 3691 4339 ‘

1944 4403 2307 4473 laborabant,
2359 4408 2423 4460 ut
2470 4419 2641 4475 pares
2695 4404 3020 4461 existerent
3066 4404 3197 4462 navi
3244 4405 3499 4462 turbatae
3531 4408 3592 4459 et

1946 4492 2398 4563 tempestatibus
2442 4493 2770 4549 ﬂuctuanti.

1862 4591 1914 4651 D
1946 4618 2081 4665 Alex.
2138 4616 2320 4664 Maced.
2361 4617 2529 4679 Syriae.

2052 4702 2075 4752 1
2230 4699 2298 4751 34
2477 4699 2504 4751 1
2655 4695 2884 4768 (illam)
2942 4693 3221 4751 Seleucus
3275 4690 3584 4765 Calinicus,

1948 4783 2215 4841 Antiochi
2254 4783 2438 4854 major
2470 4783 2641 4853 ﬁlius,
2678 4784 2943 4855 regnavit
2971 4782 3150 4854 Syriae
3180 4784 3235 4838 et
3273 4781 3424 4838 Asize
3454 4794 3586 4838 cum

1943 4878 2129 4930 matre
2158 4872 2399 4930 Laodice
2427 4873 2593 4929 annis
2612 4877 2699 4931 20.

2049 4964 2084 5016 2
2227 4963 2295 5015 35
2474 4965 2509 5017 2

2048 5053 2079 5105 3
2225 5052 2293 5105 36
2471 5052 2504 5104 3

2049 5140 2082 5192 4
2262 5142 2286 5192 1
2471 5139 2507 5193 4
2649 5134 2980 5197 Demetrius
3027 5136 3291 5209 regnavit
3330 5134 3594 5194 Macedo-

1942 5226 2053 5283 nia)
2075 5224 2239 5283 annis
2258 5228 2345 5285 10.

2015 5319 2082 5375 lt
2262 5318 2289 5373 1
2438 5318 2508 5372 14
2652 5317 2978 5386 Antigonus
3025 5314 3291 5386 regnavit
3331 5311 3594 5371 Macedo-

1942 5406 2051 5463 niae
2072 5404 2237 5462 annis
2254 5406 2340 5462 l3.

2012 5498 2079 5551 15
2256 5495 2293 5549 2
2434 5496 2502 5550 15
2642 5489 2958 5550 Judeorum
2986 5492 3252 5567 pontifex
3278 5491 3478 5550 Onias.

1529 5583 1767 5643 VARLE
1809 5582 2217 5651 LECTIONES,

255 5671 321 5708 ’⁸⁷
354 5674 517 5740 deut
538 5683 616 5741 9°.
700 5675 904 5737 falacis
930 5679 983 5741 4.
1015 5681 1065 5738 5.
1102 5682 1190 5740 10.
1222 5675 1423 5737 aliscis
1460 5679 1537 5736 9°.
