3932 6406
287 450 297 458 .
371 356 491 420 615

373 494 510 541 Alex.
546 493 728 541 Maced.
793 492 962 553 Syria).

445 596 505 646 21
695 596 728 647 8
903 594 925 646 1
1082 589 1360 647 Seleucus
1420 591 1746 659 Ceraunus,
1810 584 2037 645 Selenel

378 678 617 735 Calinici
651 678 827 750 ﬂlius,
866 679 1131 749 regnavit
1160 680 1338 750 Syria:
1381 694 1563 735 annos
1609 682 1747 733 tres.

453 772 523 823 22
703 772 736 822 9
907 771 941 822 2

455 860 523 912 23
667 860 735 911 10
908 860 939 910 3

455 945 530 999 24
675 948 734 998 11
918 949 940 998 1
1095 942 1437 1012 Antiochus,
1465 942 1561 1013 qui
1587 942 1780 998 dictus
1808 945 1898 997 est
1930 942 2039 997 Ma-

378 1044 547 1101 gnus,
570 1030 753 1086 frater
769 1029 997 1086 Seleuci
1014 1030 1281 1101 Cerauni,
1299 1031 1755 1101 regnavitSyrire
1770 1030 1935 1086 annis
1948 1034 2033 1085 36.

452 1124 522 1175 25
668 1122 737 1174 12
912 1121 936 1175 1

447 1211 518 1263 26
666 1210 733 1262 l3
906 1210 938 1262 3

448 1311 550 1379 (Η.
585 1326 663 1368 m.
711 1312 794 1367 Cf.
836 1312 916 1367 H.
963 1312 1061 1383 R.)
1114 1312 1303 1367 Finito
1355 1311 1534 1381 igitur
1583 1312 1770 1383 primo
1819 1312 2037 1367 Punico

377 1399 556 1471 bello,
593 1401 748 1470 quod
771 1414 879 1471 per
899 1400 1105 1469 viginti
1131 1406 1254 1456 tres
1286 1415 1466 1457 annos
1498 1405 1749 1457 tractum
1779 1405 1893 1471 est,
1919 1400 2035 1470 jam

378 1489 619 1544 Romam
645 1488 971 1544 clarissima
994 1488 1179 1557 gloria
1204 1490 1325 1544 noti
1353 1490 1487 1545 facti
1517 1493 1674 1558 sunt,
1696 1494 1755 1543 et
1780 1503 1883 1559 per
1903 1489 2036 1544 anni

379 1576 642 1646 spacium
668 1577 792 1632 sine
824 1576 1053 1633 bellicis
1082 1578 1623 1633 conﬂictationibus
1655 1578 2035 1648 quieverunt;

380 1665 701 1735 eodemque
748 1679 897 1719 anno
939 1665 1064 1719 Jani
1107 1669 1296 1735 portae
1338 1665 1554 1721 clausze
1587 1669 1740 1734 sunt,
1778 1666 1931 1735 quod
1965 1666 2036 1721 ab

382 1752 558 1808 Urbis
587 1752 923 1809 conditione
952 1754 1060 1809 sub
1093 1755 1272 1809 Numa
1308 1753 1615 1823 Pompilio,
1646 1752 1875 1809 Romuli
1908 1767 2038 1808 suc-

382 1854 649 1910 cessore,
698 1844 923 1897 tantum
963 1840 1229 1910 contigit,
1275 1845 1481 1911 postea
1531 1855 1673 1896 vero
1712 1856 1818 1911 per
1859 1856 2039 1897 annos
2064 1841 2123 1904 B

385 1930 846 1999 quadringentos
886 1930 1320 2001 quinquagenta
1367 1946 1480 1986 non
1523 1932 1737 1986 evenit.
1781 1932 1860 1986 Eo
1902 1936 2039 1987 tem-

379 2033 524 2089 pore
560 2019 1008 2090 potentissimus
1046 2019 1256 2075 Sicilia}
1289 2035 1393 2075 rex
1426 2020 1599 2075 Hiero
1633 2019 1701 2074 ad
1735 2019 1905 2076 ludos
1933 2022 2040 2076 Ro-

381 2121 529 2162 mam
550 2108 729 2177 venit,
747 2113 803 2163 et
820 2107 1072 2164 ducenta
1093 2108 1247 2164 milia
1271 2108 1595 2165 modiorum
1618 2108 1798 2165 tritici
1819 2110 2038 2181 populo

382 2195 536 2251 dono
570 2195 753 2251 dedit.

455 2284 557 2353 (H.
589 2287 694 2356 φη.)
727 2287 889 2341 Anno
919 2285 992 2341 ab
1024 2287 1177 2341 Urbe
1215 2286 1451 2342 condita
1490 2288 1641 2356 534°,
1678 2286 1775 2357 qui
1804 2291 1894 2343 est
1925 2287 2041 2358 pri-

385 2386 512 2427 mus
552 2373 874 2429 Ptholemei
915 2375 1347 2445 Phylopatoris,
1396 2374 1607 2429 bellum
1642 2375 1918 2430 Punicum
1953 2391 2041 2430 se-

373 2459 625 2516 cundum
650 2462 930 2518 Romanis
950 2462 1175 2519 illatum
1195 2469 1287 2517 est
1307 2480 1410 2534 per
1432 2462 1806 2518 Hannibalem
1833 2464 2038 2519 ducem

371 2548 712 2619 Pmnorum,
750 2550 930 2607 filium
964 2550 1325 2620 Hamilcaris,
1363 2551 1458 2621 qui
1493 2552 1565 2606 ab
1596 2551 1863 2621 HiSpanis
1891 2552 2041 2607 occi-

374 2650 478 2692 sus
493 2642 602 2693 est.
628 2637 729 2693 Hic
745 2637 951 2708 itaque
972 2638 1277 2709 Hannibal,
1294 2639 1427 2695 dum
1450 2639 1637 2694 adhuc
1657 2654 1862 2695 novem
1881 2644 2041 2695 esset

386 2739 688 2795 annorum,
723 2727 998 2782 Amilcari
1032 2728 1186 2797 patri
1209 2728 1279 2782 ad
1308 2728 1782 2797 arasjuraverat,
1817 2732 1877 2783 ut
1909 2744 2039 2784 cum

376 2813 632 2883 primum
661 2821 861 2885 posset
884 2821 1089 2870 contra
1120 2817 1408 2870 Romanos
1442 2820 1746 2887 pugnaret.
1785 2817 2042 2886 Cumque

381 2904 452 2957 20
472 2905 630 2956 esset
656 2916 961 2972 annorum,
986 2902 1327 2971 Saguntum,
1345 2903 1819 2958 ﬂorentissimam
1845 2904 2043 2973 Hispa-

385 2988 497 3043 nim
520 2990 743 3059 urbem,
772 2990 1042 3045 Romanis
1068 2991 1332 3060 amicam,
1360 2993 1699 3062 obpugnare
1727 3006 2043 3061 aggressus

385 3079 496 3131 est.
532 3076 615 3131 Ad
651 3091 818 3147 quem
852 3078 1091 3133 Romani
1130 3077 1357 3147 legatos
1391 3079 1698 3147 miserunt,
1734 3083 1855 3134 uta
1889 3080 2041 3135 bello

377 3162 729 3257 abstineret,
758 3182 903 3238 quos
926 3165 1024 3257 ille
1049 3180 1078 3221 a
1105 3182 1168 3222 se
1192 3167 1472 3257 injuriose
1496 3168 1727 3257 abjeeit.
1761 3168 2038 3225 Miserunt
2070 3192 2121 3257 α

385 3266 493 3322 pro
512 3255 714 3311 eadem
729 3271 793 3311 re
806 3256 1043 3312 Fabium
1064 3256 1458 3326 Kartaginem,
1478 3256 1579 3312 sed
1601 3258 1698 3313 ille
1718 3258 1888 3313 etiam
1907 3273 2038 3314 cum

379 3340 449 3374 ²⁵⁹
466 3342 547 3398 ibi
567 3342 711 3401 dura
732 3358 1017 3416 responsa
1042 3345 1409 3416 percepisset
1432 3365 1441 3398 :
1464 3346 1618 3416 Qum,
1645 3346 1856 3416 inquit,
1872 3362 2040 3404 mora

375 3430 497 3487 est?
517 3432 596 3489 In
614 3432 723 3490 hoc
741 3447 845 3504 ego
864 3434 1003 3490 sinu
1011 3447 1225 3505 pacem
1258 3433 1591 3504 bellumque
1613 3435 1803 3505 porto,
1836 3437 2042 3492 alb-um

376 3519 643 3589 digitis?
672 3520 793 3576 Illis
828 3522 1335 3577 subclamantibus
1362 3541 1374 3575 :
1398 3523 1637 3578 Bellum
1661 3542 1673 3577 :
1698 3524 1922 3594 Igitur,
1959 3524 2039 3579 in-

376 3608 525 3678 quit,
551 3610 824 3679 aeeipite.
853 3611 919 3664 Et
945 3625 1195 3666 excusso
1223 3612 1276 3665 in
1304 3610 1489 3665 media
1515 3612 1677 3666 curia
1704 3617 1855 3680 togae
1881 3614 2035 3683 sinu,

373 3697 543 3767 quasi
574 3698 747 3767 plane
782 3698 911 3755 sinu
940 3698 1157 3755 bellum
1203 3700 1384 3755 ferret
1412 3699 1502 3768 πθ,
1537 3700 1771 3756 effudit.
1812 3703 2037 3759 Interea

373 3784 680 3855 Saguntini
718 3786 867 3840 fame
895 3786 1037 3841 victi
1072 3791 1227 3853 sunt,
1256 3791 1315 3841 et
1337 3790 1546 3842 octavo
1584 3786 1812 3842 demum
1844 3804 2039 3859 mense

374 3873 558 3943 capti,
592 3871 817 3928 ultimis
849 3874 921 3927 ab
951 3873 1269 3929 Hannibale
1301 3876 1490 3945 pcenis
1518 3876 1869 3932 aﬂiciuntur.
1900 3880 2038 3933 Tum

377 3960 623 4017 Publius
652 3959 957 4017 Cornelius
998 3961 1189 4033 Scipio
1219 3962 1422 4018 consul
1455 3978 1585 4019 cum
1618 3965 1881 4021 exercitu
1912 3968 2041 4022 mit-

372 4048 524 4105 titur
543 4048 599 4104 in
618 4048 973 4120 Hispaniam,
992 4049 1273 4121 Tyberius
1299 4051 1663 4122 Simpronius
1682 4054 1737 4108 in
1760 4053 2034 4110 Siciliam.

372 4136 654 4193 Hannibal
696 4152 858 4208 vero,
893 4137 1100 4193 relicto
1120 4138 1190 4199 .in
1224 4138 1500 4209 Hispania
1549 4141 1730 4196 fratre
1764 4156 1869 4198 suo
1900 4144 2041 4199 Has-

372 4224 639 4297 drubale,
657 4226 940 4296 Pyrineos
967 4227 1247 4283 transivit
1271 4232 1514 4299 montes,
1541 4234 1599 4285 et
1626 4230 1780 4286 inter
1805 4232 2042 4289 ferocis-

375 4314 555 4371 simas
590 4312 889 4371 Gallorum
923 4320 1133 4386 gentes
1160 4317 1315 4372 ferro
1345 4319 1494 4372 viam
1528 4318 1779 4390 aperuit,
1805 4323 1867 4374 et
1887 4335 2039 4377 nono

372 4402 604 4459 demum
646 4402 739 4459 die
768 4417 799 4458 a
834 4404 1084 4475 Pyrineo
1117 4404 1190 4459 ad
1225 4405 1402 4476 Alpes
1441 4406 1725 4477 pervenit.
1766 4407 1870 4462 Ubi
1903 4408 2037 4464 dum

378 4497 697 4549 montanos
727 4492 925 4549 Gallos
946 4493 1019 4549 ab
1042 4507 1291 4550 ascensu
1312 4509 1443 4550 eum
1472 4495 1759 4565 repellere
1796 4495 2036 4551 obniten

1547 354 2034 419 EKKEHARDI
2077 352 2637 418 URAUGIENSIS

3682 359 3815 422 616

2065 490 2123 550 Α
2159 488 2290 544 dum
2306 492 2641 560 pretextato
2664 493 2723 543 et
2746 487 2842 543 vix
2871 502 2901 542 a
2933 486 3190 559 puerieia
3212 503 3473 575 egresso,
3501 491 3596 562 qui
3623 497 3811 563 posta

2153 578 2348 635 dictus
2379 582 2471 633 est
2500 578 2830 648 Africanus,
2857 578 2929 633 ab
2960 578 3085 649 ipsa
3114 583 3300 634 morte
3329 578 3635 651 liberatus,
3672 597 3812 639 sau-

2149 667 2274 723 cius
2298 672 2490 723 tamen
2516 667 2571 721 in
2595 672 2787 723 castra
2813 665 3005 722 rediit.
3030 668 3353 736 Pugnatum
3376 666 3584 724 deinde
3606 675 3707 726 est
3731 671 3812 726 ab

2147 755 2352 809 eodem
2377 754 2617 811 consule
2636 754 2789 825 apud
2810 754 3074 811 Trevium
3094 752 3163 785 ²⁶³
3185 754 3442 825 ﬂuvium,
3468 755 3811 827 iterumque

2148 843 2387 898 Romani
2429 843 2689 913 superati
2732 845 2890 899 sunt.
2927 841 3291 913 Simpronius
3327 843 3533 900 consul
3571 847 3629 900 et
3677 844 3811 915 ipse

2147 931 2411 988 conﬂixit
2452 945 2582 986 cum
2625 929 2966 999 Hannibale,
2999 932 3054 985 et
3086 929 3302 987 amisso
3333 931 3616 1002 exercitu,
3652 945 3810 1002 pene

2146 1019 2309 1076 solus
2341 1020 2548 1076 evasit.
2582 1020 2641 1074 In
2667 1034 2736 1074 eo
2760 1022 2947 1075 tamen
2975 1018 3128 1074 bello
3153 1018 3325 1075 etiam
3353 1019 3637 1076 Hannibal
3671 1034 3811 1076 sau-

2146 1110 2336 1167 ciatus
2368 1113 2478 1165 est.
2519 1108 2626 1174 Qui
2661 1113 2863 1178 postea
2885 1123 3017 1164 cum
3041 1107 3097 1161 in
3120 1108 3409 1165 Etruriam
3441 1109 3629 1180 primo
3661 1124 3810 1165 vere

2146 1199 2454 1267 transiret,
2497 1197 2554 1251 in
2592 1212 2815 1252 summo
2861 1196 3162 1266 Apennino
3212 1201 3561 1268 tempestate
3602 1212 3811 1254 corre-

2150 1291 2306 1358 ptus.
2327 1286 2503 1342 biduo
2522 1285 2797 1341 continuo
2821 1284 3199 1341 immobiliter
3218 1285 3404 1355 stetit,
3422 1285 3655 1342 nivibus
3670 1300 3807 1342 cum

2149 1374 2416 1431 exercitu
2460 1372 2806 1439 conclusus;
2849 1372 2948 1428 ubi
2991 1387 3233 1443 magnus
3270 1372 3565 1429 hominum
3605 1387 3811 1429 nume-

2150 1477 2272 1531 rus,
2306 1462 2568 1531 jumenta
2603 1475 2775 1531 quam
2808 1460 3076 1531 plurima,
3102 1460 3394 1531 elephanti
3425 1474 3572 1530 pene
3597 1475 3806 1517 omnes

2152 1551 2369 1619 frigore
2391 1550 2716 1621 perierunt.
2754 1549 2969 1605 Deinde
2994 1549 3049 1604 in
3072 1550 3332 1606 Tusciam
3356 1549 3610 1619 veniens,
3632 1549 3806 1618 juxta

2152 1640 2394 1695 Sarnum
2436 1639 2696 1708 ﬂuvium,
2740 1637 2973 1695 nebulis
3020 1643 3398 1709 prospectum
3439 1638 3810 1709 impedienti-

2155 1730 2283 1799 bus,
2312 1742 2575 1797 magnam
2603 1730 2824 1798 partem
2849 1726 3143 1783 sociorum
3166 1742 3232 1782 ac
3249 1726 3643 1796 jumentorum
3677 1742 3811 1798 per-

2153 1816 2321 1886 didit,
2349 1816 2474 1887 ipse
2498 1820 2691 1871 autem
2716 1816 2812 1871 uni
2836 1814 3169 1886 elephanto,
3195 1816 3291 1886 qui
3314 1814 3473 1871 solus
3495 1816 3805 1887 superfue-

2155 1910 2265 1975 rat,
2310 1904 2711 1977 supersidens,
2745 1904 2842 1961 vix
2881 1903 3281 1959 difficultatem
3322 1904 3549 1960 itineris
3587 1905 3805 1973 evasit,

2153 1996 2255 2052 sed
2289 1994 2544 2064 oculum,
2581 2008 2694 2063 quo
2721 1992 2839 2063 jam
2882 1992 3098 2049 dudum
3138 2008 3294 2063 mger
3331 1997 3477 2066 erat,
3520 1993 3805 2050 violentia

2151 2084 2388 2154 frigoris
2411 2087 2467 2138 et
2492 2082 2823 2153 vigiliarum
2849 2095 2915 2138 ac
2940 2080 3162 2139 laboris
3197 2082 3409 2139 amisit.

2224 2192 2385 2246 Anno
2407 2191 2479 2245 ab
2502 2190 2656 2246 Urbe
2683 2189 2920 2246 condita
2950 2189 3411 2259 quingentesimo
3434 2191 3549 2259 50°,
3580 2190 3682 2259 qui
3712 2195 3807 2245 est

2152 2279 2438 2350 septimus
2468 2278 2902 2349 Pbylopatoris,
2943 2276 3210 2335 AEmilius
3240 2277 3455 2334 Paulus
3476 2283 3533 2333 et
3563 2280 3807 2335 Terren-

2152 2368 2271 2424 tius
2303 2366 2368 2399 9⁸⁸
2402 2369 2586 2423 Varro
2638 2367 2908 2423 consules
2953 2372 3155 2423 contra
3203 2366 3576 2423 Hannibalem
3616 2368 3801 2437 missi,

2155 2471 2258 2527 per
2292 2456 2712 2526 impatientiam
2751 2456 3044 2525 Varronis,
3080 2455 3267 2511 altero
3301 2456 3540 2512 consule
3572 2460 3805 2511 contra-

2155 2545 2408 2613 dicente,
2446 2543 2601 2614 apud
2634 2544 2921 2600 Caudinas
2952 2543 3174 2615 Apulia:
3208 2545 3394 2599 vicum
3425 2558 3626 2600 omnes
3656 2558 3804 2615 pene

2155 2634 2425 2689 Romanae
2450 2633 2574 2703 spei
2600 2633 2759 2689 vires
2779 2632 3181 2703 perdiderunt.
3217 2631 3384 2688 Nullo
3413 2632 3560 2687 enim
3585 2633 3804 2689 Punico

2157 2722 2310 2777 bello
2362 2722 2599 2791 gravius
2651 2722 2868 2777 addicti
2922 2727 3078 2778 sunt.
3140 2722 3323 2778 Periit
3372 2722 3586 2793 quippe
3630 2721 3687 2776 in
3735 2736 3803 2776 eo

2154 2810 2420 2866 Emilius
2452 2810 2669 2867 Paulus
2690 2811 2917 2879 consul,
2944 2811 3038 2880 qui
3062 2810 3197 2867 dum
3222 2811 3455 2867 saucius
3476 2810 3528 2865 in
3553 2809 3800 2881 quodam

2153 2916 2294 2957 saxo
2329 2900 2674 2969 resedisset,
2702 2900 2944 2955 Lentulo
2975 2900 3085 2956 sibi
3118 2914 3327 2971 equum
3360 2899 3660 2968 offerente,
3688 2914 3800 2970 quo

2160 2989 2387 3057 fugiens
2409 2989 2561 3044 cladi
2585 2993 2945 3059 superesset,
2980 2988 3189 3058 noluit,
3222 2993 3397 3059 atque
3420 2988 3499 3045 ibi
3523 2988 3798 3059 persedit,

2158 3078 2346 3133 donec
2386 3068 2467 3131 ab.
2487 3077 2758 3132 hostibus
2800 3077 3189 3148 interemptus
3229 3082 3336 3133 est.
3379 3078 3681 3134 Perierunt
3718 3077 3797 3131 ibi

2156 3166 2501 3223 consulares
2526 3170 2701 3235 atque
2727 3165 2969 3236 prctorii
2996 3166 3104 3221 viri
3125 3170 3214 3237 20,
3234 3169 3545 3222 senatores
3561 3170 3806 3237 autcapt

2154 3260 2255 3312 aut
2276 3255 2453 3311 occisi
2470 3260 2558 3325 30,
2575 3254 2897 3311 nobiliores
2910 3255 3156 3323 viri300,
3177 3255 3536 3327 pedestrium
3557 3255 3798 3311 militum

2151 3344 2411 3413 AOmilia,
2429 3344 2689 3413 equitum
2714 3343 2827 3399 tria
2854 3342 3007 3398 milia
3033 3343 3332 3413 quingenti
3358 3343 3796 3414 quinquaginta_

2151 3434 2334 3487 Varro
2358 3431 2565 3487 consul
2584 3447 2713 3487 cum
2734 3431 3154 3501 quinquaginta
3175 3431 3473 3502 equitibus
3489 3430 3794 3487 Venusium

2150 3520 2318 3589 fugit.
2355 3521 2469 3575 Nec
2501 3519 2742 3575 dubium
2767 3522 2877 3587 est,
2905 3518 3068 3574 illum
3091 3518 3240 3574 diem
3266 3518 3529 3575 ultimum
3562 3517 3794 3574 Romani

2151 3614 2348 3665 status
2379 3609 2637 3664 futurum
2668 3608 2872 3677 fuisse,
2906 3608 2955 3663 si
2985 3606 3267 3663 Hannibal
3296 3622 3429 3663 mox
3460 3610 3591 3679 post
3618 3607 3795 3663 victo-

2152 3699 2296 3754 riam
2329 3698 2399 3752 ad
2436 3698 2644 3753 l'rbem
2676 3696 3099 3753 contendisset.
3139 3696 3420 3753 Hannibal
3450 3696 3504 3752 in
3540 3696 3790 3753 testimo-

2152 3789 2309 3844 nium
2334 3786 2596 3843 victorize
2620 3802 2742 3843 sure
2764 3790 2887 3841 tres
2913 3785 3136 3841 modios
3160 3785 3464 3842 anulorum
3493 3798 3789 3841 aureorum

2152 3877 2521 3946 Kartaginem
2564 3877 2744 3946 misit,
2782 3891 2929 3949 quos
2959 3891 3032 3932 ex
3063 3875 3327 3931 manibus
3356 3874 3788 3930 interfectorum

2151 3970 2542 4026 Romanorum
2592 3968 2854 4038 equitum
2906 3970 3361 4035 senatorumque
3403 3963 3671 4021 detraxit.
3712 3964 3789 4019 De

2151 4059 2417 4115 exercitu
2440 4073 2545 4115 suo
2568 4071 2717 4114 caesa
2743 4060 2882 4113 sunt
2906 4056 3017 4112 tria
3041 4055 3197 4112 milia
3220 4053 3505 4124 multique
3529 4045 3783 4110 sauciati.

2152 4151 2383 4204 Interea
2413 4148 2599 4203 Varro
2627 4148 2867 4202 Romam
2896 4144 3092 4215 rediit,
3126 4144 3294 4213 eique
3315 4142 3519 4213 gratim
3541 4141 3788 4197 referun-

2152 4242 2300 4294 tura
2324 4241 2553 4298 senatu.
2587 4235 2740 4306 quod
2774 4232 3067 4305 publicam
3100 4247 3219 4288 rem
3252 4246 3364 4287 non
3397 4231 3779 4302 desperasset.

2150 4328 2281 4397 Ipse
2304 4329 2517 4393 autem,
2543 4339 2658 4380 non
2679 4322 2817 4381 vitae
2841 4321 3183 4394 cupiditate,
3205 4320 3305 4377 sed
3327 4334 3521 4377 amore
3546 4317 3782 4390 publicas

2152 4415 2234 4472 rei
2266 4428 2328 4471 se
2358 4427 2692 4486 superesse,
2737 4411 2963 4483 reliquo
3001 4410 3195 4469 aetatis
3226 4424 3345 4466 suae
3378 4414 3632 4479 tempore
3660 4420 3781 4478 pro-

2153 4504 2330 4561 bavit.
2348 4505 2486 4559 Nam
2511 4503 2749 4559 barbam
2771 4500 3166 4572 capillumque
3186 4498 3496 4566 summisit,
3512 4502 3569 4553 et
3588 4500 3777 4567 postea

370 4585 465 4637 tes
495 4580 650 4637 bello
689 4586 955 4652 superat,
1001 4587 1176 4652 atque
1210 4583 1397 4639 invias
1424 4598 1600 4654 rupes
1631 4584 1749 4653 igni
1779 4589 1840 4640 et
1869 4589 2035 4642 aceto
2063 4548 2119 4612 D
2151 4608 2464 4664 numquam
2504 4592 2794 4648 recubans
2831 4548 3023 4646 cibum
3057 4548 3238 4660 cepit.
3273 4588 3532 4644 Honores
3563 4598 3776 4654 quoque

377 4670 655 4741 ferroque
710 4669 1001 4727 rescindit
1048 4670 1137 4741 πί,
1189 4671 1569 4741 quatriduum
1618 4678 2032 4745 commoratus,

374 4759 580 4831 quinto
615 4758 711 4816 die
743 4774 875 4817 cum
920 4760 1170 4818 maximo
1209 4759 1411 4817 labore
1439 4760 1513 4818 ad
1544 4759 1713 4833 plana
1744 4764 2032 4834 pervenit.

371 4857 647 4914 Traditur
675 4861 871 4913 autem
896 4858 966 4912 ad
992 4856 1219 4913 Italiam
1242 4858 1483 4914 duxisse
1507 4865 1739 4917 centum
1762 4861 1917 4917 milia
1938 4875 2039 4933 pe.

371 4944 580 5015 ditum,
618 4950 689 5000 20
709 4944 779 4978 ²⁶²
801 4946 957 5002 milia
987 4947 1271 5016 equitum,
1307 4950 1374 5002 37
1405 4948 1768 5020 elephantos.
1806 4952 2035 5007 Interea

378 5034 548 5090 multi
581 5034 823 5104 Ligures
845 5040 900 5091 et
928 5035 1074 5090 Galli
1099 5035 1420 5105 junxerunt
1446 5052 1508 5093 se
1534 5038 1860 5095 Hannibali.
1892 5041 2037 5097 Sim-

366 5123 617 5193 pronius
688 5123 972 5195 Tyberius
1040 5125 1317 5197 Graecus,
1388 5128 1624 5197 cognito
1692 5128 2032 5186 Hannibalis

369 5210 644 5283 adventu,
699 5213 1023 5271 exercitum
1057 5229 1129 5271 ex
1164 5215 1359 5272 Sicilia
1403 5216 1642 5286 trajecit
1686 5218 2028 5285 Ariminum,

2148 4699 2279 4742 cum
2329 4684 2383 4738 ei
2433 4682 2805 4738 deferrentur
2843 4694 2873 4734 a
2917 4676 3155 4749 populo,
3204 4675 3514 4743 recusavit,
3565 4673 3771 4743 dicens,

2149 4772 2513 4829 felicioribus
2564 4768 3005 4840 magistratibus
3043 4766 3127 4823 rei
3166 4764 3417 4837 publicas
3457 4778 3600 4837 opus
3636 4776 3769 4818 esse.

2147 4864 2342 4935 Usque
2377 4860 2522 4916 adeo
2557 4863 2754 4915 autem
2795 4856 3001 4915 ultima
3051 4852 3382 4927 desperatio
3423 4852 3504 4908 rei
3544 4850 3771 4923 publicae

2146 4953 2298 5025 apud
2323 4949 2591 5007 residuos
2623 4950 2910 5005 Romanos
2930 4947 3059 5017 fuit,
3089 4949 3152 5002 ut
3181 4944 3252 5000 de
3276 4939 3646 5013 relinquenda
3672 4940 3773 4995 Ita-

2145 5043 2220 5099 lia
2243 5040 2600 5110 sedibusque
2624 5036 2939 5109 querendis
2959 5034 3268 5093 consilium
3296 5030 3604 5089 ineundum
3621 5030 3771 5101 puta-

2145 5136 2295 5189 rent.
2316 5130 2480 5197 Quod
2503 5130 2678 5185 etiam
2702 5131 2943 5185 auctore
2967 5123 3183 5181 Cecilio
3200 5119 3468 5179 Marcello
3491 5118 3770 5176 conﬁrma-

2143 5225 2266 5277 tum
2288 5221 2465 5288 esset,
2492 5216 2603 5272 nisi
2629 5215 2933 5273 Cornelius
2952 5213 3167 5285 Scipio,
3192 5216 3328 5268 tunc
3353 5209 3617 5265 tribunus
3637 5203 3769 5261 mili-

367 5300 609 5358 Publius
654 5302 960 5361 Cornelius
1000 5303 1193 5375 Scipio
1237 5305 1543 5362 Hannibali
1582 5307 1734 5377 apud
1771 5307 2031 5363 Ticinum
2139 5312 2284 5378 tum,
2320 5307 2417 5377 qui
2452 5309 2654 5378 postea
2686 5305 2879 5362 dictus
2908 5308 2997 5359 est
3028 5301 3355 5369 Africanus,
3385 5311 3488 5355 eos
3515 5294 3763 5352 districto

372 5390 598 5460 primus
627 5394 912 5464 occurrit,
945 5395 1375 5466 eommissoque
1404 5396 1631 5467 praelio,
1663 5397 1879 5466 fugatis
1912 5398 2032 5455 suis
2139 5395 2337 5470 gladio
2370 5394 2761 5453 deterruisset
2782 5392 3028 5463 singulis
3056 5389 3351 5459 minitans,
3377 5400 3442 5443 ac
3466 5384 3651 5458 potius
3668 5398 3763 5456 pro

374 5482 433 5534 et
464 5494 613 5551 pene
642 5482 917 5540 omnibus
948 5482 1141 5556 victis,
1173 5483 1303 5556 ipse
1331 5498 1363 5540 a
1387 5483 1509 5541 ﬁlio
1540 5484 1809 5556 Scipione
1837 5484 2032 5545 admo-

2142 5487 2349 5561 patriae
2398 5483 2741 5543 defensione
2769 5481 2829 5540 in
2856 5496 2961 5540 sua
2996 5478 3176 5539 verba
3217 5477 3418 5549 jurare
3465 5472 3760 5555 coegisset.

1737 5580 1975 5639 VARUS
2016 5584 2420 5645 LECTIONES.

442 5662 514 5703 ³⁸⁹
535 5665 672 5728 dum
703 5669 782 5728 9°.
858 5665 931 5706 ’⁸ο
948 5673 1211 5745 gestaret
1240 5673 1294 5731 ι.
1325 5676 1378 5731 ὅ.
1453 5669 1524 5707 ⁸⁵⁸
1546 5669 1842 5732 rescendit
1868 5676 1920 5731 ὕ.
1997 5672 2070 5713 ¹⁶²
2092 5676 2248 5737 CXX.
2277 5678 2331 5734 4.
2366 5679 2418 5734 ὅ.
2451 5675 2539 5733 10.
2615 5667 2687 5708 ’⁸³
2708 5669 2996 5731 tereinum
3019 5670 3100 5727 9°.
3176 5664 3245 5703 ²⁶⁴
3265 5661 3557 5725 terentina
3580 5663 3739 5720 90.10
