3932 6412
120 342 250 409 61⁸7

1037 338 1477 405 CHRONICA.
1514 370 1589 383 -—
1622 324 2099 395 CHRONICON
2141 326 2685 394 UNIVERSALE.

3452 332 3570 396 618

122 486 253 542 Sub
286 484 416 541 hoc
449 487 711 553 tempore
743 484 997 547 quatuor
1029 477 1178 533 locis
1208 474 1577 547 pugnabatur
1619 481 1647 523 a
1697 466 1805 520 Ro—
1834 461 1894 523 A
1923 461 2079 553 nibal
2111 462 2511 535 frequentidus
2544 464 2761 536 praeliis
2793 462 2985 521 victus
3016 476 3047 521 a
3076 463 3362 537 Scipione,
3398 466 3570 539 petiit

124 575 362 643 manis,
417 572 472 627 in
514 570 679 625 Italia
720 571 925 624 contra
966 564 1360 632 Hannibalem,
1414 562 1468 617 in
1538 558 1806 629 Hispania

124 667 355 718 contra
413 662 650 715 fratrem
699 656 826 725 ejus
876 655 1305 721 Hastrubalem,
1367 652 1421 705 in
1478 646 1807 704 Macedonia

126 756 356 808 contra
416 748 764 818 Philippum,
808 745 862 798 in
914 743 1178 797 S..rdinia
1231 745 1434 797 contra
1487 736 1702 792 Sardos
1750 737 1810 788 et

129 841 411 897 alterum
446 834 855 892 Hastrubalem
886 832 1381 900 Kartaginensem,
1433 842 1601 898 quem
1648 824 1808 879 Titus

130 915 424 998 Manlius,
460 928 518 982 in
551 923 875 981 Sardiniam
910 923 1143 989 missus,
1168 921 1361 975 vivum
1384 917 1541 987 cepit
1573 915 1808 969 Romam

132 1032 256 1089 que
312 1012 968 1088 portavituPhilippus
1018 1023 1250 1079 quoque
1300 1007 1354 1061 in
1404 1002 1730 1060 Macedonia
1778 1014 1808 1055 a

135 1106 372 1162 Levino
400 1104 678 1171 vincitur,
711 1107 771 1156 et
800 1101 852 1156 in
892 1098 1166 1169 Hispania
1200 1090 1511 1151 llastrubal
1541 1095 1600 1146 et
1630 1091 1806 1159 Mago,

137 1195 382 1251 tercius
418 1194 600 1248 frater
634 1188 985 1255 Ilannibalis,
1020 1201 1049 1240 a
1091 1186 1322 1241 duobus
1367 1180 1648 1236 fratribus
1695 1176 1812 1232 Sei-

139 1283 852 1355 pionibus;superantur,
905 1276 1001 1346 qui
1048 1282 1239 1329 tamen
1292 1271 1460 1327 ambo
1512 1267 1812 1338 Scipiones

139 1374 372 1429 fratres
438 1371 497 1425 in
557 1368 833 1439 Ilispania
880 1381 909 1421 a
964 1366 1143 1419 fratre
1189 1358 1558 1416 Hastrnbalis
1607 1360 1811 1427 postea

141 1461 337 1519 occisi
383 1464 545 1515 sunt.
594 1456 754 1513 Unde
800 1454 1067 1511 omnibus
1119 1464 1330 1521 pavore
1376 1444 1809 1512 cunctantibus,

144 1550 369 1621 Scipio,
432 1552 634 1619 postea
685 1545 992 1600 Africanus
1042 1541 1256 1609 dictus,
1304 1541 1477 1593 natus
1528 1539 1666 1590 tunc
1717 1546 1813 1587 an-

141 1654 253 1696 nos
284 1640 383 1707 24,
423 1636 580 1693 ultro
610 1649 671 1690 se
703 1633 939 1701 obtulit,
970 1637 1028 1687 ct
1063 1627 1483 1702 proconsulare
1507 1625 1810 1695 imperium

140 1730 200 1784 in
283 1724 606 1796 Hispanias
665 1723 933 1789 sortitus,
1003 1718 1279 1774 ultionem
1348 1714 1536 1786 patris
1599 1716 1658 1767 et
1720 1725 1813 1782 pa-

1919 556 1975 606 ct
2010 552 2130 623 ipse
2166 568 2360 625 pacem
2401 558 2458 610 et
2508 552 2866 623 colloquium
2919 553 3226 624 Seipionis.
3276 555 3381 610 Ubi
3432 571 3564 612 cum

1921 656 1983 697 se
2014 642 2246 697 attoniti
2289 644 2384 699 diu
2432 644 2837 699 ammiratione
2880 649 3079 698 mutua
3111 642 3219 698 deo
3250 642 3565 699 clarissimi

1921 728 2099 785 duces
2129 733 2591 802 conspexissent,
2618 731 2834 787 infecto
2867 731 3027 802 pacis
3060 731 3296 800 negotio
3338 732 3563 790 disces-

1920 824 2144 874 serunt.
2173 821 2452 875 Hannibal
2474 825 2597 876 tres
2617 820 3024 891 exploratores
3042 819 3114 875 ad
3137 824 3328 875 castra
3346 820 3564 893 Scipio-

1921 907 2011 962 nis
2042 907 2221 977 misit,
2256 924 2402 978 quos
2431 912 2634 980 captos
2668 908 2857 979 Scipio
2885 907 3243 964 circumduci
3288 923 3391 979 per
3441 924 3567 966 cas-

1919 997 2045 1051 tras
2071 996 2247 1065 jussit
2276 997 2478 1067 eisque
2500 996 2758 1052 ostendit
2790 1000 2980 1051 totum
3012 996 3359 1066 exercitum,
3388 996 3567 1052 nichil

1922 1084 1993 1139 de
2019 1084 2291 1140 hostibus
2323 1090 2755 1156 percunctatus,
2792 1083 3097 1155 prandium
3131 1098 3360 1155 quoque
3388 1083 3567 1153 jussit

1921 1172 2007 1227 eis
2038 1172 2183 1243 dari,
2220 1174 2585 1243 refcctosque
2636 1173 2798 1228 abire
2851 1171 3135 1243 permisit.
3164 1171 3378 1227 Deinde
3422 1187 3568 1243 prae-

1922 1260 2060 1317 lium
2084 1261 2155 1316 ab
2197 1265 2446 1332 utroque
2493 1261 2639 1317 duce
2685 1261 3055 1316 commissum
3105 1264 3214 1330 est,
3267 1260 3419 1330 quod
3467 1261 3567 1317 diu

1923 1350 2146 1419 magnis
2175 1350 2385 1406 ducum
2417 1349 2647 1407 artibus
2679 1349 3051 1420 dispositum,
3101 1348 3324 1417 magnis
3374 1346 3568 1419 copia-

1922 1454 2048 1494 rum
2080 1438 2328 1495 molibus
2358 1445 2589 1509 gestum
2617 1443 2729 1508 est,
2757 1438 2926 1508 quale
2974 1437 3071 1493 vix
3121 1437 3242 1493 ulla
3291 1438 3566 1493 memoria

1924 1528 2052 1598 fuit,
2091 1529 2302 1599 quippe
2334 1544 2463 1585 cum
2512 1527 2852 1599 peritissimi
2896 1527 3005 1582 viri
3050 1525 3251 1597 copias
3302 1541 3440 1582 suas
3496 1526 3568 1582 ad

1926 1617 2141 1673 bellum
2162 1619 2502 1673 educerent.
2532 1617 2723 1687 Scipio
2748 1619 2939 1671 tamen
2964 1617 3157 1671 victor
3179 1614 3397 1684 extitit,
3420 1629 3567 1686 pene

1923 1711 2095 1777 capto
2128 1707 2464 1762 Hannibale.
2502 1706 2808 1775 Octoginta
2841 1704 3134 1777 elephanti
3166 1705 3242 1760 ibi
3270 1709 3367 1759 aut
3409 1706 3567 1775 capti

140 1814 266 1872 trui
304 1793 590 1886 precipue
632 1811 961 1877 intendens,
1010 1809 1330 1876 Pyreneum
1383 1808 1807 1870 transgressus,
1842 1801 2025 1878 Baut
2067 1796 2244 1851 occisi
2297 1800 2452 1852 sunt.
2506 1794 3013 1865 Kartaginensium
3067 1793 3314 1849 militum
3364 1794 3569 1863 viginti

143 1904 342 1976 primo
381 1901 606 1971 impetu
642 1897 1007 1966 Kartaginem
1040 1908 1244 1949 novam
1277 1890 1565 1961 HiSpanize
1616 1888 1807 1958 cmpit,

136 1992 247 2049 ubi
297 1990 498 2061 copiae
542 1988 666 2044 auri
718 1985 1062 2055 argentique
1116 1995 1333 2050 magnae
1383 1978 1451 2011 ’⁸³
1501 1979 1810 2032 Pcenorum

148 2084 206 2137 et
274 2077 641 2135 nobilissimi
705 2075 960 2141 obsides,
1013 2086 1159 2141 quos
1206 2070 1276 2125 ab
1328 2066 1597 2138 Hispanis
1648 2078 1811 2119 acce-

149 2172 386 2243 perant,
425 2183 559 2224 cum
593 2165 815 2233 magnis
849 2161 1123 2234 presidiis
1152 2164 1339 2214 erant.
1375 2156 1457 2211 lbi
1491 2155 1665 2210 etiam
1706 2155 1812 2207 Ma-

148 2241 388 2329 gonem,
465 2257 705 2311 fratrem
768 2250 1122 2319 Hannibalis,
1192 2252 1425 2318 captum
1502 2258 1631 2299 cum
1683 2241 1811 2297 aliis

148 2350 395 2404 Romam
430 2346 611 2400 misit.
648 2345 839 2398 Roma)
864 2337 1296 2407 ingenslazticia
1321 2334 1530 2390 oritur.
1555 2334 1810 2401 Cumque

153 2439 497 2495 universam
529 2431 857 2503 Hispaniam
893 2444 923 2484 a
950 2430 1209 2499 Pyreneo
1233 2439 1414 2494 usque
1438 2422 1508 2478 ad
1531 2435 1809 2476 oceanum

153 2526 353 2598 Scipio
379 2522 742 2592 subegisset,
758 2523 1114 2576 revocatusa
1132 2512 1425 2579 Romanis,
1442 2525 1571 2567 cum
1590 2507 1809 2578 ingenti

152 2597 344 2685 gloria
377 2615 620 2669 Romam
652 2611 834 2679 venit,
868 2613 927 2664 et
961 2606 1051 2662 14⁰
1089 2619 1238 2661 anno
1272 2607 1579 2673 postquam
1606 2597 1813 2653 Hanni-

154 2705 247 2761 bal
275 2706 333 2760 in
368 2703 600 2759 Italiam
633 2703 891 2768 venerat,
937 2697 1033 2767 qui
1081 2699 1173 2749 est
1222 2697 1337 2747 1563
1377 2688 1807 2760 Phylopatoris,

157 2809 284 2851 cum
320 2792 545 2848 Licinio
579 2791 785 2846 Crasso
814 2786 1020 2844 consul
1063 2785 1299 2839 creatus
1345 2783 1401 2835 et
1454 2778 1509 2832 in
1560 2776 1812 2831 Africam

158 2883 370 2939 missus
400 2885 517 2937 est.
551 2879 744 2950 Scipio
776 2877 1026 2933 Africam
1061 2885 1357 2941 egressus,
1403 2867 1641 2922 hiberna
1690 2866 1814 2919 Poe-

163 2986 367 3029 norum
428 2976 491 3026 et
538 2966 784 3039 mapalia
830 2963 1224 3029 Numidarum,
1280 2973 1407 3029 quae
1454 2956 1591 3010 haut
1644 2953 1812 3022 longe

167 3063 413 3118 aberant
438 3060 513 3115 ab
538 3058 722 3126 Utica,
757 3060 929 3111 nocte
962 3047 1365 3108 fecitincendi.
1393 3045 1549 3101 Poeni
1575 3042 1808 3113 trepidi,

166 3166 294 3207 cum
341 3164 485 3205 casu
536 3145 818 3202 accidisse
859 3143 1046 3213 ignem
1097 3141 1394 3211 putarent,
1446 3134 1697 3189 inermes
1743 3130 1811 3187 ad

165 3238 625 3311 extinguendum
658 3236 1045 3293 cucurrerunt
1071 3250 1085 3299 ;
1112 3245 1221 3300 qua
1251 3229 1321 3284 de
1347 3242 1406 3282 rc
1432 3224 1599 3281 facile
1623 3224 1694 3278 ab
1726 3238 1813 3278 ar-

164 3331 336 3388 matis
364 3326 636 3400 obpressi
669 3330 823 3381 sunt.
863 3326 920 3377 In
971 3321 1235 3389 utrisque
1285 3316 1498 3373 castris
1546 3316 1612 3369 40
1658 3311 1811 3366 milia

164 3421 453 3476 hominum
490 3416 605 3486 igni
639 3417 909 3485 ferroque
958 3414 1299 3478 consumpta
1351 3410 1505 3474 sunt,
1560 3402 1813 3473 quinque

164 3509 316 3565 milia
349 3513 547 3580 capta,
585 3506 764 3561 duces
795 3502 903 3574 ipsi
929 3498 1340 3556 miserabiliter
1372 3493 1626 3551 ambusti
1660 3506 1812 3562 aegre

164 3598 560 3668 diffugerunt;
595 3592 905 3649 Hastrubal
940 3591 1057 3646 dux
1109 3587 1477 3655 Kartaginem
1529 3582 1812 3654 profugus

164 3688 339 3743 venit.
366 3689 500 3742 Mox
522 3685 751 3755 Syphax
779 3686 834 3735 rt
859 3678 1174 3735 Hastrubal
1199 3676 1509 3747 plurimum
1542 3685 1811 3742 reparan-

169 3780 253 3832 tes
317 3774 664 3843 exercitum,
731 3772 940 3827 iterum
1008 3783 1136 3824 cum
1196 3764 1464 3835 Scipione
1510 3759 1811 3830 congressi

167 3869 317 3935 sunt,
344 3864 603 3934 victique
627 3864 918 3931 fugerunt.
947 3859 1263 3929 Syphacem
1284 3854 1596 3923 fugientem
1622 3849 1814 3905 Lelius

170 3958 225 4009 et
247 3954 549 4010 Masinissa
569 3955 872 4022 ceperunt,
899 3953 1096 4003 cetera
1122 3944 1434 4001 multitudo
1449 3941 1663 3997 Cirtam
1679 3953 1814 3994 con-

173 4042 335 4113 fugit,
366 4058 539 4114 quam
574 4040 870 4096 Masinissa
918 4038 1310 4107 obpugnatam
1360 4032 1414 4085 in
1456 4029 1809 4084 deditionem

172 4132 394 4203 accepit
423 4150 439 4200 ;
464 4131 781 4203 Syphacem
814 4127 883 4183 ad
915 4125 1239 4195 Scipionem
1285 4118 1507 4176 catenis
1553 4117 1811 4173 vinctum

175 4218 433 4291 adduxit,
471 4235 640 4291 quem
669 4217 859 4288 Scipio
887 4230 1015 4271 cum
1055 4210 1392 4281 ingentibus
1438 4206 1641 4279 spoliis
1691 4204 1813 4276 plu-

178 4308 453 4380 rimisque
484 4308 735 4380 captivis
764 4303 1197 4377 perducendum
1230 4302 1463 4355 Romam
1498 4296 1654 4352 Lelio
1698 4300 1815 4350 tra-

176 4396 337 4454 didit.
376 4398 483 4464 Qui
514 4413 645 4454 cum
682 4397 733 4452 in
758 4393 1022 4452 custodia
1039 4390 1277 4462 Tyburti
1303 4388 1635 4455 defecisset,
1663 4400 1815 4440 sum-

176 4490 277 4555 ptu
308 4488 543 4558 publico
570 4485 744 4557 jussit
778 4490 1020 4540 senatus
1043 4496 1171 4536 eum
1196 4476 1512 4535 honoriﬁce
1553 4473 1810 4545 sepeliri.

1926 1884 2080 1940 milia
2114 1886 2412 1955 quingenti
2448 1885 2743 1940 interfecti
2777 1888 2931 1939 sunt.
2971 1883 3247 1939 Hannibal
3288 1884 3479 1938 omnia
3508 1886 3565 1937 et

1926 1978 2057 2029 ante
2091 1974 2293 2043 prielio
2323 1979 2383 2028 et
2426 1973 2479 2028 in
2526 1973 2727 2044 prmlio
2787 1977 3083 2043 expertus,
3143 1972 3390 2042 primum
3439 1986 3569 2027 cum

1924 2063 2126 2117 multis
2156 2063 2475 2132 equitibus,
2509 2061 2718 2117 deinde
2749 2076 2877 2117 cum
2903 2061 3127 2131 viginti,
3156 2065 3450 2132 postremo
3474 2060 3572 2115 vix

1923 2166 2053 2206 cum
2085 2156 2335 2221 quatuor
2366 2151 2516 2206 inter
2545 2150 2860 2206 tumultum
2907 2150 3161 2220 elapsus,
3191 2150 3570 2205 Adrumetum

1925 2241 2203 2309 confugit,
2240 2245 2444 2310 postea
2480 2240 2868 2309 Kartaginem,
2903 2244 3033 2310 post
3064 2243 3130 2293 36
3162 2253 3341 2293 annos
3365 2252 3436 2293 ex
3459 2253 3571 2308 quo

1924 2328 2056 2383 inde
2090 2343 2305 2399 parvus
2329 2344 2459 2384 cum
2498 2333 2661 2397 patre
2710 2328 2955 2398 exierat,
3009 2328 3189 2398 venit,
3238 2327 3572 2383 consultan-

1923 2418 2083 2488 tique
2115 2418 2343 2474 senatui
2376 2420 2707 2487 Pcenorum,
2744 2417 2958 2473 nullam
2992 2432 3155 2488 spem
3185 2431 3314 2473 esse
3356 2417 3461 2472 nisi
3514 2416 3569 2472 in

1926 2505 2173 2578 petenda
2205 2520 2345 2578 pace
2381 2506 2676 2577 persuasit
2705 2505 2789 2560 πθ.
2827 2506 2965 2560 Gaio
2998 2505 3264 2561 Cornelio
3304 2503 3567 2574 Lentulo,

1923 2596 2131 2652 Publio
2159 2595 2225 2627 ²⁶ῖ
2261 2594 2602 2651 consulibus
2628 2612 2642 2660 ;
2666 2608 2777 2665 pax
2801 2609 2903 2666 per
2925 2595 3253 2665 Scipionem
3268 2593 3570 2650 voluntate

1926 2688 2166 2739 senatus
2218 2683 2533 2755 populique
2585 2682 3102 2751 Kartaginensibus
3152 2696 3432 2738 concessa
3480 2686 3566 2738 est

1925 2786 2101 2828 naves
2126 2778 2314 2827 tamen
2342 2772 2472 2842 plus
2495 2786 2663 2841 quam
2691 2772 3021 2840 quingentae
3047 2772 3099 2825 in
3134 2769 3314 2826 altum
3357 2770 3571 2841 produ-

1926 2865 2058 2930 ctae,
2094 2861 2146 2915 in
2181 2864 2499 2931 conspectu
2530 2859 2787 2915 civitatis
2818 2860 3137 2916 submersa;
3171 2865 3325 2915 sunt.
3380 2858 3569 2928 Scipio

1927 2950 2043 3019 jam
2080 2954 2215 3005 tunc
2249 2954 2637 3018 cognomento
2667 2948 2996 3017 Africanus,
3033 2964 3164 3004 cum
3198 2946 3351 3002 omni
3380 2946 3569 3017 gloria

1927 3039 2315 3110 triumphans,
2350 3039 2557 3093 Urbem
2600 3038 2899 3107 ingressus
2942 3044 3050 3093 est.
3106 3037 3285 3103 Quem
3332 3039 3571 3093 Terren-

1925 3131 2061 3199 tius,
2099 3130 2195 3198 qui
2233 3131 2431 3198 postea
2464 3133 2591 3183 erat
2619 3129 2898 3197 comicus,
2932 3142 3004 3181 ex
3037 3125 3335 3182 nobilibus
3370 3128 3570 3181 Karta-

1922 3220 2251 3287 ginensium
2316 3217 2583 3288 captivus
2638 3216 3092 3287 triumphantem
3144 3220 3277 3286 post
3331 3230 3567 3271 currum

1924 3313 2159 3364 secutus
2181 3311 2269 3362 est
2294 3307 2571 3378 pilleatus
2590 3307 2744 3378 quod
2768 3305 3007 3362 indultae
3030 3306 3143 3361 sibi
3163 3304 3432 3360 liberatis
3457 3305 3563 3360 fuit

1923 3396 2170 3465 insigne.

1995 3488 2158 3542 Anno
2190 3485 2369 3555 igitur
2392 3485 2463 3541 ab
2484 3484 2637 3542 Urbe
2661 3484 2895 3541 condita
2921 3483 3387 3555 quingentesimo
3406 3498 3571 3554 quin-

1926 3577 2261 3646 quagesimo
2290 3575 2568 3643 secundo,
2628 3575 2725 3643 qui
2771 3578 2859 3629 est
2908 3574 3199 3629 secundus
3245 3573 3569 3628 Ptholemei

1923 3666 2256 3736 Epyphanis
2289 3665 2504 3729 bellum
2538 3666 2815 3719 Punicum
2846 3664 3163 3719 secundum
3197 3662 3420 3718 finitum
3453 3666 3567 3733 est,

1925 3758 2056 3825 post
2091 3756 2300 3810 annum
2336 3760 2400 3810 '19
2434 3768 2603 3824 quam
2633 3752 2831 3823 coepit.
2857 3754 3048 3807 Jactet
3099 3766 3159 3808 se
3208 3751 3344 3808 licet
3394 3753 3571 3807 Roma

1923 3844 2192 3900 victoriis
2224 3843 2602 3899 Hannibalem
2627 3843 2938 3913 devicisse,
2990 3846 3182 3897 tamen
3231 3843 3287 3897 in
3339 3843 3574 3912 Campa-

1924 3933 2016 3989 nia
2036 3933 2285 3989 luxuriis
2308 3940 2761 3990 commorantcm
2778 3932 3079 4004 provincia
3106 3932 3382 3988 deliciosa
3407 3946 3574 4003 supe-

1925 4023 2077 4078 ravit
2104 4022 2259 4089 ;dum
2293 4028 2461 4093 aquis
2490 4023 2737 4092 innatat,
2773 4022 2908 4077 dum
2952 4022 3215 4092 piscibus
3263 4026 3437 4091 atque
3486 4035 3574 4077 os-

1922 4110 2073 4166 treis
2141 4110 2355 4181 passim
2410 4110 2736 4180 infercitur,
2795 4109 2928 4165 dum
2983 4109 3123 4179 olet,
3196 4112 3379 4179 potat,
3441 4108 3575 4163 dor-

1925 4201 2049 4270 mit,
2099 4212 2377 4270 aquarum
2430 4198 2714 4255 resolutio
2760 4198 3011 4255 mollivit
3057 4197 3331 4252 Punicam
3379 4196 3575 4252 ferita-

1926 4293 2062 4359 tem‘,
2130 4292 2209 4358 et,
2273 4302 2443 4357 quem
2508 4287 2617 4342 alia
2690 4288 3066 4356 duraverant,
3124 4300 3255 4341 eum
3316 4285 3573 4356 Seplasia

1928 4378 2165 4449 Opidum
2199 4377 2525 4448 Campanize
2562 4376 2836 4446 ungentis
2886 4375 3148 4433 odoratis
3195 4373 3572 4431 labefactavit

1927 4472 1986 4522 et
2014 4467 2174 4522 vieit.

182 4538 1008 4645 illiarre—auditavgimnisfere
1042 4569 1204 4625 Italia
1238 4538 1817 4622 Hannibalemuere-
1844 4538 1900 4600 D
1930 4556 2091 4614 Alex.
2130 4555 2342 4614 Maced.
2379 4555 2557 4629 Syriae

176 4659 361 4732 liquit.
393 4666 523 4737 Ipse
556 4669 748 4721 autem
781 4659 1064 4718 Hannibal
1092 4673 1123 4714 a
1173 4653 1685 4725 Kartaginensibus
1732 4666 1819 4707 re-

180 4748 298 4808 dire
359 4754 582 4825 jussus,
620 4758 682 4810 ut
747 4750 1079 4809 subveniret
1132 4746 1355 4819 patriae,
1411 4759 1579 4815 quam
1627 4741 1817 4812 Scipio

180 4842 439 4899 vastabat
464 4844 610 4899 flens
642 4842 858 4899 dicitur
888 4839 1110 4895 Italiam
1152 4834 1480 4906 reliquisse.
1537 4834 1622 4887 Ita
1671 4844 1818 4885 anno

183 4929 286 5000 17°,
323 4932 418 5002 qui
453 4937 546 4989 est
578 4933 801 5004 primus
829 4927 1152 4985 Ptliolomei
1186 4923 1532 4996 Epyphanis,
1567 4921 1817 4977 liberata

182 5021 268 5073 est
301 5020 464 5078 Italia
493 5023 567 5078 ab
598 5019 935 5078 Hannibale.
969 5015 1165 5088 Legati
1201 5020 1393 5072 autem
1446 5010 1820 5080 Kartaginen-

190 5105 330 5164 sium
362 5125 621 5181 pacem-a
655 5110 919 5181 Scipione
950 5111 1241 5180 petentes,
1272 5104 1343 5160 ad
1368 5107 1629 5159 senatum
1657 5099 1818 5155 missi

189 5202 338 5269 sunt,
372 5202 429 5256 et
463 5215 535 5257 ex
564 5199 810 5257 arbitrio
842 5197 1128 5269 Scipionis
1174 5208 1374 5265 pacem
1424 5194 1817 5262 acceperunt;

186 5285 279 5341 sed
311 5289 575 5347 veniente
592 5288 910 5345 Hannibale
932 5285 1443 5354 Kartaginem,pax
1459 5281 1689 5337 turbata
1702 5284 1813 5352 est,

186 5374 473 5451 multaque
494 5379 731 5439 hostilia
754 5378 827 5435 ab
849 5377 1004 5435 Afris
1028 5375 1176 5432 facta
1197 5378 1354 5431 sunt.
1380 5374 1518 5430 Post
1540 5373 1662 5429 haec
1676 5373 1819 5428 Han-

2049 4653 2070 4703 1
2514 4648 2547 4700 4
2656 4643 2866 4715 (“II-1R.)
2896 4642 3271 4699 Ptholemeus
3292 4641 3575 4715 Phylopa-

1931 4740 2023 4793 tor
2053 4736 2315 4807 regnavit
2346 4734 2711 4792 Alexandriae
2740 4733 2905 4789 annis
2933 4732 3002 4766 ³⁸⁸
3034 4737 3117 4789 17.

2515 4830 2526 4856 ι

2053 4830 2086 4952 ἓ
2284 4900 2307 4950 1
2505 4828 2544 4951 ἕ
2612 4894 2919 4966 Philippus
2940 4893 3205 4963 regnavit
3226 4891 3573 4950 Macedoniae

1930 4985 2095 5043 annis
2125 4987 2212 5042 42.
2247 4986 2348 5041 Hic
2381 5001 2511 5042 cum
2544 4984 2831 5042 rebellare
2866 4988 3119 5056 pararet,
3174 4983 3419 5054 primum
3470 4996 3574 5055 per

1929 5075 2202 5131 Leviuum
2232 5073 2555 5144 consulem,
2587 5073 2799 5131 deinde
2826 5074 3136 5145 perTitum
3159 5069 3455 5138 Quintium
3479 5085 3574 5127 su-

1930 5168 2172 5238 peratus
2203 5168 2311 5221 est.

2000 5260 2066 5312 17
2252 5257 2317 5309 15
2500 5256 2572 5309 20

1998 5342 2378 5401 Ptholomeus
2420 5342 2787 5415 Epyphanes,
2839 5339 2999 5399 filius
3039 5337 3324 5397 Pthlomei
3365 5338 3576 5412 Phylo-

386 5610 391 5613 _
1539 5528 1775 5585 vitam
1813 5525 2215 5586 LECl‘IONES.

189 5646 257 5689 ’⁸⁸
285 5658 465 5733 capite
494 5674 716 5734 magnae
748 5675 799 5719 a.
825 5675 875 5719 a.
911 5664 961 5716 5.
997 5656 1066 5692 ³⁸⁸
1091 5652 1392 5731 persuasit
1419 5666 1564 5729 pace
1590 5658 1641 5711 δ.
1673 5652 1744 5690 ³⁸⁷
1772 5655 1813 5712 Ρ

2048 5653 2193 5710 Peto
2225 5652 2310 5706 11.
2340 5646 2410 5682 ’³⁸
2442 5645 2605 5707 deest
2628 5649 2661 5704 9
2691 5659 2741 5703 ο.

495 5761 755 5825 ΡΑτιιοι.
789 5758 1001 5825 CLIV.

3263 5740 3340 5806 ΞΟ
