3932 6412
435 402 554 468 619

1591 391 2080 459 EKKEHARDI
2122 388 2373 453 URAUt
2388 387 2683 452 HENSIS
3738 384 3824 450 620

440 538 683 611 patoris,
718 536 980 608 regnavit
1005 532 1369 592 Alexandria)
1400 531 1566 588 annis
1596 534 1666 587 24
1691 529 1780 599 ³⁸⁸,
1803 544 1832 585 a
1860 532 2085 585 restau-
2118 529 2170 590 Α
2201 524 2493 597 Iosephus
2524 522 2889 594 adolescens,
2936 522 3156 581 sororis
3204 522 3331 595 ejus
3372 521 3538 582 illius
3577 521 3652 579 de
3692 531 3823 597 patre

442 633 666 685 ratione
701 626 899 699 templi
924 641 1072 681 anno
1098 622 1509 680 trecentesimo
1534 626 1615 677 19.
1645 619 1830 689 (Ηιεκ.
1853 618 1921 673 in
1935 619 2089 673 Dan-

442 719 481 773 l.
518 719 585 788 l.)
623 716 803 786 llujus
836 721 1002 787 patre
1025 713 1417 785 Phylopatore
1440 711 1735 778 defuncto,
1764 705 2088 763 Antiochus

442 809 697 875 Magnus,
724 812 898 876 rupto
919 804 1136 859 fcedere
1159 808 1213 858 ct
1249 807 1420 873 pacto
1445 800 1597 871 quod
1613 812 1743 855 cum
1759 801 1924 868 patre
1949 795 2095 849 fece-

2202 614 2375 670 Tobia
2424 614 2611 685 1r",vir
2656 612 3067 684 sagacissimus
3114 617 3175 669 et
3222 614 3374 671 inter
3420 628 3577 671 suos
3625 614 3822 682 nobilis,

2205 704 2525 775 increpavit
2557 704 2905 760 avunculum
2940 703 3159 759 Oniam.
3195 702 3316 769 Quo
3346 720 3460 761 non
3512 703 3822 761 attendente

2203 808 2310 849 nec
2342 793 2412 849 ad
2451 808 2643 863 regem
2675 793 2759 849 ire
2788 792 3040 863 volente,
3074 792 3227 849 ultro
3255 806 3319 849 se
3346 792 3615 864 legatum
3654 792 3722 849 ad
3761 807 3825 850 re

444 900 554 965 rat,
590 895 910 950 exercitum
939 894 1009 949 'de
1042 890 1444 962 superioribus
1469 886 1798 958 Babyloniae
1824 883 2094 956 partibus
2202 895 2331 949 gem
2363 881 2583 937 cbtulit
2614 897 2717 953 pro
2740 881 3096 939 necessitate
3118 881 3338 953 populi,
3363 881 3412 938 si
3434 895 3551 953 per
3570 896 3702 939 eum
3721 881 3824 937 lice-

443 984 824 1053 cougregavit
860 982 1125 1052 factaque
1157 994 1300 1051 pace
1345 992 1477 1034 cum
1518 976 1787 1046 Philippo
1836 970 2097 1028 Macedo-

444 1088 578 1128 num
608 1086 768 1142 rege,
806 1075 1010 1127 contra
1066 1070 1217 1125 hunc
1266 1067 1658 1138 Epyphanem,
1685 1063 1782 1134 qui
1807 1068 1944 1118 tunc
1968 1073 2099 1130 qua-

442 1166 580 1216 tuor
614 1164 743 1215 erat
773 1157 1404 1225 annorum,excrcitum
1439 1153 1614 1209 movit
1644 1151 1733 1205 πο.
1784 1147 2098 1217 Pugnanti-

444 1250 554 1305 bus
587 1253 779 1305 autem
814 1248 967 1303 inter
994 1262 1055 1303 sc
1088 1246 1375 1302 Antiocho
1407 1248 1461 1299 et
1491 1242 1741 1298 ducibus
1771 1236 2094 1295 Ptholomei

442 1338 631 1409 pueri,
666 1338 863 1393 Iudaea
910 1336 962 1391 in
997 1336 1187 1391 medio
1227 1334 1412 1406 posita
1446 1332 1743 1401 multaque
1768 1326 1913 1383 mala
1971 1340 2099 1397 per-

444 1440 636 1497 pessa,
671 1426 725 1481 in
752 1425 1050 1481 contraria
1083 1439 1186 1481 sua
1218 1423 1617 1489 scindebatur,
1672 1419 1825 1475 sicut
1877 1420 1938 1471 et
1986 1415 2097 1471 sub

444 1514 786 1571 Ptholomeo
825 1513 1237 1585 Phylopatorc,
1265 1515 1431 1583 patre
1455 1510 1605 1579 ejus,
1629 1507 1761 1564 aliis
1785 1504 2093 1573 Antiocho,

447 1604 579 1659 aliis
610 1603 947 1658 Ptholomeo
973 1600 1590 1669 faventibus.Cumque
1612 1594 2101 1651 Antiochustene-

448 1697 538 1746 ret
556 1690 837 1761 Iudzeam,
866 1690 1080 1745 missus
1104 1690 1320 1760 Scopas
1347 1688 1463 1743 dux
1489 1685 1743 1758 partium
1767 1682 2098 1753 Epypbanis

451 1779 800 1848 Ptholomei,
837 1777 1120 1833 adversus
1153 1777 1499 1832 Antiochum
1525 1773 1755 1830 fortiter
1776 1769 2095 1837 dimicavit,

451 1868 725 1939 cepitque
756 1867 1014 1922 Iudazam
1048 1868 1189 1935 (Ios.
1224 1882 1321 1935 xu,
1354 1868 1403 1933 3)
1431 1882 1445 1929 ;
1478 1864 1577 1919 sed
1628 1868 1763 1952 post
1810 1860 2098 1916 modicum
2131 1893 2184 1952 Β

451 1961 687 2029 tempus
727 1955 1047 2011 Antiochus
1093 1955 1332 2025 Scopam
1382 1954 1541 2023 vicit,
1596 1950 1915 2019 conﬂigens
1968 1962 2100 2003 cum

450 2044 710 2114 eojuxta
746 2045 962 2099 fontem
991 2042 1281 2113 Iordanis,
1335 2041 1669 2110 multosque
1720 2040 1791 2094 de
1837 2035 2101 2093 exercitu

453 2133 580 2203 ejus
611 2136 1009 2203 prosternens.
1045 2134 1268 2204 |Postea
1317 2146 1457 2187 vero
1508 2129 1792 2185 Antiocho
1834 2125 2102 2196 capiente

454 2221 769 2276 Samariam
800 2226 860 2276 et
892 2222 1167 2279 civitates
1201 2222 1379 2291 Syrize
1399 2235 1544 2291 quos
1569 2220 1785 2287 Scopas
1813 2219 2101 2283 tenuerat,

450 2324 596 2379 gens
617 2309 951 2365 Iudzeorum
977 2314 1183 2380 sponte
1206 2311 1275 2365 ad
1298 2326 1427 2366 cum
1450 2313 1962 2383 veniens,omncm
1981 2311 2106 2380 ejus

453 2398 776 2455 exercitum
810 2398 866 2453 in
898 2398 1197 2454 civitatem
1240 2400 1524 2472 suscepit,
1572 2407 1632 2457 et
1683 2417 1862 2474 prono
1914 2401 2105 2456 animo

454 2486 734 2541 auxilium
769 2486 1025 2556 prebuit.
1061 2487 1223 2542 Unde
1258 2494 1317 2542 et
1347 2488 1469 2559 ipse
1502 2490 1682 2545 multa
1706 2491 1795 2547 eis
1828 2487 2105 2545 beneficia

456 2574 724 2639 contulit,
762 2589 886 2644 quae
909 2576 1201 2647 Iosephus
1232 2576 1534 2633 describit.

530 2662 736 2719 Volens
769 2652 962 2719 autem
997 2666 1318 2721 Antiochus
1342 2682 1453 2722 non
1479 2667 1663 2724 solum
1690 2668 1908 2739 Syriam
1934 2671 1993 2722 et
2022 2666 2109 2720 Ci-

459 2750 650 2807 liciam
704 2759 763 2806 et
808 2752 1017 2807 Liciain
1074 2759 1130 2808 et
1192 2754 1338 2810 alias
1387 2756 1719 2826 provincias
1769 2771 1895 2827 quze
1941 2760 2109 2811 erant

461 2840 715 2911 partium
739 2840 1066 2896 Ptholomei
1094 2843 1398 2912 possidere
1433 2844 1532 2899 sed
1559 2844 1615 2899 in
1641 2846 1943 2916 Egyptum
1971 2858 2111 2913 quo~

464 2943 575 2998 que
610 2943 849 2997 regnum
883 2942 1051 2985 suum
1079 2931 1415 3002 extendere,
1453 2934 1599 2988 facta
1626 2947 1765 3004 pace
1788 2948 1918 2989 cum
1938 2932 2114 2988 Ptho-

463 3015 654 3073 lomeo
708 3033 810 3088 per
858 3018 1090 3073 Evolcm
1139 3020 1447 3091 Rhodium,
1515 3022 1883 3093 Cleopatram
1937 3020 2110 3077 filiam

2206 973 2294 1024 ret
2329 968 2461 1024 sibi.
2496 969 2601 1025 lllo
2632 975 2825 1026 autem
2874 970 3229 1026 consedente
3258 972 3314 1026 et
3361 968 3593 1042 populo
3638 970 3826 1041 gratias

2207 1062 2437 1129 agente,
2473 1059 2731 1130 suscepit
2761 1059 3015 1130 legatum
3049 1058 3203 1130 regis
3235 1059 3290 1115 in
3322 1058 3566 1117 domum
3599 1074 3767 1129 suam,
3784 1066 3828 1116 et

2211 1161 2310 1216 per
2336 1146 2552 1203 multos
2566 1148 2689 1203 dies
2706 1148 3006 1218 magnifice
3026 1153 3309 1219 tractans,
3328 1148 3829 1206 muneribushono—

2207 1238 2399 1292 ratum
2431 1237 2654 1292 remisit
2685 1236 2754 1291 ad
2786 1252 3001 1308 regem,
3038 1237 3238 1294 dicens
3271 1250 3332 1294 se
3368 1237 3656 1294 continuo
3696 1251 3829 1295 secu-

2209 1327 2424 1380 turum.
2461 1325 2711 1382 Athenio
2742 1332 2936 1382 autem
2970 1326 3202 1383 rediens
3231 1326 3303 1383 ad
3349 1341 3577 1398 regem,
3627 1342 3749 1384 cum
3786 1327 3826 1383 ei

2208 1413 2398 1469 omnia
2433 1413 2741 1484 indicaret,
2779 1415 3177 1472 advenientem
3210 1419 3407 1488 postea
3433 1416 3724 1489 Iosephus
3748 1431 3828 1473 rex

2208 1507 2269 1557 et
2300 1502 2497 1571 regina
2534 1502 2841 1574 Cleopatra
2873 1504 3119 1575 benigne
3150 1510 3565 1577 susceperunt,
3619 1505 3831 1563 invenit-

2210 1605 2323 1660 que
2357 1595 2573 1647 tantam
2603 1593 2851 1661 gratiam
2883 1608 3081 1650 coram
3112 1608 3268 1665 rege,
3302 1598 3365 1652 ut
3397 1609 3514 1652 non
3547 1593 3728 1653 solum
3755 1608 3831 1666 po-

2214 1678 2410 1750 pulum
2443 1678 2745 1750 liberaret,
2780 1681 2883 1739 sed
2916 1682 3088 1739 etiam
3116 1682 3229 1740 dux
3248 1683 3463 1740 Iudaeae
3488 1689 3670 1755 atque
3684 1683 3833 1738 humi-

2212 1767 2286 1823 lis
2319 1768 2497 1840 Syrize
2530 1775 2590 1825 et
2622 1770 2996 1828 finitimarum
3030 1772 3330 1842 regionum
3353 1773 3424 1828 ab
3445 1787 3520 1829 eo
3542 1772 3835 1829 constitue-

2214 1862 2400 1913 retur.
2437 1859 2491 1913 Is
2521 1859 2703 1927 igitur
2730 1862 2799 1914 22
2825 1860 2991 1917 annis
3036 1861 3259 1918 tributa
3305 1861 3486 1932 Syrias
3547 1867 3606 1918 et
3639 1862 3835 1918 Fenicis

2215 1950 2391 2016 atque
2420 1947 2691 2004 Samaria;
2720 1948 3099 2020 dispensavit,
3129 1949 3524 2022 populumque
3539 1950 3835 2008 Iudaeorum

2215 2050 2245 2091 a
2268 2041 2615 2108 paupertate
2636 2042 2695 2093 et
2722 2038 3029 2096 debilitate
3045 2039 3117 2095 ad
3140 2038 3503 2097 clarissimas
3518 2054 3713 2097 rerum
3731 2054 3837 2095 cau-

2217 2140 2313 2181 sas
2347 2125 2640 2197 perduxit.
2674 2127 2887 2184 Habuit
2923 2135 3117 2184 autem
3149 2134 3373 2201 septem
3406 2128 3566 2187 ﬁlios
3588 2127 3661 2186 de
3688 2142 3837 2186 uxore

2219 2232 2343 2287 sua,
2378 2221 2438 2272 et
2466 2217 2536 2272 de
2567 2216 2686 2272 ﬁlia
2719 2216 2916 2273 fratris
2944 2217 3031 2274 sui
3062 2217 3241 2273 Solini
3264 2233 3438 2276 unum
3468 2218 3702 2276 nomine
3727 2219 3838 2289 Hyr-

2216 2320 2443 2363 canum.
2478 2306 2585 2372 Qui
2618 2320 2747 2363 cum
2779 2306 3061 2363 tredecim
3094 2310 3252 2364 esset
3279 2321 3588 2379 annorum,
3640 2312 3840 2363 natura-

2220 2395 2332 2450 lem
2359 2394 2762 2450 fortitudinem
2785 2400 2843 2451 et
2864 2395 3235 2467 prudentiam
3261 2396 3316 2452 in
3338 2411 3401 2453 se
3417 2395 3834 2463 demonstravit,

2221 2488 2281 2539 ut
2306 2484 2481 2539 etiam
2505 2485 2773 2540 acerbam
2795 2482 3224 2541 aemulationem
3250 2485 3535 2544 fratribus
3556 2485 3835 2543 excitaret.

2218 2573 2507 2643 Iosephus
2539 2587 2678 2629 vero
2708 2573 2952 2643 cupiens
2983 2573 3137 2630 scire
3165 2574 3296 2645 quis
3325 2574 3396 2632 de
3435 2574 3571 2631 ﬁliis
3600 2572 3718 2631 suis
3751 2572 3838 2628 vir-

2222 2667 2349 2720 tute
2381 2663 2584 2718 melior
2614 2663 2918 2732 existeret,
2955 2678 3424 2735 unumquemque
3455 2664 3530 2721 ad
3564 2664 3837 2721 doctorum

2223 2752 2419 2812 studia
2441 2751 2777 2821 destinavit,
2805 2752 2909 2807 sed
2932 2751 3152 2808 desidia
3178 2751 3622 2824 disciplinarum
3647 2749 3838 2807 indocti

2224 2841 2548 2897 redierunt.
2583 2842 2722 2896 Post
2756 2839 2888 2897 illos
2919 2845 3112 2898 autem
3136 2840 3641 2899 adolescentulum
3664 2841 3842 2912 Hyrca-

2224 2946 2359 2988 num
2394 2930 2745 3002 transmisit,
2781 2931 2930 2988 viam
2960 2930 3207 2989 duorum
3240 2930 3464 2989 dierum
3499 2933 3572 2989 ad
3603 2927 3841 2990 solitudi-

2227 3036 2353 3076 nem
2388 3020 2698 3090 seminare,
2733 3020 2879 3077 dans
2907 3021 2958 3077 ei
2991 3022 3247 3092 300juga
3271 3023 3463 3093 boum,
3498 3021 3603 3080 sed
3631 3021 3841 3077 abscon-

465 3120 627 3161 suam
660 3107 909 3177 septimo
939 3122 1089 3163 anno
1126 3107 1515 3165 adolescentis
1572 3110 1879 3180 despondit
1930 3109 2005 3169 ei.
2054 3114 2111 3166 et

464 3198 558 3253 13°
594 3210 742 3252 anno
773 3195 1035 3263 tradidit,
1071 3198 1204 3254 data
1236 3199 1286 3255 ei
1322 3200 1477 3256 dotis
1498 3200 1730 3256 nomine
1770 3201 1922 3257 omni
1957 3201 2116 3259 Cele-

463 3285 614 3356 syria
647 3292 706 3341 et
732 3286 950 3342 Iudaea.
996 3288 1108 3344 Nec
1152 3294 1343 3345 tamen
1394 3296 1663 3365 optinere
1715 3293 1905 3365 potuit
1953 3293 2118 3361 Egy-

461 3379 645 3446 ptum,
683 3375 814 3445 quia
857 3376 1234 3433 Ptholomeus
1284 3380 1625 3453 Epyphanes
1663 3389 1719 3440 et
1763 3383 1944 3439 duces
1992 3381 2119 3450 ejus

461 3463 788 3520 Sentientes
805 3462 1018 3534 dolum,
1045 3467 1276 3524 cautius
1306 3485 1366 3525 sc
1395 3480 1680 3541 egereunt
1717 3476 1773 3527 et
1810 3470 2116 3540 Cleopatra

463 3553 648 3621 magis
671 3552 782 3607 viri
812 3567 981 3622 quam
1014 3557 1279 3625 parentis
1316 3559 1455 3615 fowt
1498 3567 1719 3632 partes.
1771 3560 1875 3614 llic
1923 3557 2121 3612 Antio-

466 3642 610 3697 chus
643 3642 879 3709 Magnus
912 3642 1057 3698 duos
1091 3645 1292 3701 habuit
1329 3647 1503 3719 filios,
1541 3650 1754 3705 fratres
1793 3647 2119 3718 Cleopatrae

470 3744 640 3799 quam
656 3729 785 3784 ded:
800 3736 819 3784 t
834 3731 1200 3803 Ptholomeo,
1220 3734 1543 3808 Seleucum,
1562 3738 1658 3808 qui
1674 3738 2122 3806 cognominatus

469 3824 554 3872 est
589 3815 798 3871 Sothcr
831 3818 1046 3887 quique
1078 3822 1340 3889 regnavit
1369 3830 1493 3894 post
1516 3829 1732 3894 eum,et
1752 3824 2118 3891 Antiochum,

472 3906 568 3976 qui
602 3905 795 3960 dictus
826 3910 920 3961 est
951 3906 1019 3938 ’τί
1044 3909 1392 3980 Εργριιθηω
1450 3918 1509 3969 et
1550 3928 1579 3968 a
1633 3918 1798 3984 patre
1846 3910 2121 3968 Romanis

473 3994 646 4051 datus
675 3998 766 4049 est
796 3994 967 4051 obses
997 4006 1345 4070 mortuoque
1378 4001 1557 4059 fratre
1582 4002 1846 4071 regnavit
1889 4001 1946 4057 in
1997 3999 2123 4055 loco

472 4084 598 4152 ejus
632 4088 729 4151 ;ct
762 4084 858 4140 hic
890 4089 977 4140 est
1018 4087 1332 4145 Antiochus
1364 4091 1459 4161 qui
1493 4090 1714 4148 dicitur
1762 4090 2014 4147 illustris
2063 4094 2124 4145 et

473 4173 687 4229 nobilis
721 4174 775 4228 in
809 4174 960 4230 libro
991 4176 1433 4237 Machabeorum
1466 4181 1571 4250 (Cf.
1614 4182 1658 4249 Ι,
1708 4184 1781 4253 1),
1844 4180 1939 4251 qui
1999 4177 2127 4235 137°

476 4263 639 4332 regni
664 4264 979 4321 Grecorum
1015 4280 1163 4323 anno
1195 4284 1437 4338 regnare
1461 4270 1640 4342 ccepit
1679 4269 1979 4340 multaque
2012 4282 2127 4323 ma-

477 4350 531 4407 la
558 4352 776 4409 Iudaeis
814 4353 1031 4411 intulit.
2240 4367 2443 4409 eorum
2473 4353 2653 4408 vellet
2680 4353 2765 4409 ire
2795 4352 2867 4409 ad
2892 4366 3104 4424 regem.
3132 4354 3445 4426 Majoribus
3468 4346 3845 4412 recusantibus

552 4440 692 4512 (Ios.
730 4443 767 4498 ἱ.
807 4443 843 4497 l.
876 4444 895 4513 )
928 4445 1003 4499 Eo
1036 4450 1301 4517 tempore
1332 4448 1598 4519 pontifex
1636 4447 1968 4505 Iudaeorum
2015 4447 2127 4503 fuit
2239 4447 2298 4498 ct
2330 4443 2623 4512 Hycanum
2644 4442 2752 4498 hoc
2776 4442 2965 4499 facere
2993 4456 3166 4515 posse
3199 4442 3549 4514 dicentibus,
3580 4430 3842 4499 consuluit

479 4528 674 4598 Onias,
708 4529 862 4586 filius
888 4531 1155 4603 Symonis
1184 4535 1358 4606 Iusti,
1394 4536 1594 4592 fratris
1627 4535 1907 4592 Eleazari.
1943 4537 1997 4591 Is
2027 4550 2127 4592 au-
2241 4532 2453 4603 ipsum.
2490 4530 2597 4598 Qui
2630 4547 2761 4587 cum
2793 4546 2858 4587 se
2887 4531 3249 4604 promisisset
3278 4532 3513 4604 iturum,
3565 4531 3613 4590 si
3652 4530 3844 4585 tantum

477 4626 593 4677 tem
615 4620 790 4676 Onias
811 4621 1092 4691 parvulus
1117 4628 1309 4680 mente
1331 4630 1388 4680 et
1413 4638 1626 4681 avarus
1653 4625 1912 4696 pecunia}
1945 4625 2127 4681 vecti-
2154 4611 2208 4673 D
2241 4619 2499 4677 misisset
2525 4619 2834 4691 epistolam
2860 4620 3059 4677 Arioni
3088 4620 3479 4693 dispensatori
3502 4615 3843 4693 pecuniarum

475 4708 569 4779 gal
595 4708 748 4779 quod
783 4715 984 4780 patres
1016 4710 1144 4780 ejus
1175 4726 1279 4782 pro
1302 4711 1516 4783 populo
1540 4712 1777 4781 dabant,
1798 4712 2027 4769 scilicet
2056 4717 2126 4770 2O
2239 4725 2386 4782 quas
2420 4704 2549 4780 regi
2574 4709 2847 4780 debedat,
2887 4714 2947 4766 ut
2978 4708 3145 4767 daret
3173 4709 3228 4766 ei
3270 4710 3571 4783 pecuniam
3614 4711 3847 4765 necessa-

479 4796 723 4868 talenta,
771 4812 882 4853 non
934 4799 1213 4869 reddidit,
1269 4802 1417 4856 unde
1472 4816 1665 4870 regem
1721 4801 2125 4859 Ptholomeum
2242 4799 2407 4869 riam,
2434 4798 2569 4854 data
2591 4798 2844 4871 epistola
2868 4798 3091 4855 dimisit
3110 4814 3260 4857 eum.
3289 4800 3521 4857 Fratres
3542 4788 3844 4859 autemetus

478 4886 551 4943 ad
583 4888 726 4943 iram
754 4889 1113 4958 provocavit.
1149 4887 1256 4953 Qui
1307 4889 1546 4946 mittens
1584 4888 1839 4960 legatum
1900 4892 2127 4949 nomine
2239 4888 2578 4946 scribebant
2610 4888 2880 4945 omnibus
2911 4888 3114 4946 amicis
3140 4888 3387 4960 regis,ut
3435 4903 3563 4945 eum
3596 4878 3847 4944 interﬁce-

480 4975 864 5032 Athenionem
939 4974 995 5030 in
1045 4975 1425 5048 Hierusalem,
1470 4977 1741 5051 culpabat
1798 4980 2019 5049 Oniam,
2068 4985 2129 5036 et
2241 4981 2392 5033 rent.
2426 4976 2534 5043 Qui
2564 4992 2695 5034 cum
2722 4977 2987 5035 venisset
3028 4976 3097 5011 ’7'
3141 4975 3566 5048 Alexandriam,
3618 4962 3844 5049 porrexil

480 5064 736 5119 minatus
765 5067 861 5119 est
888 5063 1040 5133 quod
1074 5067 1292 5120 terram
1321 5067 1632 5124 metiretur
1690 5066 1761 5123 ad
1805 5068 2033 5139 jugera,
2069 5074 2129 5125 et
2242 5064 2443 5121 Arioni
2474 5065 2806 5138 epistolam,
2842 5067 3219 5140 acceptisque
3236 5066 3308 5124 ab
3334 5082 3405 5124 eo
3433 5064 3589 5123 mille
3619 5051 3841 5140 talentis,

482 5152 742 5208 mitteret
768 5152 864 5223 qui
891 5152 1224 5208 habitarent
1249 5154 1303 5209 in
1328 5169 1417 5211 ea.
1444 5156 2132 5214 Audientcsludaziman-
2244 5151 2501 5211 latenter
2532 5156 2863 5213 accessilad
2897 5139 3321 5229 negotiatores,
3347 5159 3407 5213 et
3430 5151 3770 5229 comparant
3788 5139 3843 5198 ab

482 5239 616 5297 data
649 5241 829 5311 regis,
864 5240 1276 5313 turbabantur,
1310 5242 1509 5300 Oniam
1545 5260 1683 5301 vero
1714 5243 1892 5301 nichil
1924 5245 2131 5303 horum
2243 5243 2332 5300 eis
2354 5249 2587 5302 centum
2609 5260 2825 5319 pueros
2846 5246 3100 5303 scientes
3130 5246 3382 5318 litteras,
3417 5240 3844 5318 unumquemtlue

481 5327 758 5388 flectebat
784 5333 1030 5404 propter
1068 5331 1381 5390 avariciam
1431 5347 1617 5391 suam.
1674 5332 1840 5400 Quod
1889 5334 2133 5391 audiens
2244 5335 2469 5391 talento
2505 5351 2636 5405 uno,
2670 5341 2734 5393 et
2761 5339 2995 5394 centum
3044 5335 3323 5409 virgines,
3368 5333 3629 5408 singulas
3671 5324 3843 5388 eodem

2228 3109 2373 3165 dens
2406 3108 2526 3164 lora
2565 3110 2775 3180 quibus
2808 3108 3151 3180 ligarentur.
3188 3112 3444 3182 Cumque
3465 3110 3538 3168 ad
3560 3109 3747 3166 locum
3767 3118 3839 3163 ve-

2228 3198 2381 3254 niret
2416 3202 2476 3254 et
2504 3198 2628 3255 lora
2662 3213 2773 3255 non
2805 3198 3068 3270 haberet,
3104 3198 3487 3257 suadentibus
3516 3196 3838 3259 aratoribus,

2230 3292 2291 3344 ut
2315 3302 2419 3358 pro
2445 3287 2535 3343 his
2556 3286 2869 3345 afferendis
2906 3288 3139 3345 domum
3170 3287 3630 3358 transmitteret,
3653 3284 3747 3342 ille
3770 3295 3844 3338 no-

2232 3375 2357 3432 lens
2388 3381 2620 3449 tempus
2644 3376 2989 3449 deperdere,
3017 3377 3233 3434 occidit
3255 3378 3456 3435 decem
3479 3376 3747 3448 jugorum
3768 3372 3842 3428 bo-

2231 3479 2355 3536 ves,
2388 3470 2446 3521 et
2478 3479 2686 3522 carnes
2720 3465 2952 3536 quidem
2981 3466 3269 3538 operariis
3297 3465 3476 3538 dedit,
3514 3464 3701 3539 pelles
3732 3473 3842 3518 vero

2233 3552 2514 3623 incidens,
2548 3553 2873 3611 retinacula
2910 3554 3048 3611 fecit
3086 3573 3097 3610 :
3140 3554 3342 3626 sicque
3373 3555 3655 3613 seminata
3690 3556 3841 3615 terra,

2234 3643 2305 3698 ad
2331 3647 2553 3714 patrem
2576 3643 2772 3703 rediit.
2802 3646 2919 3699 Pro
2941 3657 3052 3715 qua
3077 3644 3286 3701 mentis
3307 3644 3535 3715 argutia
3559 3648 3723 3716 pater
3741 3651 3843 3695 eum

2238 3732 2484 3801 benigne
2516 3732 2862 3805 suscipiens,
2899 3731 3135 3790 nimium
3168 3732 3395 3804 dilexit,
3429 3731 3588 3805 quod
3626 3730 3677 3788 ei
3720 3722 3845 3799 apud

2238 3820 2456 3875 fratres
2489 3820 2764 3876 invidiam
2798 3821 3125 3895 suscitavit.

2310 3910 2444 3965 Post
2477 3910 2599 3965 haec
2628 3909 2965 3966 nunciatum
2997 3915 3085 3966 est
3116 3908 3386 3982 Iosepho,
3423 3909 3601 3967 lilium
3640 3901 3843 3965 Ptholo-

2238 4013 2363 4054 meo
2387 4002 2541 4069 regis
2556 3998 2815 4067 genitum
2831 4013 2980 4069 esse,
2997 4012 3312 4071 omnesque
3332 3998 3624 4072 principes
3644 3991 3843 4070 provin-

2239 4086 2458 4143 ciarum
2492 4088 2565 4143 ad
2597 4085 3011 4143 celebrandum
3043 4087 3296 4143 natalem
3329 4088 3492 4160 pueri
3544 4086 3691 4144 diem
3734 4088 3842 4137 cum

2242 4182 2530 4248 apparatu
2561 4176 2807 4233 maximo
2842 4176 3250 4233 Alexandriam
3279 4174 3385 4233 ire.
3442 4178 3695 4248 Cumque
3739 4170 3843 4241 ipse

2239 4264 2325 4320 ire
2358 4265 2520 4320 senio
2546 4264 2977 4336 prohiberetur,
3003 4264 3385 4335 interrogavit
3415 4264 3566 4322 ﬁlios
3588 4276 3719 4322 suos
3743 4254 3847 4328 quis

2148 3252 2197 3312 C

1778 5554 1790 5563 “
1840 5555 2077 5615 VARUE
2118 5557 2518 5617 LECTIONES.

554 5698 626 5742 '”
651 5701 800 5767 XIIII
828 5705 918 5765 90.
938 5699 1009 5741 ’το
1037 5701 1199 5765 misit
1219 5707 1309 5769 90.
1339 5700 1409 5743 ’τί
1440 5702 1599 5767 deest
1626 5708 1679 5766 t5.
1710 5704 1779 5745 ’τ’
1810 5707 2009 5768 thobia
2042 5714 2093 5769 δ.
2127 5684 2197 5746 ³⁵η
2218 5710 2516 5770 venissent
2548 5716 2599 5769 δ.
