3932 6410
150 434 269 508 621

1054 435 1495 509 CHRONICA.
1527 477 1606 490 —
1631 434 2111 506 CHRONICON
2151 428 2701 508 UNIVERSALE'.

3457 435 3576 512 622

154 579 382 653 precio.
424 580 747 652 Susceptus
774 580 968 636 autem
1000 577 1249 649 benigne
1280 594 1311 636 a
1341 592 1479 649 rege
1501 581 1561 635 et
1584 575 1654 633 ad
1684 589 1821 632 con-
1847 574 1904 637 A
1936 573 2211 647 scalpens
2235 575 2488 635 diversis
2520 571 2889 648 animalibus,
2924 570 3170 650 reliquis
3198 574 3374 639 etiam
3395 581 3577 642 aedifi-

153 670 382 729 vivium
417 671 546 742 ejus
575 668 880 738 invitatus,
929 668 1303 725 discumbens
1347 682 1476 724 cum
1525 664 1822 739 prioribus

154 761 624 832 provinciarum,
684 758 926 814 ultimus
982 757 1236 814 omnium
1293 757 1465 826 sedit,
1530 761 1819 825 tamquam

156 864 309 923 puer
343 850 421 904 ab
441 848 709 904 omnibus
735 847 1037 917 despectui
1060 846 1317 903 habitus.
1345 846 1599 915 Cumque
1621 857 1822 899 omnes

155 951 292 995 ossa
329 937 601 993 ciborum
636 938 771 991 ante
804 934 965 991 illum
991 934 1044 988 in
1071 949 1265 990 mensa
1290 933 1668 1005 projicerent,
1696 931 1824 1002 ipso

152 1030 431 1097 tacente,
462 1025 715 1096 Triphon
751 1023 1007 1094 quidam,
1046 1022 1142 1095 qui
1176 1021 1245 1078 ad
1274 1021 1646 1078 convivarum
1669 1020 1825 1076 risus

155 1117 334 1187 aptus
362 1118 514 1183 erat,
540 1111 884 1181 rogantibus
908 1109 1191 1178 convivis,
1206 1110 1370 1181 juxta
1394 1123 1649 1165 mensam
1674 1107 1828 1177 regis

157 1204 475 1273 assistens,
507 1201 587 1256 ait
623 1200 747 1269 regi
774 1219 786 1254 :
833 1200 1022 1270 Vides,
1052 1199 1307 1269 domine,
1340 1196 1675 1270 anteposita
1694 1208 1831 1253 ossa

155 1293 450 1365 Hyrcano
471 1298 497 1348 7
522 1291 622 1349 Ea:
653 1289 760 1346 hoc
779 1289 1002 1360 coujice
1022 1288 1177 1360 quod
1192 1288 1252 1344 et
1264 1287 1439 1359 pater
1459 1287 1588 1358 ejus
1604 1286 1695 1343 sie
1716 1298 1832 1341 om-

155 1381 564 1452 nemSg/riam
581 1377 928 1448 denudavit,
961 1377 1121 1435 sicut
1137 1376 1259 1434 haec
1284 1390 1413 1434 assa
1429 1377 1544 1434 iste
1570 1391 1610 1433 α
1637 1374 1834 1432 carui-

166 1472 272 1529 bus
285 1467 669 1542 exspoliacit.
688 1466 936 1522 Ridente
949 1472 1143 1523 autem
1158 1480 1296 1536 rege
1313 1466 1386 1522 ad
1399 1466 1577 1521 verba
1590 1465 1833 1537 Tripho-

163 1562 252 1618 nis
285 1565 344 1616 et
370 1559 773 1627 interrogante
803 1556 1127 1625 Hyrcanum
1161 1569 1266 1612 cur
1298 1558 1459 1611 tanta
1511 1569 1644 1611 ossa
1696 1559 1831 1610 ante

159 1664 291 1707 eum
319 1649 631 1720 jacerent:
667 1642 833 1716 Apte,
874 1642 1086 1713 inquit,
1117 1643 1370 1712 domine,
1432 1657 1576 1699 nam
1632 1647 1832 1720 σανιεεῖ

158 1752 393 1812 semper
419 1749 557 1794 ossa
587 1748 719 1792 cum
739 1731 1025 1789 carnibus
1046 1733 1351 1801 decorant,
1375 1733 1533 1789 sicut
1550 1732 1656 1788 isti
1666 1719 1831 1805 fece:

153 1828 319 1898 runt,
344 1825 489 1883 ante
510 1838 653 1897 quos
664 1835 795 1879 ossa
812 1820 1309 1891 minimejaceut;
1320 1819 1580 1877 homines
1592 1833 1727 1876 vero
1740 1832 1829 1877 co-

1937 663 2045 720 ciis
2073 663 2262 722 locum
2294 665 2543 722 munivit
2569 680 2739 737 quem
2771 667 2979 737 Tyrum
3020 669 3396 741 nuncupavit.
3438 672 3577 730 Pre-

1939 752 2050 809 fuit
2074 760 2267 810 autem
2292 754 2411 812 illis
2424 754 2695 826 partibus
2716 768 2820 826 per
2844 769 3024 813 annos
3043 761 3130 827 12,
3146 757 3296 813 omni
3313 763 3575 831 tempore

1936 855 2050 911 quo
2072 841 2372 912 Seleucus,
2398 841 3053 914 filiusAntiochiMagni,
3075 845 3254 915 Syriae
3288 849 3571 918 regnavit.

1939 928 2061 995 Quo
2092 933 2340 1002 mortuo,
2377 931 2557 988 frater
2587 931 2714 1002 ejus
2744 932 3069 990 Antiochus
3102 932 3434 1005 Epiphanes
3484 951 3576 995 re-

1935 1031 2111 1088 gnum
2142 1018 2416 1075 obtinuit.
2450 1019 2629 1086 Quem
2662 1024 2929 1077 metuens
2960 1022 3280 1093 Hyrcanus,
3313 1038 3384 1080 ne
3412 1025 3484 1081 ab
3505 1039 3575 1083 eo

1937 1106 2248 1163 tormentis
2279 1107 2611 1164 afficeretur
2638 1122 2746 1180 pro
2792 1108 2883 1165 his
2932 1122 3060 1179 quae
3102 1114 3306 1167 contra
3355 1114 3579 1171 Arabas

1939 1200 2161 1266 egerat,
2194 1195 2373 1252 vitam
2407 1195 2640 1268 propria
2672 1211 2842 1254 manu
2877 1196 3081 1254 finivit.
3118 1197 3295 1269 Cujus
3314 1201 3579 1258 substan-

1941 1283 2079 1339 tiam
2111 1284 2434 1341 Antiochus
2464 1283 2573 1340 sibi
2605 1284 2912 1357 applicuit.
2954 1286 3215 1344 Mortuus
3246 1290 3333 1345 est
3382 1294 3577 1348 autem

1939 1375 1996 1429 et
2047 1372 2254 1443 Symon
2299 1372 2579 1444 pontifex,
2616 1373 2771 1431 illius
2821 1374 3000 1442 Onias,
3054 1374 3390 1448 relinquens
3451 1384 3578 1438 tres

1940 1459 2113 1532 filios,
2154 1460 2354 1518 Oniam
2392 1461 2649 1533 Ibesum,
2693 1463 2893 1519 Oniam
2935 1463 3061 1520 sive
3108 1466 3384 1525 Ananiam
3418 1486 3434 1538 ;
3473 1472 3579 1531 sed

1941 1548 2092 1622 patri
2118 1548 2294 1607 Onias
2323 1550 2378 1607 in
2420 1551 2739 1608 sacerdotii
2772 1551 2991 1610 honore
3023 1555 3314 1612 successit
3348 1574 3364 1625 ;
3398 1564 3459 1617 et
3486 1561 3579 1621 hic

1940 1642 2030 1694 est
2064 1639 2134 1694 ad
2166 1653 2337 1710 quem
2370 1639 2543 1697 Arius
2575 1655 2679 1697 rex
2710 1640 3069 1712 Spartarum,
3104 1642 3163 1699 id
3191 1649 3283 1701 est
3324 1646 3576 1707 Lacede-

1939 1728 2262 1787 moniorum
2286 1728 2566 1801 epistolas
2598 1729 2777 1801 misit,
2812 1730 3015 1788 dicens
3044 1733 3278 1791 Iudaeos
3308 1741 3369 1793 et
3408 1738 3580 1797 Lace-

1938 1815 2217 1874 demones
2245 1832 2317 1874 ex
2346 1832 2458 1874 uno
2477 1832 2693 1889 genere
2725 1817 2970 1875 Abrahae
3001 1818 3399 1882 descendisse.

155 1913 408 1973 meduut
426 1923 663 1982 carnes,
690 1908 1297 1979 ossaautemjactant.
1316 1907 1470 1980 quod
1490 1906 1660 1977 etego
1682 1905 1805 1963 tam
1853 1929 1910 1990 Β
2012 1904 2112 1975 (Η.
2147 1907 2249 1979 m.)
2297 1908 2459 1962 Anno
2508 1907 2580 1962 ab
2625 1906 2778 1964 Urbe
2824 1907 3058 1965 condita
3110 1910 3578 1981 quingentesimo

167 2018 351 2079 quam
383 2003 556 2059 homo
594 2012 752 2057 nunc
784 1997 937 2071 feci.
988 1999 1109 2052 Rex
1158 2000 1351 2053 autem
1409 1996 1654 2052 miratus
1700 1994 1827 2065 ejus

165 2105 520 2165 responsum
570 2094 689 2145 tam
739 2087 1037 2158 sapienter
1092 2085 1335 2156 dictum,
1389 2082 1565 2155 jussit
1623 2095 1826 2140 omnes

165 2183 471 2257 plaudere,
509 2179 753 2236 verbum
785 2177 910 2247 ejus
941 2174 1269 2232 laudantes.
1297 2176 1539 2230 Postera
1562 2187 1704 2231 vero
1734 2172 1828 2229 die

164 2273 471 2342 Hyrcanus
502 2268 574 2326 ad
608 2278 1074 2337 unumquemque
1107 2263 1259 2334 regis
1288 2263 1534 2320 amicum
1578 2276 1830 2338 pergens

163 2364 221 2417 et
244 2359 313 2416 ad
339 2362 617 2431 potentes
641 2354 811 2424 aulae,
837 2352 1111 2411 salutavit
1135 2367 1256 2410 eos.
1285 2353 1545 2433 Instante
1568 2366 1710 2409 vero
1734 2350 1828 2407 die

164 2447 342 2506 natali
376 2444 481 2502 filii
515 2444 691 2515 regis,
729 2442 1024 2515 principes
1055 2442 1177 2511 regi
1219 2439 1541 2498 offerebant
1587 2440 1657 2475 ³⁷⁸
1708 2455 1829 2515 mu_

165 2551 324 2603 nera,
361 2536 462 2607 qui
502 2533 767 2603 multum,
801 2547 915 2588 non
950 2531 1081 2603 plus
1121 2545 1289 2601 quam
1322 2530 1530 2601 viginti
1579 2529 1820 2601 talenta,

168 2629 471 2698 Hyrcanus
485 2623 557 2679 ad
576 2622 771 2693 itaque
785 2635 1088 2677 assumens
1106 2634 1321 2691 pueros
1333 2624 1388 2675 et
1406 2618 1662 2689 virgines
1677 2631 1825 2689 quos

169 2715 633 2787 comparaverat,
660 2710 823 2768 dedit
871 2709 1183 2779 unicuique
1227 2708 1510 2764 talentum
1562 2712 1819 2780 portare,

172 2809 227 2862 et
257 2818 476 2876 pueros
509 2800 742 2873 quidem
775 2798 992 2871 optulit
1015 2798 1158 2868 regi,
1186 2796 1412 2870 puellas
1436 2801 1628 2853 autem
1662 2797 1824 2853 Cleo-

176 2900 358 2966 patrze
390 2892 630 2963 reginas.
667 2889 946 2947 Omnibus
979 2888 1157 2958 igitur
1200 2886 1650 2943 muniﬁcentiam
1696 2884 1823 2955 ejus

173 2982 642 3051 ammirantibus,
676 2995 780 3036 rex
810 2979 1107 3035 bonorans
1132 2992 1263 3033 eum
1294 2975 1618 3031 liberaliter
1647 2979 1704 3031 et
1726 2975 1825 3030 do-

1940 1993 2420 2067 quinquagesimo
2478 1994 2684 2067 primo,
2731 1994 2830 2068 qui
2876 1994 3199 2054 Ptholomei
3248 2000 3578 2074 Epyphanis

1938 2088 2314 2156 computatur
2343 2083 2515 2140 etiam
2541 2083 2783 2156 primus,
2806 2083 2969 2141 Titus
2992 2084 3241 2152 Quintus
3264 2088 3579 2149 Flaminius

1938 2176 2143 2231 contra
2166 2171 2497 2245 Philippum
2527 2171 2874 2229 Macedoniae
2905 2187 3099 2244 regem
3131 2175 3343 2235 missus
3370 2180 3482 2250 est,
3517 2185 3578 2238 et

1938 2266 2073 2335 post
2097 2261 2297 2333 praelia
2323 2260 2524 2333 multa,
2557 2261 2772 2332 quibus
2804 2261 3146 2321 Macedones
3174 2265 3338 2339 vicit,
3370 2282 3575 2339 pacem

1937 2356 2205 2430 Philippo
2233 2356 2414 2427 dedit,
2442 2358 2553 2415 sub
2584 2355 2918 2415 conditione
2937 2359 3114 2416 etiam
3137 2360 3492 2421 Demetrium
3516 2364 3578 2421 fi-

1938 2445 2077 2503 lium
2111 2459 2281 2502 suum
2310 2445 2572 2503 obsidem
2605 2445 2787 2502 dedit.
2840 2447 2938 2516 (Η.
2986 2449 3085 2518 R.)
3142 2449 3576 2510 Lacedemoniis

1939 2548 2170 2607 quoque
2186 2534 2401 2591 bellum
2414 2535 2577 2592 Titus
2596 2534 2745 2591 idem
2763 2534 3319 2610 intulit,ducemque
3342 2540 3576 2600 illorum

1936 2623 2213 2679 Navidem
2243 2622 2385 2679 vicit
2414 2624 2475 2678 et
2508 2622 2721 2694 quibus
2748 2622 2934 2680 voluit
2960 2625 3395 2686 conditionibus
3425 2629 3480 2685 in
3514 2628 3580 2687 fl-

1936 2711 2064 2768 dem
2099 2709 2349 2783 accepit,
2394 2710 2613 2781 ingenti
2663 2710 2849 2782 gloria
2895 2712 3299 2787 triumphavit,
3350 2717 3574 2777 ducens

1936 2803 2069 2857 ante
2092 2813 2329 2857 currum
2353 2814 2517 2856 suum
2534 2797 2930 2858 nobilissimos
2944 2802 3199 2874 obsides,
3222 2806 3576 2866 Demetrium

1935 2888 2187 2960 Philippi
2230 2888 2411 2946 ﬁlium
2470 2891 2527 2945 et
2587 2890 2891 2947 Armenem
2950 2891 3203 2949 Navidis.
3262 2895 3577 2955 Transacto

1937 2976 2091 3034 bello
2133 2977 2519 3047 Macedonico,
2557 2966 2823 3036 secutum
2886 2983 2980 3037 est
3025 2981 3342 3053 Syriacum.
3394 2987 3577 3058 (Rieu.

173 3070 438 3127 nationes
469 3069 742 3141 copiosas
787 3071 1074 3139 prestans,
1125 3065 1278 3137 patri
1329 3069 1388 3121 et
1435 3063 1717 3120 fratribus
1765 3066 1822 3119 et
1932 3066 2002 3124 in
2020 3067 2175 3123 Dan.
2203 3066 3070 3139 —H.m.)Antiochusitaque
3088 3070 3325 3141 Magnus
3351 3087 3449 3130 rex
3483 3076 3581 3147 Sy-

171 3160 434 3217 omnibus
469 3158 916 3229 magistratibus
945 3155 1163 3226 scripta
1199 3169 1306 3226 pro
1355 3168 1424 3210 eo
1471 3151 1819 3209 transmisit.

173 3247 488 3305 Audientes
535 3258 728 3303 autem
778 3247 990 3300 fratres
1037 3244 1184 3314 ejus,
1236 3242 1376 3299 talia
1426 3256 1557 3298 eum
1609 3256 1640 3296 a
1688 3254 1825 3311 rege

177 3338 456 3394 meruisse
481 3340 692 3392 etcum
717 3348 925 3403 magno
950 3332 1166 3389 reverti
1191 3333 1409 3389 honore
1432 3330 1520 3402 ’7‘,
1548 3331 1603 3386 in
1626 3344 1830 3387 occur-

177 3439 299 3481 sum
331 3425 458 3496 ejus
500 3425 700 3495 egredi
752 3439 817 3481 se
868 3422 1229 3492 simulantes,
1283 3420 1614 3477 interficere
1664 3418 1827 3476 illum

175 3515 503 3572 omnimodo
535 3514 945 3583 decreverunt,
998 3512 1173 3567 etiam
1223 3516 1389 3582 patre
1441 3510 1681 3576 sciente,
1733 3507 1830 3579 qui

178 3610 414 3675 propter
441 3603 724 3676 pecunias
758 3617 902 3674 quas
932 3600 1056 3670 regi
1098 3599 1390 3671 optulerat
1441 3599 1834 3676 irascebatur,

178 3690 279 3748 sed
311 3707 509 3764 regem
545 3692 772 3762 timens,
822 3692 965 3748 iram
1011 3689 1261 3745 celabat.
1319 3689 1832 3746 Committentihus

185 3786 372 3837 autem
405 3782 695 3839 adversus
717 3795 847 3837 eum
882 3780 1161 3836 fratribus
1193 3793 1464 3850 pugnam,
1500 3779 1716 3835 multos
1744 3792 1835 3836 eo.

185 3882 307 3926 rum
341 3886 438 3942 qui
475 3871 871 3941 sequebantur
895 3867 1109 3924 occidit
1139 3882 1270 3923 cum
1300 3866 1532 3923 duobus
1553 3866 1834 3923 fratribus

187 3958 342 4028 suis;
374 3960 563 4016 ceteri
598 3963 789 4016 autem
822 3958 891 4014 ad
913 3963 1137 4029 patrem
1161 3955 1602 4013 Ilierosolimam
1636 3956 1833 4012 confu-

185 4052 407 4115 gerunt.
442 4048 552 4115 Qui
589 4051 895 4119 postquam
929 4045 999 4101 ad
1029 4044 1326 4102 civitatem
1348 4044 1531 4114 venit,
1573 4041 1733 4099 nullo
1768 4057 1831 4099 se

189 4136 563 4209 suscipiente,
599 4135 875 4193 discessit
904 4139 1066 4191 trans
1087 4134 1397 4190 Iordanem
1431 4131 1691 4203 fluvium,
1728 4131 1833 4187 ibi-

191 4237 299 4294 que
317 4229 669 4292 remoratus,
696 4223 1002 4294 vectigalia
1026 4222 1301 4293 exigebat
1331 4235 1363 4277 a
1397 4220 1687 4277 barbaris.
1721 4221 1834 4276 Per

192 4312 342 4369 idem
365 4319 563 4371 autem
588 4320 820 4385 tempus
842 4312 1122 4384 regnabat
1148 4312 1205 4367 in
1228 4310 1363 4367 Asia
1396 4310 1698 4381 Seleucus,
1734 4308 1831 4381 qui

193 4399 497 4461 dicebatur
538 4402 765 4473 Sother,
811 4401 969 4458 filius
1008 4398 1276 4456 Antiochi
1315 4397 1520 4468 Magni.

256 4491 580 4550 Defunctus
608 4496 699 4548 est
732 4495 925 4548 autem
949 4489 1126 4546 Onias
1154 4489 1438 4562 pontifex,
1465 4487 1620 4544 filius
1640 4487 1835 4560 Symo-

1936 3153 2057 3225 riae,
2090 3169 2220 3212 cum
2253 3169 2494 3225 regnum
2524 3155 2723 3226 generi
2754 3154 2823 3190 ³⁷⁸
2852 3157 2941 3213 sui
2975 3157 3296 3216 Ptholomei
3336 3161 3581 3235 Epipha-

1936 3243 2028 3300 nis
2064 3243 2329 3301 obtinere
2370 3258 2480 3300 non
2527 3248 2747 3315 posset,
2794 3245 2970 3301 vertit
3022 3260 3086 3303 se
3134 3247 3207 3304 ad
3257 3250 3471 3322 Asiam,
3520 3258 3582 3309 et

1938 3331 2127 3389 navali
2174 3333 2492 3390 certamine
2535 3332 2793 3390 obtinuit
2834 3333 3097 3391 Rhodum
3138 3341 3195 3393 et
3243 3336 3472 3396 Samum
3521 3346 3584 3397 et

1941 3421 2085 3478 alias
2107 3420 2325 3478 insulas
2344 3420 2577 3492 multas,
2595 3420 2804 3479 deinde
2818 3426 3023 3480 contra
3037 3424 3324 3484 Romanos
3345 3431 3583 3486 struens

1944 3509 2181 3581 bellum,
2212 3525 2286 3568 ex
2317 3510 2448 3568 Asia
2482 3511 2693 3567 transit
2740 3511 2797 3567 in
2845 3512 3151 3585 EurOpam.
3201 3516 3357 3573 Tunc
3404 3517 3581 3575 etiam

1944 3599 2228 3656 Hannibal
2266 3599 2529 3657 exhiberi
2566 3601 2802 3657 Romam
2835 3599 3033 3671 jussus
3071 3616 3102 3659 a
3150 3609 3379 3677 senatu,
3434 3606 3583 3664 clam

1943 3704 2017 3746 ex
2039 3689 2230 3746 Africa
2260 3689 2580 3761 profectus,
2605 3703 2676 3745 ne
2694 3690 2963 3747 Romanis
2981 3691 3335 3764 traderetur,
3371 3694 3440 3751 ad
3476 3696 3587 3751 An-

1947 3779 2201 3836 tiochum
2244 3778 2517 3849 migravit
2553 3778 2724 3850 eique
2764 3793 2825 3836 se
2872 3780 3209 3851 coniunxit.‘
3234 3783 3414 3851 Quem
3452 3798 3584 3841 cum

1942 3868 2095 3938 apud
2126 3866 2414 3939 Ephesum
2447 3866 2769 3925 invenisset
2793 3873 3173 3947 cunctantem
3219 3887 3348 3927 mox
3372 3872 3441 3929 ad
3467 3871 3589 3930 bel-

1943 3955 2060 4013 lum
2092 3954 2341 4027 impulit.
2379 3956 2563 4027 (Hma.
2591 3954 2629 4012 ι.
2654 3956 2691 4014 Ζ.
2725 3987 2795 3999 ο-
2824 3958 2905 4015 Η.
2934 3958 3035 4030 m.)
3067 3959 3177 4017 Sed
3208 3961 3470 4019 occurrit
3499 3962 3588 4021 eis

1943 4045 2137 4118 Scipio
2158 4045 2364 4101 Nasica
2397 4059 2527 4101 cum
2560 4044 2741 4101 fratre
2764 4061 2870 4103 suo
2889 4047 3159 4120 Scipione
3181 4050 3475 4122 Africano,
3512 4051 3591 4109 is-

1944 4133 2190 4204 demque
2213 4133 2521 4190 Africanus
2546 4133 2829 4191 familiare
2850 4134 3209 4208 colloquium
3231 4154 3361 4195 cum
3380 4139 3590 4197 Hanni-

1945 4221 2075 4279 bale
2105 4220 2329 4292 habuit,
2359 4221 2462 4279 sed
2493 4222 2710 4279 infecto
2738 4223 2994 4295 negotio,
3028 4226 3101 4282 ab
3132 4227 3420 4285 Antiocho
3475 4228 3592 4287 dis-

1943 4310 2145 4369 cessit.
2173 4309 2448 4382 Sequenti
2468 4325 2618 4368 anno
2636 4310 2787 4367 idem
2814 4311 3008 4385 Scipio
3031 4314 3339 4375 Africanus
3379 4318 3590 4375 Hanni-

1949 4401 2157 4467 balem,
2177 4400 2274 4471 qui
2298 4404 2437 4457 tunc
2450 4400 2718 4457 Antiochi
2743 4400 2920 4458 classi
2944 4408 3199 4476 preerat,
3227 4407 3417 4464 navali
3440 4423 3590 4479 prae-

1947 4488 2026 4546 lio
2055 4488 2196 4547 vicit
2225 4492 2282 4545 et
2317 4488 2579 4559 fugavit;
2615 4489 2797 4547 frater
2829 4505 3059 4563 quoque
3088 4493 3216 4564 ejus
3260 4495 3473 4553 Lucius
3518 4494 3589 4531 "7

191 4578 280 4636 nis
308 4581 457 4639 Iusti
492 4580 692 4638 fratris
724 4579 1006 4650 Eleazari,
1037 4577 1361 4635 avunculus
1390 4576 1622 4648 Iosephi
1647 4576 1836 4647 patris
1864 4644 1909 4652 _
1948 4576 2253 4636 Cornelius
2283 4577 2475 4650 Scipio
2506 4578 2710 4635 Nasica
2752 4579 2976 4652 consul,
3019 4580 3240 4640 habens
3278 4583 3336 4639 in
3367 4583 3587 4642 auxilio

199 4668 461 4742 Hyrcani,
498 4670 889 4743 principatum
921 4644 1237 4726 sacerdotii
1272 4644 1685 4737 derelinquens
1716 4664 1836 4722 filio
1864 4644 1917 4704 Ῑ)
1948 4669 2262 4738 Eumenen,
2293 4644 2475 4723 Attali
2505 4668 2662 4738 regis
2692 4644 3208 4740 fratrem,'ingenti
3233 4671 3436 4746 praelio
3478 4677 3591 4730 An-

196 4771 297 4815 suo
333 4760 584 4832 Symoni.
618 4761 881 4817 Mortuus
906 4762 998 4816 est
1030 4763 1223 4815 autem
1257 4762 1315 4814 et
1344 4756 1655 4829 Iosephus,
1686 4755 1837 4825 ejus-

196 4860 304 4917 que
325 4857 513 4906 morte
526 4849 779 4920 contigit
793 4848 1141 4905 seditionem
1155 4847 1277 4919 pati
1295 4844 1570 4919 populum
1596 4850 1837 4917 propter

196 4933 345 4994 filios
374 4940 669 5010 ejus.Nam
693 4938 1013 5009 majoribus
1035 4936 1250 4994 bellum
1271 4936 1612 5007 gerentibus
1630 4940 1834 4991 contra

194 5023 541 5098 Hyrcanum,
559 5028 842 5085 dissensit
859 5029 932 5084 ab
946 5027 1189 5084 invicem
1207 5024 1543 5096 multitudo,
1559 5027 1619 5080 et
1633 5023 1834 5095 plures

203 5113 429 5183 quidem
461 5117 777 5188 majoribus
793 5117 1075 5174 fratribus
1104 5115 1382 5173 auxilium
1408 5115 1670 5171 ferebant
1701 5127 1834 5169 cum

205 5201 464 5277 principe
497 5206 869 5263 sacerdotum
904 5206 1169 5277 Symone,
1203 5204 1301 5277 qui
1321 5205 1609 5274 cognatus
1631 5215 1835 5258 eorum

198 5294 257 5344 et
288 5291 472 5351 aﬂlnis
491 5298 637 5351 erat.
663 5296 964 5367 Hyrcanus
984 5298 1179 5350 autem
1204 5292 1508 5350 discedens
1531 5291 1603 5347 ab
1636 5290 1837 5346 Hiero-

198 5377 400 5437 solima
422 5385 589 5441 trans
610 5385 942 5455 Iordanem,
967 5381 1175 5440 turrim
1198 5381 1276 5438 ibi
1298 5380 1609 5439 aedificavit
1629 5379 1837 5437 firmis-

193 5465 390 5529 simam
421 5485 496 5531 ex
522 5471 716 5548 lapide
744 5472 901 5545 albo,
932 5476 992 5530 et
1038 5475 1222 5531 totam
1267 5484 1451 5545 usque
1499 5468 1573 5528 ad
1615 5474 1835 5528 terram
1868 5476 1873 5479 ‘

1946 4756 2206 4814 tiochum
2246 4756 2386 4814 vicit
2428 4757 2533 4829 (Cf.
2574 4758 2788 4829 Brem).
2834 4756 2941 4825 Qui
2985 4774 3186 4831 pacem
3238 4775 3471 4833 rogans,
3515 4777 3585 4819 eo

1941 4850 2074 4922 jure
2096 4851 2353 4910 obtinuit
2389 4856 2451 4909 ut
2480 4852 2648 4910 annis
2678 4851 2923 4923 singulis
2942 4853 3098 4912 mille
3120 4854 3343 4913 talenta
3366 4857 3588 4930 persol-

1945 4945 2131 5010 veret,
2154 4946 2330 5012 atque
2358 4955 2429 4997 ex
2453 4940 2585 4999 Asia
2602 4946 2662 4999 et
2688 4942 2916 5015 Europa
2941 4943 3245 5016 recedens,
3271 4944 3422 5001 intra
3444 4946 3587 5003 Tau-

1947 5044 2075 5086 rum
2109 5033 2362 5085 montem
2395 5044 2457 5086 se
2478 5030 2812 5087 contineret
2840 5036 2898 5088 et
2930 5032 3305 5090 Hannibalem
3331 5033 3587 5091 concita-

1948 5122 2134 5174 torem
2151 5115 2288 5191 belli
2304 5116 2569 5175 dederet.
2596 5118 2697 5189 (Η.
2719 5122 2824 5190 m.)
2840 5120 2947 5186 Qui
2972 5121 3197 5192 fugiens
3219 5122 3289 5178 ad
3321 5120 3585 5179 Prusiam

1947 5220 2143 5277 regem
2175 5205 2474 5277 Bythiniaa,
2499 5220 2629 5264 cum
2653 5221 2683 5264 a
2706 5208 2982 5266 Romanis
3013 5215 3440 5282 reposceretur,
3468 5225 3587 5281 jam

1947 5294 2271 5353 tradendus
2309 5308 2593 5352 venenum
2624 5294 2794 5353 bibit.
2847 5296 3172 5355 Antiochus
3222 5312 3361 5356 vero
3410 5298 3592 5357 filium

1945 5383 2226 5455 Africani,
2259 5397 2427 5455 quem
2459 5388 2652 5441 utrum
2680 5383 3082 5457 explorantem
3115 5400 3187 5443 an
3219 5386 3374 5445 bello
3401 5386 3472 5422 ’7'
3499 5402 3594 5447 ce-

1948 5474 2132 5549 pisset
2164 5472 2454 5532 incertum
2492 5475 2606 5546 est,
2649 5471 2808 5532 ultro
2846 5473 3095 5550 remisit,
3139 5473 3320 5537 ﬁlium
3358 5490 3590 5553 quoque

1530 5615 1772 5688 VARIE
1824 5626 2233 5690 LECTIONES.

264 5758 333 5803 ""
361 5783 414 5828 ο.
448 5770 570 5844 regi
599 5769 650 5827 Δ.
684 5771 739 5828 Β.
771 5767 930 5847 regis
961 5784 1015 5830 ο.
1051 5770 1137 5830 to.
1168 5771 1253 5830 11.
1285 5766 1356 5805 ’⁷⁸
1383 5767 1441 5828 h.
1475 5783 1523 5829 r.
1554 5774 1606 5829 δ.
1637 5767 1709 5806 ³⁷⁸
1732 5730 1967 5848 generis
1994 5771 2046 5832 ι.
2075 5767 2145 5809 ⁸⁷⁷
2174 5764 2410 5831 lucilius
2439 5769 2490 5830 ὅ.
2520 5770 2607 5845 9c,
2644 5770 2728 5830 10.
2760 5760 2832 5808 ³⁷⁸
2861 5778 2933 5832 an
2962 5768 3019 5831 in
3052 5764 3207 5833 bello
3235 5769 3322 5832 9c.
3360 5740 3363 5741 ν
