3932 6426
398 480 401 481 ν
429 436 545 496 623

1592 425 2076 488 EKKEHARDI
2121 424 2677 489 URAUGIENSIS

3720 431 3828 494 624

430 586 596 628 suum
622 567 967 625 Antiochum
1001 564 1262 621 obsidem
1296 561 1476 618 dedit.
1514 561 1706 633 Scipio
1731 560 1935 617 Nasica
1967 561 2077 617 Ro-
2106 557 2161 617 A
2191 560 2488 617 civitatem
2522 560 2691 618 duxit
2720 560 3065 617 exercitum.
3099 560 3222 627 Quo
3265 562 3632 636 perveniens,
3677 568 3831 639 cepit

430 674 577 716 mam
603 657 856 725 rediens,
892 653 1111 723 ingenti
1147 652 1330 722 gloria
1375 650 1759 721 triumphavit
1791 664 1993 705 nomen
2017 655 2077 704 et

431 750 554 820 ipse
600 746 672 802 ad
722 743 1103 799 imitationem
1148 740 1347 796 fratris
1392 740 1664 810 Asianus,
1708 738 1841 810 quia
1884 738 2076 794 Asiam

428 838 585 905 vicit,
604 834 852 905 accepit.
880 831 1146 902 Philippo
1162 835 1355 886 autem
1375 829 1751 885 Macedonum
1767 827 1915 895 regi,
1943 827 2074 896 quia

428 931 631 984 contra
662 923 1012 979 Antiochum
1047 919 1320 974 Romanis
1355 918 1573 975 auxilio
1610 918 1738 989 fuit,
1773 917 1927 973 ﬁlius
1976 920 2080 971 Dc-

427 1012 760 1071 metriusm
793 1011 1063 1067 redditus
1086 1014 1199 1066 est.
1230 1008 1437 1077 ([IlER.)
1465 1007 1708 1064 Plautus
1731 1021 1805 1062 ex
1842 1005 2075 1062 Umbria

426 1104 674 1175 Arpinas
699 1104 894 1157 Romze
928 1100 1177 1157 moritur
1211 1101 1319 1154 hoc
1357 1103 1641 1168 tempore,
1696 1098 1792 1167 qui
1839 1099 2079 1167 propter

423 1206 665 1248 annona)
691 1190 1092 1246 difficultatem
1117 1189 1186 1244 ad
1214 1187 1396 1243 molas
1428 1186 1758 1242 manuarias
1796 1185 2076 1256 pistorem

424 1297 483 1339 se
509 1281 829 1349 locaverat,
866 1279 962 1335 ubi
1003 1278 1274 1349 quotiens
1296 1278 1367 1332 ab
1397 1290 1574 1347 opere
1598 1278 1891 1337 vacasset,
1920 1273 2080 1328 fabu-

422 1372 507 1427 las
527 1370 787 1425 scribere
803 1384 868 1425 ac
883 1368 1135 1423 vendere
1151 1368 1359 1422 solitus
1388 1364 1705 1421 erat.Titus
1740 1362 1932 1417 Livius
1966 1366 2080 1416 tra-

422 1461 722 1530 gediarum
757 1459 1014 1529 scriptor
1043 1458 1240 1513 clarus
1289 1456 1618 1511 habebatur
1666 1467 1736 1507 eo
1793 1457 2075 1519 tempore,
2128 1496 2133 1499 ,

425 1549 522 1621 qui
553 1552 628 1605 ob
663 1549 872 1618 ingenii
909 1547 1176 1603 meritum
1212 1560 1240 1600 a
1276 1544 1434 1599 Livio
1464 1558 1493 1599 a
1528 1542 1877 1609 Salinatore,
1911 1539 2080 1608 cujus

424 1642 643 1695 liberos
674 1637 1004 1706 erudiebat,
1041 1635 1301 1690 libertati
1331 1633 1582 1689 donatus
1609 1635 1720 1687 est.

485 1749 617 1795 Alex.
653 1745 836 1792 Maccd.
932 1746 1038 1804 Syr.

422 1887 440 1898 ,
530 1839 560 1891 1·
710 1835 775 1888 16
959 1835 1017 1886 9.1
1176 1830 1388 1898 (Πιεῐι.)
1428 1826 1811 1883 Ptholomeus
1839 1824 2082 1896 Epipha-

424 1939 525 1979 nes
553 1921 819 1990 regnavit
850 1919 1214 1975 Alexandriae
1241 1918 1404 1973 annis
1443 1919 1529 1972 24.

496 2032 595 2099 (Η.
631 2045 705 2085 m.
744 2030 861 2083 Hoc
894 2032 1157 2097 tempore
1191 2024 1384 2095 Scipio
1410 2024 1716 2078 Africanus
1738 2023 1810 2077 ab
1848 2022 2076 2090 ingrata

398 2120 530 2176 sibi
574 2120 717 2175 urbe
761 2120 1011 2172 Romana
1054 2115 1150 2170 diu
1194 2114 1454 2183 exulans,
1499 2111 1651 2183 apud
1715 2111 2074 2166 Amiternum

423 2209 660 2279 cpidum
690 2208 892 2261 morbo
919 2204 1111 2276 periit,
1139 2208 1192 2258 et
1218 2202 1529 2273 sepulchro
1556 2217 1660 2257 suo
1694 2198 1934 2255 inscribi
1956 2199 2077 2269 jus-

430 2298 505 2352 sit
532 2315 544 2353 :
578 2298 832 2367 [ngrata
850 2296 1087 2365 patria,
1118 2308 1190 2348 7w
1206 2306 1337 2349 ossa
1366 2291 1604 2362 evident
1632 2304 1761 2346 mea
1801 2287 2000 2344 Ital/es.

500 2407 563 2459 1'7
746 2407 812 2457 32
996 2406 1017 2454 1
1175 2400 1469 2468 Seleucus,
1489 2397 1901 2468 quietSother,
1923 2394 2077 2450 filius

424 2491 691 2547 Antiochi
722 2488 1225 2560 l‘ilagni,_regnavit
1258 2486 1624 2543 Alexandria)
1656 2484 1725 2517 ²⁸⁰
1769 2485 1934 2539 annis
1975 2498 2075 2539 une

422 2582 627 2636 decim.
667 2580 767 2634 llic
798 2580 1079 2633 instinctu
1132 2576 1434 2646 cujusdam
1469 2574 1747 2644 Symouis,
1801 2572 1898 2643 qui
1946 2574 2071 2627 erat

425 2669 761 2740 prepositus
779 2667 975 2736 templi
998 2664 1671 2733 liicrosolimitani,misit
1699 2660 2072 2717 Heliodorum

422 2759 492 2812 ad
528 2773 596 2813 au
609 2756 877 2811 ferendas
898 2755 1192 2826 pecunias,
1218 2756 1311 2823 qui
1339 2757 1651 2823 correptus
1673 2757 1767 2807 est
1785 2764 1815 2805 a
1836 2752 1973 2817 Deo,
2011 2752 2070 2803 ut

421 2846 475 2900 in
513 2846 960 2899 Machabeorum
1005 2842 1218 2911 legitur
1258 2841 1428 2897 libro.

529 2958 550 3005 1
595 2950 663 2983 εει
695 2953 764 3005 40
942 2953 974 3001 9
1087 2950 1292 3019 (Πιειι.)
1336 2948 1715 3004 Ptholomeus
1774 2946 2073 3015 Phylome-

528 3046 560 3095 2
708 3042 763 3093 fit
921 3044 990 3093 10
1168 3041 1283 3107 tor,
1319 3038 1610 3092 secundus
1635 3036 1789 3090 filius
1814 3035 2074 3109 Epypha-

527 3135 557 3183 3
706 3132 771 3183 42
924 3133 975 3181 11
1169 3128 1257 3182 nis
1288 3126 1553 3195 regnavit
1586 3125 1953 3180 Alexandrize
1978 3138 2073 3178 au-

426 3219 512 3275 nis
534 3223 671 3289 335,11
698 3216 1122 3272 restauratioue
1152 3216 1352 3285 templi
1382 3230 1529 3270 anno
1556 3214 1848 3275 tricesimo
1884 3216 1995 3268 43°.

526 3330 557 3380 4
744 3330 762 3378 1
954 3330 975 3378 1

492 3417 557 3467 13
705 3416 772 3466 10
918 3416 986 3465 10
1168 3411 1279 3466 lius
1319 3410 1594 3480 Philippi,
1638 3409 1903 3478 regnavit
1964 3409 2074 3463 Ma-

417 3501 672 3556 cedoniae
703 3499 871 3555 anuis
904 3504 988 3553 10.
1024 3530 1093 3538 -
1125 3499 1445 3554 Antiochus
1482 3500 1829 3568 Epiphanes,
1877 3497 1929 3551 id
1980 3500 2068 3551 est

418 3590 689 3657 illustris,
718 3589 898 3643 frater
927 3587 1172 3656 Seleuci,
1212 3588 1366 3643 filius
1402 3587 1630 3641 scilicet
1664 3585 1929 3641 Antiochi
1964 3587 2072 3639 Ma-
2118 3642 2131 3665 ε

417 3678 534 3747 gni,
569 3683 701 3747 post
738 3682 980 3731 mortem
1008 3676 1208 3731 fratris
1230 3678 1317 3731 sui
1348 3676 1572 3730 Seleuci
1605 3676 1869 3743 regnavit
1896 3675 1949 3729 in
1976 3677 2073 3745 Sy-

420 3770 502 3820 ria
526 3767 689 3821 annis
712 3770 795 3820 1’2.
824 3765 1006 3835 Ilujus
1030 3780 1290 3819 sororem
1317 3764 1679 3834 Cleopatram
1707 3765 1910 3819 habuit
1936 3778 2072 3819 uxo-

420 3869 539 3909 rem
576 3855 970 3921 Ptliolonicus,
1006 3853 1101 3922 qui
1137 3858 1195 3907 et
1225 3853 1351 3923 ipse
1371 3853 1677 3907 dicebatur
1701 3852 2064 3923 Epyphanes,

419 3943 489 3998 de
515 3959 625 4013 qua
654 3944 800 3997 duos
824 3942 974 3998 ﬁlios
1001 3942 1245 4011 accepit,
1280 3942 1699 4012 quosmoriens
1724 3942 1911 3997 adhuc
1945 3956 2070 4012 par-

417 4032 583 4088 vulos
619 4032 873 4102 reliquit.
913 4032 1169 4098 Quorum
1204 4033 1403 4101 major,
1433 4032 1529 4101 qui
1554 4037 1612 4086 et
1636 4047 1741 4103 pro
1765 4047 1833 4086 eo
1867 4045 2069 4101 regna-

416 4123 518 4187 vit,
546 4121 916 4192 l’hylometor
954 4122 1380 4192 alterthscon
1397 4122 1721 4177 dicebatur.
1748 4120 2069 4176 Antiochus

417 4218 631 4279 autem,
659 4226 764 4267 suo
791 4226 971 4281 regno
998 4227 1109 4267 non
1129 4217 1461 4279 contentus,
1493 4211 1817 4267 exercitum
1854 4210 2068 4265 ducere

418 4300 761 4355 deliberavit
797 4301 850 4355 in
884 4302 1212 4372 .Iligyptum,
1246 4307 1471 4357 tractus
1502 4300 1797 4356 desiderio
1826 4300 1974 4369 ejus,
2008 4302 2069 4352 et

418 4396 835 4461 contempnens
851 4391 1002 4447 ﬁlios
1019 4392 1240 4446 sororis
1255 4406 1375 4446 suae
1392 4390 1557 4461 quasi
1574 4390 1801 4445 debiles
1814 4404 1880 4443 ac
1906 4392 2069 4442 tanta

415 4479 646 4546 negotia
682 4495 886 4548 regere
915 4495 1026 4535 non
1058 4480 1450 4551 prevalentes.
1484 4477 1839 4533 Perveniens
1890 4477 2070 4545 igitur

418 4569 486 4623 ad
512 4567 802 4624 Pelusium
825 4585 954 4624 cum
982 4584 1183 4639 magna
1208 4570 1451 4633 virtute,
1473 4568 1723 4638 doloque
1747 4567 2071 4622 circumve-

2109 1959 2161 2017 B

2190 664 2314 707 eam
2347 652 2472 707 sine
2504 652 2875 707 conﬂictione
2907 650 3176 723 alicujus,
3210 653 3613 723 aperientibus
3634 656 3686 712 ei
3707 672 3831 729 por-

2191 744 2281 794 tas
2310 740 2401 796 his
2435 740 2530 810 qui
2562 741 2887 796 voluntatis
2906 741 3032 810 ejus
3052 744 3218 796 erant
3239 742 3479 813 conscii,
3514 743 3831 814 ingressus-

2191 842 2303 897 que
2333 829 2653 900 civitatem,
2687 830 2905 886 multos
2934 830 3225 885 interfecit
3252 831 3361 886 sibi
3385 834 3679 890 contraria
3712 849 3832 891 sen-

2190 916 2440 979 tientes;
2467 919 2568 973 sed
2591 924 2649 973 et
2672 933 2773 974 eos
2797 919 2960 990 ipsos
2980 920 3075 990 qui
3096 919 3457 976 eicivitatem
3476 930 3826 993 aperuerunt

2192 1012 2434 1077 propter
2462 1007 2699 1063 divitias
2735 1008 2934 1080 templi
2969 1008 3206 1079 occidit,
3258 1010 3595 1082 faciensque
3641 1015 3827 1070 omnia

2190 1094 2340 1151 mala
2391 1095 2487 1151 illa
2536 1111 2662 1166 qua;
2711 1096 2767 1152 in
2818 1097 3255 1153 Machabeorum
3305 1100 3562 1170 hystoria
3613 1102 3828 1173 scripta

2191 1190 2347 1254 sunt,
2384 1184 2581 1240 multis
2613 1188 2683 1241 de
2714 1187 2932 1257 templo
2962 1186 3194 1258 ablatis,
3229 1201 3501 1245 reversus
3527 1194 3613 1245 est
3639 1190 3831 1246 Antio:

2189 1274 2398 1329 chiam.
2434 1274 2618 1341 (Ηιεη.
2652 1277 2719 1332 in
2749 1277 2929 1346 Dan.)
2962 1279 3100 1333 Post
3134 1276 3423 1333 biennium
3455 1293 3596 1335 vero
3629 1295 3827 1337 rursus

2136 1378 2145 1379 ί
2192 1368 2398 1418 contra
2422 1365 2823 1421 Ptholomeum
2849 1367 3577 1438 congregavitexereitum,
3595 1375 3655 1424 et
3680 1371 3828 1425 venit

2193 1452 2619 1509 Alexandriam.
2659 1457 2915 1525 Cumque
2953 1453 3068 1511 duo
3120 1456 3353 1526 fratres,
3400 1457 3723 1514 Ptholomei
3772 1464 3824 1514 et

2194 1540 2516 1611 Cleopatrae
2548 1542 2668 1613 filii,
2706 1559 2947 1613 quorum
2979 1543 3301 1601 avunculus
3327 1549 3452 1601 erat
3494 1547 3825 1616 Antiochus,

2193 1630 2571 1687 obsiderentu
2585 1647 2610 1686 r
2633 1631 3020 1703 Alexandriae,
3040 1635 3273 1689 Romam
3288 1634 3571 1690 miserunt
3586 1634 3825 1704 legatos.

2195 1720 2331 1774 Cum
2366 1724 2556 1775 autem
2587 1722 2972 1778 Romanorum
3024 1721 3198 1791 legati
3245 1723 3542 1779 venissent
3593 1723 3831 1780 Alexan-

2194 1806 2398 1877 driam,
2437 1824 2679 1878 quorum
2714 1826 2865 1866 unus
2895 1818 3021 1866 erat
3041 1813 3268 1868 Marcus
3291 1812 3609 1883 Pompilius
3633 1812 3829 1877 Lenas,

2190 1901 2252 1955 (ιι
2283 1894 2643 1953 invenissent
2668 1913 2797 1954 eum
2828 1904 3080 1955 stantem
3114 1899 3169 1955 in
3222 1899 3412 1970 litore,
3460 1906 3831 1958 senatuscon-

2195 1984 2412 2040 sultum
2437 1986 2725 2043 dederunt
2748 1988 2819 2057 ei,
2848 1988 3294 2058 quojubebatur
3316 1990 3389 2045 ab
3407 1989 3606 2046 amicis
3635 1989 3830 2063 populi

2193 2075 2433 2130 Romani
2489 2076 2794 2131 discedere
2850 2081 2909 2131 et
2941 2092 3045 2133 suo
3070 2077 3312 2148 imperio
3340 2081 3651 2134 contentus
3682 2093 3827 2136 esse.

2194 2164 2299 2229 Qui
2330 2180 2459 2219 eum
2496 2166 2933 2236 responsionem
2964 2166 3035 2221 ad
3055 2166 3368 2223 amicorum
3390 2166 3694 2223 consilium
3718 2168 3830 2224 dis-

2192 2252 2447 2321 tulisset,
2485 2255 2682 2308 orbem
2717 2255 2925 2309 fecisse
2960 2255 3145 2310 fertur
3176 2255 3231 2309 in
3262 2269 3433 2311 arena
3464 2270 3593 2310 cum
3624 2256 3828 2313 baculo

2191 2357 2358 2411 quem
2391 2345 2630 2398 tenebat
2661 2358 2851 2412 manu,
2883 2348 2941 2398 et
2970 2344 3395 2414 conscripsisse
3429 2358 3619 2413 regem
3658 2350 3829 2401 atque

2190 2429 2408 2486 dixisse
2434 2451 2445 2485 :
2464 2433 2727 2489 Senatus
2749 2434 2808 2488 et
2818 2434 3074 2504 papulas
3099 2434 3393 2489 Romanus
3410 2434 3752 2504 precari-unt
3766 2436 3831 2490 ut

2186 2521 2245 2574 in
2276 2520 2390 2576 isto
2424 2522 2543 2578 loco
2571 2523 2928 2591 respondeas
2957 2522 3110 2592 quid
3137 2521 3375 2578 consilii
3385 2536 3583 2592 geras.
3610 2522 3827 2588 Quibus

2188 2608 2364 2663 dictis
2396 2609 2522 2679 ipse
2547 2609 2920 2680 perterritus,
2947 2611 3024 2665 ait
3054 2612 3166 2666 :Sz’
3186 2610 3756 2681 kocplacetsemztui
3777 2612 3833 2668 et

2174 2697 2395 2768 populo
2419 2699 2701 2767 Romam,
2726 2699 3116 2756 recedendum
3140 2700 3242 2756 est.
3262 2700 3325 2754 Et
3342 2699 3537 2755 statim
3562 2700 3821 2757 recessit.

2254 2788 2365 2840 Per
2399 2786 2548 2841 idem
2576 2792 2829 2857 tempus,
2861 2793 2918 2843 ut
2941 2788 3229 2858 Josephus
3253 2788 3442 2857 (χιι,ολ
3468 2788 3694 2858 scribit,
3735 2789 3828 2844 de-

2185 2876 2419 2931 functus
2449 2880 2540 2931 est
2564 2877 2759 2946 Onias,
2785 2876 2940 2933 filius
2959 2877 3244 2947 Symonis,
3269 2878 3538 2949 princeps
3569 2878 3833 2934 sacerdo-

2186 2969 2328 3034 tum,
2363 2965 2698 3034 relinquens
2732 2965 2907 3021 filium
2944 2966 3243 3037 parvulum
3279 2966 3500 3022 Oniam.
3532 2966 3692 3022 Unde
3726 2970 3833 3023 An-

2185 3054 2418 3109 tiochus
2458 3055 2624 3109 fratri
2673 3056 2800 3124 ejus
2848 3057 3021 3111 Jhesu
3078 3055 3464 3126 principatum
3511 3056 3827 3113 sacerdotii

2186 3142 2455 3211 contulit,
2493 3157 2661 3213 quem
2696 3149 2900 3213 postea
2930 3145 3116 3201 iratus
3143 3144 3382 3217 abstulit
3414 3151 3474 3200 et
3499 3144 3713 3214 juniori
3742 3160 3831 3201 eo.

2187 3247 2312 3286 rum
2349 3231 2514 3285 lratri
2550 3232 2707 3287 Onias
2741 3233 2862 3288 sive
2912 3233 3145 3288 Ananiae
3195 3233 3375 3288 dedit.
3429 3232 3637 3289 Habuit
3683 3234 3828 3289 enim

1099 3322 1239 3391 (Jos,
1284 3338 1385 3393 xn,
1420 3326 1470 3390 εδ,
1508 3329 1661 3392 sqq.)
1703 3323 1976 3389 Perseus,
2014 3321 2075 3375 ﬁ-
2104 3318 2152 3380 C
2188 3320 2416 3389 Symon,
2455 3323 2515 3375 ut
2541 3320 2922 3391 prediximus,
2951 3326 3075 3377 tres
3100 3320 3270 3391 filios,
3296 3322 3367 3377 ad
3391 3336 3538 3392 quos
3569 3322 3829 3378 sacerdo-

2185 3408 2254 3462 tii
2291 3408 2653 3479 principatus
2683 3410 2887 3466 orcine
2920 3411 3078 3466 dicto
3104 3410 3386 3481 pervenit.
3411 3411 3621 3467 Jhesus
3637 3416 3827 3468 autem

2183 3499 2453 3552 Jasonem
2488 3512 2549 3553 se
2575 3498 2912 3567 nominavit,
2943 3499 3117 3556 Onias
3138 3514 3278 3556 vero
3302 3500 3424 3556 sive
3456 3501 3705 3556 Ananias
3726 3500 3831 3556 Me-

2186 3586 2390 3642 uelaus
2421 3592 2514 3642 est
2548 3592 2941 3658 nuncupatus,
2978 3594 3038 3644 ut
3070 3589 3359 3660 Josephus
3405 3589 3563 3645 dicit.
3618 3589 3827 3645 Deinde

2187 3676 2485 3745 subjungit
2522 3675 2671 3734 idem
2704 3679 3015 3749 Josepbus,
3048 3679 3302 3748 Jhesum,
3338 3678 3392 3734 id
3425 3683 3512 3734 est
3541 3679 3825 3748 Jasonem,

2185 3765 2348 3835 prius
2383 3766 2747 3820 sacerdotem
2769 3773 2971 3821 centra
3002 3766 3312 3821 Menelaum
3337 3765 3678 3822 seditionem
3698 3782 3828 3823 con-

2182 3854 2420 3923 citasse,
2454 3854 2819 3925 eundemque
2851 3854 3165 3911 Menelaum
3187 3871 3316 3911 cum
3342 3855 3464 3912 suis
3485 3855 3824 3925 fautoribus,

2184 3942 2389 3998 relicta
2424 3943 2705 4012 religione
2738 3950 3000 4016 paterna,
3036 3960 3095 4000 se
3128 3945 3197 4000 ad
3243 3944 3584 4001 Antiochum
3627 3952 3828 4001 contu-

2182 4031 2345 4099 lisse,
2381 4030 2663 4102 illumqnc
2697 4037 2902 4089 contra
2934 4033 3166 4088 Judzeos
3198 4033 3494 4101 incitasse,
3520 4038 3579 4088 et
3600 4038 3733 4104 post
3757 4034 3826 4088 ab

2182 4120 2472 4176 Antiocho
2502 4122 2737 4191 juniore
2772 4136 3055 4193 persuasu
3120 4122 3299 4191 Lysiae
3333 4122 3617 4178 occidisse
3646 4120 3729 4176 ³⁸³.
3769 4122 3824 4176 lu

2183 4210 2397 4279 quibus
2419 4210 2617 4267 verbis
2640 4211 2872 4267 videtur
2891 4211 3176 4282 Iosephus
3197 4211 3269 4266 ab
3292 4211 3551 4281 hysteria
3576 4211 3828 4266 libriMa-

2181 4300 2531 4355 chabeorum
2565 4299 2922 4370 discrepare,
2959 4299 3013 4353 in
3047 4313 3161 4369 qua
3192 4300 3443 4355 refertur
3477 4300 3564 4369 (ll,
3588 4302 3638 4368 3,
3674 4302 3825 4371 sqq.)

2184 4388 2338 4456 quod
2372 4388 2665 4443 Menelaus
2700 4390 2880 4444 frater
2916 4388 3092 4444 fuerit
3119 4387 3416 4456 cujusdam
3451 4387 3709 4457 Symonis
3756 4388 3825 4442 de

2183 4478 2343 4532 tribu
2375 4476 2690 4547 Benjamin,
2726 4477 2823 4546 qui
2856 4476 2959 4531 fuit
2993 4476 3332 4547 propositus
3365 4474 3579 4547 templi,
3614 4475 3824 4546 quique

2183 4566 2371 4621 adhuc
2424 4565 2657 4621 vivente
2706 4564 2971 4635 SCltUCO,
3034 4565 3213 4620 fratre
3271 4563 3533 4620 Antiochi
3590 4568 3823 4635 propter

414 4657 1065 4727 niensPhylometorem
1081 4659 1576 4727 consanguineum
1604 4671 1794 4723 suum,
1820 4670 2070 4726 occupa-
2097 4680 2151 4742 D
2184 4655 2379 4712 odium
2413 4654 2571 4710 Oniaz
2603 4654 2933 4710 sacerdotis
2966 4653 3075 4710 sibi
3110 4652 3459 4723 resistentis,
3493 4668 3561 4709 ne
3606 4651 3822 4722 aliquid

412 4747 494 4802 vit
515 4748 919 4817 zEgyptum.Et
939 4763 1069 4803 cum
1087 4748 1305 4803 adisset
1322 4748 1452 4803 loca
1469 4745 1851 4816 Memphiticm
1868 4745 2071 4800 civita-

412 4836 513 4905 tis,
539 4836 858 4906 cepiteam,
889 4837 1022 4891 dein
1045 4836 1112 4868 2⁸³
1135 4841 1341 4892 contra
1370 4835 1799 4905 Alexandriam,
1828 4839 1892 4891 ut
1914 4834 2071 4891 obsi-

414 4926 583 4981 deret
609 4924 1031 4994 Ptholomeum,
1059 4926 1229 4993 cujus
1262 4930 1387 4980 erat
1418 4924 1765 4995 avunculus,
1791 4923 2066 4993 tetendit,

414 5015 514 5069 sed
554 5030 655 5085 per
675 5014 855 5069 duces
886 5014 1211 5068 Ptholomei
1248 5014 1451 5084 pulsus
1480 5019 1565 5070 est
1602 5029 1711 5070 non
1761 5014 1947 5069 solum
1993 5013 2066 5068 ab

413 5102 1003 5171 Alcxandria,verum
1037 5102 1210 5156 etiam
1246 5108 1365 5157 tota
1418 5104 1771 5174 rEgypto(Cf,
1798 5104 1957 5158 HIER.
2004 5102 2069 5156 in

410 5192 616 5261 Dum),
651 5191 792 5263 (Jos.
831 5192 868 5249 Ζ.
907 5191 971 5260 Ζ.)
1005 5191 1143 5246 Inde
1177 5206 1470 5263 reversus,
1507 5194 1577 5249 ad
1619 5191 2064 5248 “ierosolimam

2183 4743 2318 4800 mali
2343 4743 2776 4799 machinaretur
2798 4743 2853 4797 in
2869 4743 3130 4813 civitate,
3149 4741 3341 4797 effecit
3361 4747 3420 4798 ut
3434 4740 3822 4797 Heliodorusa

2185 4833 2428 4889 Seleuco
2445 4832 3240 4888 mittereturHierosolimam
3254 4830 3326 4886 ad
3356 4829 3697 4887 auferendas
3729 4844 3823 4901 pe-

2183 4922 2387 4979 cunias
2429 4922 2501 4978 de
2527 4921 2763 4993 templo.
2791 4920 3047 4987 Quicum
3070 4920 3314 4976 territus
3333 4919 3566 4990 rediret,
3614 4918 3820 4990 Symou

2184 5026 2295 5068 non
2329 5010 2580 5066 cessavit
2617 5010 2765 5065 male
2789 5009 2946 5081 loqui
2981 5009 3049 5067 de
3080 5008 3242 5078 Onia,
3264 5007 3634 5078 etinstigavit
3656 5006 3822 5079 Apol-

2183 5100 2401 5156 lonium
2435 5099 2642 5155 ducem
2674 5104 2881 5156 contra
2903 5114 3053 5155 eum.
3081 5097 3302 5163 Quibus
3324 5096 3421 5152 ille
3442 5096 3672 5165 cedens,
3695 5109 3821 5150 con«

2181 5188 2320 5246 tulit
2351 5204 2413 5245 se
2443 5189 2516 5245 ad
2549 5201 2761 5260 regem,
2799 5192 2861 5245 ut
2892 5187 3019 5259 ejus
3038 5184 3373 5244 defensioue
3394 5191 3557 5243 tutus
3582 5184 3812 5243 viveret.

1769 5372 2004 5427 VARIrE
2065 5368 2469 5429 LECTIONES.

485 5534 552 5568 :79
585 5533 852 5592 demeti-ii
887 5539 935 5589 δ.
971 5537 1057 5589 9c.
1091 5532 1160 5565 ²⁸⁰
1188 5533 1276 5589 ita.
1311 5537 1358 5588 4.
1394 5536 1443 5586 5.
1478 5535 1554 5601 οο,
1594 5534 1677 5586 10.
1711 5530 1889 5601 Syrias
1925 5535 2008 5587 11.
2044 5532 2113 5566 ’8‘
2144 5532 2213 5588 in
2246 5536 2296 5587 5.
2340 5530 2576 5587 numeri
2627 5532 2792 5583 1—11
2850 5526 2945 5601 bis
2982 5526 3197 5599 scripti
3240 5525 3520 5601 sunt,_z'n
3565 5526 3669 5601 9_°._
3691 5534 3818 5601 vero

416 5608 610 5678 antra,
639 5610 911 5664 colum/2a
933 5606 1155 5675 quarta
1176 5596 1689 5679 αιίίίὶιαρηζσαὶξτινρ
1715 5596 2046 5679 Alexander
2070 5609 2199 5659 1—1
2216 5608 2264 5674 1,
2288 5603 2428 5679 1114.
2455 5601 2690 5679 nomen}
2711 5602 2906 5670 2-13,
2926 5596 3154 5668 41-10,
3172 5596 3717 5679 10-1οιἰεεωιι;ᾀῃ
3732 5600 3813 5652 10.

414 5682 553 5735 item
585 5668 1095 5750 i—t3,:—40‘—_10,
1126 5680 1352 5732 10-10.
1387 5668 1454 5750 fit"
1478 5668 1696 5730 deinde
1728 5678 1807 5731 9ο.
1840 5672 1909 5709 ²⁸³
1938 5675 2030 5734 ita
2060 5689 2208 5750 quos
2236 5668 2368 5733 eidz'
2399 5672 2623 5731 codices
2636 5674 2779 5744 fere
2804 5668 3043 5744 οφπηθεί
3069 5670 3329 5728 occisum
3357 5682 3487 5728 esse
3533 5668 3817 5727 occidisse

415 5751 603 5809 altera
632 5747 913 5808 vocabulo
942 5747 1126 5806 deleto
1156 5751 1243 5821 10,
1276 5747 1535 5804 occisum
1566 5760 1698 5805 esse
1729 5749 1812 5805 11.
