3932 6408
118 387 241 450 625

1031 386 1464 453 CHRONICA.
1497 421 1578 436 —
1608 382 2083 452 CHRONICON
2133 387 2680 456 UNIVERSALE.

3430 385 3581 456 626-

119 522 268 580 Post
291 523 546 580 mortem
572 535 712 579 vero
743 520 968 580 Seleuci
1001 538 1130 580 cum
1158 528 1429 594 regnaret
1462 525 1640 579 frater
1663 522 1789 593 ejus
1818 524 1873 586 Α
1905 523 2114 592 fuerat,
2149 529 2501 596 emundavit,
2539 545 2689 586 anno
2723 530 3040 586 centesimo
3063 529 3540 602 quinquagesimo

122 612 484 682 Antiochus,
510 613 617 668 hoc
651 613 803 683 quod
840 613 909 669 de
950 615 1089 670 Onia
1112 615 1368 670 Manelao
1389 614 1677 684 Josephus
1709 618 1790 669 te-

125 705 348 772 statur,
376 702 435 756 in
462 702 845 773 hachystoria
872 702 944 771 (c.
975 705 1026 776 4)
1045 704 1113 759 de
1129 706 1359 773 Iasone,
1397 705 1575 758 fratre
1608 703 1786 772 Onize,

127 796 435 846 narratur.
486 792 588 847 llic
620 791 770 846 enim
807 794 1000 861 Jason,
1038 794 1134 863 qui
1181 797 1232 849 et
1267 794 1493 861 Jhcsus,
1526 792 1791 848 collectis

126 877 350 950 impiis,
396 878 743 934 Antiochum
797 879 961 948 adiit,
996 879 1300 950 ejectoque
1336 896 1436 951 per
1491 881 1788 951 pecuniam

125 968 314 1024 fratre
350 967 522 1036 Onia,
540 968 930 1024 sacerdotium
953 969 1199 1040 accepit,
1219 975 1276 1024 et
1302 974 1538 1040 accepta
1556 969 1789 1024 licentia

127 1061 192 1113 ut
215 1057 587 1128 gymnasium
612 1057 1012 1114 Hierosolimis
1034 1059 1374 1127 aedificaret,
1396 1057 1463 1113 ad
1486 1059 1635 1114 ritus
1656 1073 1791 1126 gen-

125 1147 272 1201 tium
311 1145 527 1201 relicta
557 1146 836 1215 religione
861 1163 922 1201 se
950 1146 1271 1201 transtulit.
1308 1149 1440 1202 Post
1478 1147 1788 1202 triennium

127 1234 290 1290 misit
311 1236 495 1290 Jason
523 1235 856 1304 Menelaum,
885 1235 1119 1289 fratrem
1147 1235 1409 1303 Symonis
1442 1233 1786 1304 supradicti,

127 1328 468 1393 portantem
510 1323 811 1394 pecuniam
839 1324 1042 1391 regi’“
1060 1339 1163 1393 pro
1189 1323 1516 1378 sacerdotio
1547 1323 1791 1394 promis-

128 1425 273 1480 sam,
302 1411 539 1466 scilicet
566 1413 880 1481 quingenta
917 1411 1229 1480 nonaginta
1266 1412 1502 1479 talenta,
1531 1412 1632 1466 sed
1667 1412 1789 1483 ipse

128 1501 446 1568 Menelaus,
487 1501 835 1571 promittens
878 1501 1066 1556 adhuc
1115 1506 1410 1556 trecentas
1441 1501 1619 1555 libras
1645 1501 1785 1570 regi,

125 1590 835 1662 Jasonemsubplantavit.
861 1591 950 1646 Sic
974 1593 1168 1658 lason,
1203 1591 1297 1660 qui
1319 1591 1554 1644 fratrem
1587 1589 1787 1644 Oniam

129 1679 378 1751 expulit,
399 1679 524 1750 ipse
546 1684 671 1751 post
690 1679 972 1751 expulsus
993 1678 1061 1733 de
1079 1679 1286 1750 patria,
1306 1679 1619 1733 secundum
1637 1677 1787 1747 quod

129 1770 341 1839 dignus
365 1774 520 1837 erat,
554 1769 685 1824 exul
736 1769 930 1839 periit.
982 1767 1273 1823 Menelaus
1299 1773 1488 1822 autem
1515 1782 1640 1821 eum
1677 1783 1786 1820 non

1904 616 2180 672 secundo.
2212 617 2465 675 Audiens
2482 620 2654 675 etiam
2680 621 3066 676 Romanorum
3090 621 3384 688 virtutem,
3413 618 3552 674 ami-

1903 704 2081 759 cicias
2105 707 2409 763 fmderavit
2434 726 2563 764 cum
2600 711 2684 764 eis
2708 716 2764 764 et
2799 711 3159 766 societatem.
3199 712 3332 764 Post
3369 707 3545 764 multa

1905 790 2132 848 demum
2161 797 2626 866 prarliafelieiter
2648 804 2811 868 gesta
2842 814 3102 870 pugnans
3121 801 3323 852 contra
3353 795 3548 850 Baebi-

1904 878 2052 948 dem,
2084 884 2352 939 Demetrii
2382 887 2720 958 principem,
2757 889 2970 943 multos
3015 886 3325 953 interfecit,
3353 884 3578 958 etipse.

1905 969 2196 1027 occiditur
2237 988 2385 1029 anno
2420 977 2919 1046 quinquagesimo,
2957 991 3084 1030 cum
3124 977 3547 1043 regerctp0pu-

1906 1055 2592 1135 lumann(:»s‘357quinque.
2623 1067 2722 1121 Cui
2761 1065 3082 1121 succedens
3105 1066 3284 1118 frater
3316 1061 3547 1129 cjuslo-

1904 1149 2127 1218 nathas,
2164 1154 2399 1219 regebat
2434 1155 2709 1224 pepulum
2763 1171 2862 1224 per
2888 1169 3069 1208 annos
3102 1157 3184 1207 l7.
3223 1153 3346 1213 Quo
3371 1163 3398 1201 a
3430 1146 3546 1202 Tri-

1905 1239 2091 1307 phoue
2122 1243 2336 1306 occiso,
2368 1245 2593 1313 Syriion,
2616 1241 3231 1310 fratercorum,tenuit
3262 1237 3547 1309 principa-

1902 1330 2023 1380 tum
2060 1329 2225 1384 anuis
2255 1337 2408 1401 octo,
2447 1350 2613 1402 quem
2647 1333 2875 1404 accepit
2908 1348 3056 1386 anno
3109 1327 3544 1400 septuagesimo

1901 1414 1969 1446 ³⁵⁸⁸
2003 1419 2161 1488 regni
2197 1421 2528 1477 Grecorum.

1941 1498 1944 1501 ’
1974 1508 2072 1576 (Η.
2099 1525 2172 1563 m.
2214 1514 2365 1566 etlI.
2396 1513 2490 1581 Ii.)
2537 1512 2803 1583 Philippo
2829 1528 2963 1579 rege
2987 1511 3358 1566 Macedonum
3397 1522 3546 1563 mor-

1902 1599 2022 1665 tuo,
2048 1600 2142 1668 qui
2164 1608 2222 1655 ct
2253 1601 2530 1656 adversus
2558 1604 2839 1656 Romanos
2868 1601 3082 1655 bellum
3105 1599 3172 1630 '38”
3196 1602 3460 1666 gesserat
3489 1599 3547 1649 et

1905 1692 2107 1753 postea
2127 1689 2398 1743 Romanis
2420 1696 2620 1744 contra
2645 1691 2984 1745 Antiochum
3005 1687 3279 1745 auxilium
3307 1687 3544 1754 tulerat,

1907 1772 2059 1828 filius
2084 1777 2209 1843 ejus
2255 1779 2504 1833 Perseus
2533 1795 2766 1848 regnum
2793 1780 2918 1846 ejus
2957 1783 3178 1844 tenens,
3213 1774 3543 1842 rebellavit,

130 1859 502 1930 persolveret
529 1859 839 1929 promissas
866 1858 1167 1928 pecunias,
1214 1873 1313 1911 rex
1349 1857 1592 1911 abstulit
1616 1857 1662 1910 ei
1703 1871 1789 1909 sa-
1818 1893 1873 1954 B
1905 1862 2200 1931 adjutores
2249 1867 2372 1934 ejus
2408 1868 2628 1920 habens
2680 1868 2861 1920 Cotim
2899 1882 3089 1933 regem
3123 1865 3336 1919 Tracim
3369 1866 3427 1917 et
3463 1876 3547 1917 rc.-

129 1949 482 2016 cerdotium,
509 1952 562 2002 et
591 1947 747 2002 dedit
773 1947 914 2002 illud
943 1946 1111 2000 fratri
1154 1961 1259 2000 suo
1289 1946 1640 2014 Lysimacho.
1684 1947 1790 2000 Me-

129 2042 300 2093 tuens
333 2050 480 2091 vero
527 2035 819 2090 Menelaus
871 2049 939 2089 nc
973 2033 1146 2088 Onias
1179 2034 1464 2102 reciperet
1523 2035 1791 2088 sacerdo-

136 2126 301 2195 tium,
336 2125 458 2194 egit
492 2139 622 2180 cum
679 2123 1006 2178 Andronico
1039 2123 1193 2190 regis
1224 2123 1428 2190 amice,
1487 2138 1652 2192 quem
1689 2139 1790 2177 rex

140 2216 340 2271 abiens
360 2215 612 2286 profecit
629 2215 902 2282 negotiis,
923 2217 978 2268 ut
998 2214 1194 2269 On'am
1234 2213 1614 2274 interficeret;
1635 2213 1786 2282 quod

138 2309 191 2359 ct
228 2304 388 2360 fecit.
422 2304 763 2373 Lysimacho
798 2318 1027 2372 quoque
1057 2317 1087 2358 a
1110 2302 1326 2358 Judzeis
1350 2309 1590 2372 propter
1614 2302 1789 2356 sacri-

137 2393 282 2463 legia
314 2409 415 2448 sua
467 2392 682 2461 occiso,
745 2392 1035 2446 Menelaus
1093 2391 1481 2446 sacerdotium
1542 2391 1783 2460 recepit.

139 2486 307 2551 (Joas.
344 2498 445 2550 xu,
485 2485 572 2550 14,
598 2485 749 2550 sqq.)
777 2481 899 2546 Quo
928 2483 996 2535 ab
1023 2480 1303 2535 Antiocho
1329 2482 1643 2549 liupatore,
1670 2478 1786 2533 tilio

138 2571 428 2640 Antiochi,
465 2569 748 2625 suadente
776 2569 956 2638 Lysia,
985 2569 1202 2637 occiso,
1238 2569 1529 2623 Alchimus
1557 2568 1787 2637 quidam

139 2660 465 2729 alienigena
496 2658 708 2728 impius
733 2658 1020 2714 successit
1053 2657 1612 2713 sacerdotio.Ethoc
1647 2656 1789 2710 divi-

142 2749 295 2804 nitus
322 2762 628 2821 percusso,
654 2747 1062 2802 deficientibus
1092 2746 1464 2801 hereditariis
1494 2761 1789 2801 successo-

139 2838 320 2907 ribus,
351 2837 607 2893 omnium
635 2835 932 2891 voluntate
955 2836 1131 2891 Judas
1161 2836 1500 2890 Machabeus
1527 2835 1788 2904 suscepit

141 2926 563 2982 sacerdotium.
617 2925 792 2979 Onias
843 2924 1075 2994 quippe,
1105 2924 1258 2979 ﬁlius
1284 2924 1647 2993 Oni2e,qucm
1674 2938 1789 2977 mo-

148 3016 328 3072 riente
367 3019 535 3086 patre
567 3013 870 3084 parvulum
911 3013 1178 3068 relictum
1207 3029 1380 3083 supra
1403 3013 1677 3079 diximus,
1712 3011 1790 3064 vi-

141 3104 278 3160 dens
311 3103 458 3160 mala
483 3118 611 3173 quae
639 3102 871 3170 fiebant,
907 3102 1052 3170 fugit
1076 3101 1144 3156 ad
1173 3102 1568 3156 l'tholomeum
1597 3115 1787 3168 regem

142 3190 387 3262 ngypti,
407 3196 464 3246 et
494 3189 738 3258 benigne
763 3190 834 3243 ab
858 3203 925 3243 eo
951 3194 1248 3258 acceptus,
1270 3188 1603 3258 impetravit
1626 3187 1695 3241 ab
1719 3203 1788 3242 co

1902 1952 2118 2020 gentm"
2153 1953 2348 2006 llliriei
2408 1953 2671 2008 Gentium
2719 1955 2966 2010 nomine.
3031 1953 3299 2008 Romanis
3353 1957 3545 2007 autem

1903 2041 2120 2096 auxilio
2145 2047 2310 2096 erant
2353 2044 2633 2098 Eumenes
2654 2058 2751 2096 rex
2780 2044 2946 2111 Asizc,
2967 2044 3147 2096 frater
3172 2040 3367 2108 Attali,
3389 2041 3546 2094 Aria-

1903 2135 2064 2183 ratus
2090 2146 2190 2184 rex
2211 2131 2569 2200 Capadoeize,
2591 2131 2908 2185 Antiochus
2958 2130 3155 2198 Syria»,
3174 2128 3547 2184 Ptholomeus

1903 2219 2148 2287 .Egypti,
2197 2219 2522 2284 Masinissa,
2584 2218 2884 2274 Numidiae.
2925 2219 3163 2273 Arusias
3222 2223 3412 2273 autem
3446 2232 3548 2271 rex

1905 2307 2204 2375 Bythinim,
2237 2308 2370 2361 licet
2400 2307 2594 2385 Persei
2619 2305 2970 2362 sororem291
2997 2308 3256 2372 haberet,
3283 2307 3545 2375 utrisque

1902 2411 1961 2450 se
1991 2412 2219 2465 {equum
2255 2397 2508 2467 prebuit.
2547 2400 2756 2452 Contra
2785 2400 3055 2451 Perseum
3104 2395 3314 2450 missus
3345 2393 3544 2449 consul

1903 2486 2144 2540 Publius
2180 2487 2450 2551 Licinius,
2504 2487 2573 2540 ab
2607 2502 2674 2540 eo
2713 2487 2903 2540 victus
2931 2490 3039 2551 est,
3076 2500 3181 2538 nec
3211 2488 3401 2537 tamen
3438 2483 3546 2537 R0-

1902 2574 2051 2628 maui
2078 2575 2198 2643 regi
2222 2591 2418 2644 pacem
2447 2575 2666 2645 potenti
2697 2579 2958 2645 prostare
2991 2573 3320 2640 voluerunt,
3349 2571 3457 2627 nisi
3483 2586 3544 2626 se

1902 2668 1960 2717 ct
1985 2678 2123 2718 suos
2140 2664 2367 2718 Senatui
2401 2664 2926 2718 subdidiss::t.i\iox
2952 2665 3152 2716 contra
3180 2676 3308 2716 cum
3335 2660 3546 2714 missus

1903 2753 2112 2807 Lucius
2159 2753 2419 2807 .-'Emilius
2464 2753 2676 2807 Paulus
2709 2752 2932 2820 consul,
2978 2751 3114 2805 vicit
3149 2765 3302 2818 cum,
3333 2754 3549 2804 etcum

1903 2840 2118 2909 ingenti
2153 2857 2354 2911 pompa
2376 2844 2606 2896 Romam
2629 2841 2796 2896 rediit
2819 2842 2872 2894 in
2888 2840 3016 2895 navi
3038 2841 3300 2908 ejusdem
3327 2837 3543 2905 Persei,

1903 2929 2276 2997 quzeinusitze
2313 2930 2732 2998 magnitudinis
2769 2931 3064 2983 ferebatur
3082 2927 3277 2995 fuisse,
3307 2926 3450 2980 adeo
3484 2929 3543 2979 ut

1903 3017 2154 3072 sedecim
2182 3018 2415 3073 ordines
2442 3034 2728 3073 remorum
2757 3018 2984 3072 dicatur
3007 3016 3299 3071 habuisse.
3334 3013 3549 3069 Trium-

1906 3106 2098 3176 phavit
2154 3112 2344 3162 autem
2380 3107 2595 3162 Paulus
2630 3107 2683 3160 in
2713 3122 2892 3161 curru
2927 3120 3122 3171 aureo,
3157 3104 3382 3159 duobus
3413 3102 3547 3156 ﬁliis

1903 3196 2028 3249 suis
2059 3200 2309 3265 utroque
2359 3196 2540 3251 latere
2571 3195 2919 3250 astantibus“.
2979 3192 3143 3248 Ducti
3188 3197 3379 3247 autem
3413 3193 3545 3245 sunt

144 3282 432 3349 regionem
460 3293 588 3349 quae
614 3277 998 3348 llclyopolcos
1026 3282 1283 3343 vocatur,
1314 3277 1406 3332 ubi
1433 3276 1790 3332 concedente

1966 3291 2035 3339 ite
2061 3301 2294 3340 currum
2311 3285 2435 3353 ejus
2457 3285 2569 3339 duo
2596 3284 2693 3337 lilii
2713 3284 2865 3349 regis
2889 3288 2944 3337 et
2973 3283 3095 3352 ipse
3117 3280 3544 3335 Pcrscusannis

144 3384 275 3440 rege
295 3368 624 3425 construxit
650 3367 926 3438 templum
954 3367 1023 3421 ad
1047 3368 1287 3422 formam
1313 3366 1514 3436 templi
1533 3366 1794 3420 Hieroso-

149 3459 414 3528 limitani,
434 3457 586 3528 quod
606 3471 708 3527 per
741 3471 920 3511 annos
934 3457 1247 3527 permansit
1268 3470 1449 3526 usque
1467 3456 1534 3509 ad
1562 3461 1792 3524 tempus

143 3547 506 3619 Vespasiani.
537 3547 666 3616 ipsa
700 3551 893 3601 autem
929 3545 1066 3600 urbs
1097 3560 1224 3614 quae
1259 3544 1580 3599 vocabatur
1610 3543 1787 3612 Onizc,

145 3634 559 3691 dimicantibus
582 3637 786 3704 postea
809 3633 1026 3688 Judaeis
1054 3633 1362 3688 adversum
1386 3633 1692 3693 Romanos,
1719 3629 1790 3685 ad

145 3723 324 3780 solum
355 3737 542 3794 usque
603 3721 796 3778 diruta
845 3721 1044 3790 2“est,
1096 3726 1150 3776 et
1196 3736 1380 3790 neque
1414 3721 1574 3776 urbis
1606 3734 1792 3789 neque

145 3813 338 3883 templi
363 3812 543 3868 ullum
571 3811 1104 3880 restatvestigium.
1133 3810 1249 3865 Sub
1281 3810 1586 3864 occasione
1614 3809 1792 3878 igitur

149 3901 297 3957 Oniae
327 3901 552 3956 infinita
583 3901 915 3956 Judzeorum
951 3899 1212 3954 examina
1246 3898 1553 3969 .Eg'yptllm
1596 3900 1793 3954 confu-

146 3995 366 4056 gerunt.
394 3988 712 4045 Asserebat
749 3987 897 4042 enim
934 3987 1129 4055 Onias,
1156 3987 1209 4041 in
1245 4001 1306 4042 se
1333 3986 1629 4056 impletum
1663 4001 1791 4041 esse

146 4078 477 4134 vaticinium
499 4077 680 4132 Ysaiaa
705 4076 1048 4132 scribentis:
1078 4075 1220 4132 Erit
1245 4076 1441 4130 altare
1463 4074 1706 4130 Domini
1731 4076 1794 4130 in

147 4166 392 4237 lim/pta
422 4167 480 4222 et
501 4166 716 4222 titulus
738 4165 989 4221 Domini
1012 4165 1077 4220 in
1100 4165 1370 4221 terminis
1394 4163 1538 4231 eius,
1557 4168 1614 4217 et
1641 4163 1790 4232 quod

149 4255 321 4311 Ezras
351 4254 418 4288 ’⁸⁸
451 4259 585 4310 ante
638 4259 950 4310 sexcentos
984 4268 1165 4308 annos
1226 4251 1582 4323 predixerat,
1640 4251 1792 4321 quod

151 4347 448 4413 oporteret
471 4343 526 4397 in
567 4342 814 4413 Egypto
843 4341 1119 4412 templum
1149 4340 1424 4396 aedificari
1447 4342 1559 4394 Deo
1583 4354 1685 4410 per
1715 4339 1795 4394 vi-

152 4444 271 4486 rum
296 4431 578 4488 Judaeum.
627 4431 911 4488 Antiocho
931 4436 1124 4486 autem
1152 4430 1385 4485 Judzeos
1421 4428 1704 4496 atlligente
1736 4431 1792 4483 et

153 4519 218 4573 ad
241 4520 628 4589 gentilitatem
654 4534 756 4591 per
782 4535 839 4576 se
875 4519 1060 4589 ipsum
1086 4523 1145 4574 et
1179 4533 1280 4588 per
1305 4517 1514 4572 missos
1536 4531 1675 4571 suos
1703 4531 1796 4571 co-

1905 3374 2289 3444 quadraginta
2343 3374 2598 3442 quinque
2632 3379 2824 3441 natus,
2864 3372 2956 3442 qui
2991 3376 3124 3440 post
3157 3369 3310 3439 apud
3346 3367 3546 3422 Albam

1906 3463 1959 3516 in
1992 3461 2263 3517 custodia
2298 3462 2543 3526 defecit;
2572 3461 2876 3516 filiusvero
2901 3460 3026 3528 ejus
3049 3458 3244 3529 junior
3270 3457 3544 3512 fabricam

1905 3552 2168 3607 mmriam
2201 3551 2272 3605 ob
2304 3550 2664 3605 tolerandam
2689 3549 2936 3620 inopiam
2967 3550 3158 3603 Romze
3185 3546 3410 3616 didicit,
3445 3545 3549 3600 ibi-

1906 3655 2014 3710 que
2047 3641 2357 3695 defunctus
2391 3645 2478 3694 est

1977 3732 2137 3784 Anno
2161 3732 2352 3784 autem
2386 3728 2454 3782 ab
2487 3728 2640 3783 Urbe
2699 3725 2932 3783 condita
2969 3724 3413 3792 sexcentesimo,
3451 3723 3547 3793 qui

1904 3823 2030 3875 26‘“
2055 3817 2488 3889 Phylometoris
2514 3815 2874 3884 inscribitur,
2894 3830 3022 3869 cum
3041 3828 3239 3868 omnes
3261 3813 3550 3866 Romanos

1907 3910 2111 3979 ingens
2144 3908 2571 3962 Celtiberorum
2605 3910 2794 3960 metus
2818 3904 3146 3972 invasisset,
3172 3917 3273 3956 nec
3294 3907 3449 3956 esset
3480 3915 3552 3956 ex

1905 3999 2172 4056 omnibus
2205 3997 2300 4066 qui
2339 3996 2426 4050 vel
2462 3995 2628 4049 miles
2654 3995 2744 4049 vel
2776 3993 3004 4062 legatus
3031 3993 3110 4046 ire
3134 3992 3186 4044 in
3223 3989 3550 4060 Hispaniam

1905 4085 2428 4154 auderet,Publius
2461 4082 2670 4152 Scipio,
2710 4081 2959 4136 Africani
2997 4094 3197 4150 nepos,
3225 4079 3319 4147 qui
3345 4084 3403 4132 ct
3427 4078 3552 4148 ipsc

1907 4182 2037 4248 post
2073 4174 2380 4228 Africanus
2413 4176 2497 4225 est
2532 4171 2744 4238 dictus,
2782 4169 2938 4223 ultro
2985 4184 3045 4222 se
3078 4167 3460 4221 militaturum
3497 4167 3550 4220 in

1908 4263 2177 4336 Hispania
2209 4259 2446 4328 obtulit,
2482 4275 2608 4314 cum
2636 4262 2822 4312 tamen
2851 4257 2904 4310 in
2932 4255 3320 4310 Macedoniam
3345 4256 3554 4308 contra

1907 4355 2234 4425 Philippum
2267 4349 2584 4419 deputatus
2618 4350 2798 4400 esset.
2823 4345 3131 4398 Profectus
3156 4342 3352 4411 itaque
3385 4341 3437 4395 in
3463 4340 3556 4394 lli-

1909 4444 2188 4516 Spaniam,
2213 4444 2466 4507 stragmn
2523 4448 2779 4502 magnam
2806 4431 2987 4501 dedit,
3016 4429 3213 4500 sepius
3235 4430 3409 4484 etiam
3453 4428 3554 4481 mi-

1911 4535 2032 4588 litis
2066 4546 2233 4601 quam
2261 4523 2634 4601 ducisotlicio
2666 4536 2976 4585 usus;nam
3004 4526 3062 4574 et
3088 4520 3396 4601 barbarum
3424 4534 3554 4589 pro-

153 4613 336 4680 gente,
376 4609 722 4664 Mathathias
753 4624 882 4664 cum
915 4607 1167 4678 quinque
1195 4606 1325 4661 [iliis
1354 4605 1476 4661 suis
1510 4605 1795 4660 adversus
1826 4612 1878 4672 D
1911 4591 2213 4662 vocantem
2246 4596 2622 4668 singulariter
2646 4608 3001 4662 congressus
3024 4591 3260 4646 occidit.

161 4711 257 4753 eos
272 4713 426 4754 arma
441 4698 747 4769 corripuit,
764 4703 822 4754 et
840 4697 1057 4768 patrias
1082 4695 1501 4765 legesvirilitcr
1516 4695 1790 4750 defendit.

162 4783 278 4851 Quo
301 4793 430 4857 post
455 4802 663 4843 annum
717 4787 1020 4855 moriente,
1047 4785 1271 4842 scilicet
1298 4800 1446 4839 anno
1470 4783 1795 4839 centesimo

167 4875 605 4946 quadragesimo
637 4880 804 4931 sexto
863 4875 1022 4944 regni
1057 4876 1390 4941 Grecorum,
1428 4873 1523 4942 qui
1549 4878 1637 4928 est
1675 4877 1798 4927 13us

161 4960 596 5034 Phylometoris,
659 4963 920 5019 decimus
949 4979 1084 5018 vero
1142 4962 1430 5032 Antiochi,
1492 4961 1644 5017 filius
1674 4962 1798 5031 ejus

163 5049 690 5109 JudasMachabcus
709 5052 996 5108 successit
1013 5052 1185 5123 patri,
1203 5054 1628 5120 etcongregato
1643 5065 1800 5105 exer-

159 5136 292 5208 citu,
310 5139 627 5196 vindictam
650 5141 704 5194 in
731 5139 878 5195 male
895 5154 1035 5209 agen
1051 5145 1135 5194 tes
1154 5139 1433 5194 exercuit.
1454 5139 1504 5194 is
1524 5139 1795 5209 templum

161 5224 227 5279 ab
250 5227 533 5284 Antiocho
550 5228 918 5285 destructum
936 5227 1212 5284 nobiliter
1225 5227 1524 5283 renovavit
1548 5229 1602 5282 et
1629 5241 1657 5281 a
1678 5243 1799 5282 sor-

164 5309 326 5372 dibus
373 5317 697 5388 ydolorum,
749 5315 962 5388 quibus
991 5331 1097 5388 per
1140 5315 1452 5371 triennium
1514 5315 1795 5387 pollutum

1981 4695 2192 4752 Eodem
2219 4697 2482 4760 tempore
2506 4684 2743 4740 Messala
2773 4697 2982 4736 censor
3007 4680 3226 4751 primus
3259 4678 3549 4734 theatrum

1911 4784 2202 4856 lapideum
2230 4781 2282 4834 in
2311 4779 2462 4834 Urbe
2487 4773 2750 4831 construi
2775 4771 2976 4844 jussit,
3006 4768 3155 4839 quod
3185 4781 3251 4822 ne
3286 4771 3423 4823 tunc
3458 4767 3554 4821 fic-

1909 4855 2018 4943 ret,
2060 4871 2248 4940 Scipio
2273 4868 2479 4922 Nasica
2503 4862 2845 4934 gravissima
2864 4858 3268 4914 dehortatione
3293 4855 3548 4924 obstitit,

1909 4963 2110 5018 dicens
2144 4954 2608 5012 inimicissimum
2635 4953 2755 5006 fore
2792 4947 3005 5020 populo
3040 4945 3308 5001 bellatori
3342 4945 3450 4998 hoc
3481 4945 3552 5000 ad

1911 5045 2279 5106 nutriendum
2346 5041 2627 5097 desidiam
2695 5037 3068 5106 lascivireque
3140 5037 3548 5103 commentum,

1912 5139 2173 5206 adeoque
2194 5133 2370 5188 movit
2391 5135 2677 5196 senatum,
2696 5131 2759 5182 ut
2779 5141 2891 5182 non
2917 5124 3102 5180 solum
3118 5122 3304 5178 omnia
3323 5122 3554 5175 theatro

1910 5229 2244 5296 comparata
2269 5219 2336 5252 ευ
2365 5217 2531 5275 vcndi
2567 5215 2834 5287 jusserit,
2864 5212 2961 5269 sed
2993 5212 3166 5266 etiam
3192 5208 3465 5268 subsellia
3498 5209 3552 5264 in

1911 5314 2066 5370 ludis
2101 5310 2232 5385 poni
2259 5303 2730 5380 prohibuerit’”,
2758 5309 2816 5360 et
2841 5306 2903 5359 ut
2921 5314 3104 5370 neque
3121 5298 3346 5368 urbani,
3367 5311 3553 5390 neque

1505 5468 1741 5523 VARIrE
1783 5465 2184 5524 LECTIONES.

231 5579 296 5616 ²⁸⁴
325 5597 372 5639 r.
410 5598 467 5657 p.
502 5589 552 5657 5.
590 5582 700 5657 Η²⁸⁶
729 5583 984 5657 dirutum
1016 5577 1077 5641 δέ
1101 5589 1176 5640 9ο.
1223 5582 1323 5657 -²⁸⁸
1367 5583 1576 5641 ezdras
1624 5589 1674 5640 5.

165 5722 590 5805 "’rcomp’arato
621 5731 668 5788 δ.
702 5727 778 5787 οε.
815 5722 934 5789 to,“
974 5726 1041 5767 :93
1070 5727 1488 5804 prohibuerunt
1518 5733 1565 5787 5.

1752 5583 1823 5618 28⁵1

325 5598 372 5639 r.
410 5598 467 5657 p.
502 5598 552 5639 5.
729 5598 984 5641 dirutum
1016 5598 1065 5641 δ.
1101 5598 1176 5640 ac.
1367 5598 1576 5641 ezuras
1624 5598 1674 5640 δ.
1855 5598 2036 5641 annos

170 5657 312 5731 sapt.
349 5660 433 5726 H,
492 5655 552 5713 et
575 5655 668 5714 ita.
710 5655 1308 5731 deincepsutooliis
1361 5657 1628 5715 mmwris
1685 5655 1878 5716 addit.
1987 5655 2036 5690 "3‘

3140 5565 3208 5599 ’⁸⁸
3237 5563 3556 5621 centesimo

2092 5580 2345 5653 quinque
2376 5607 2427 5617 —-
2475 5574 2713 5646 regebat
2768 5569 2983 5627 desum
3014 5572 3060 5624 4.
3140 5569 3208 5599 ²⁸δ
3237 5569 3532 5621 centesinn

2092 5653 2232 5695 hnlln
2260 5657 2306 5695 κ,
2415 5647 2482 5682 290
2510 5653 2564 5695 et
2599 5661 2651 5695 er.
2692 5659 2743 5695 n.
2774 5642 2808 5695 i.
2846 5656 3041 5695 regem
3076 5646 3124 5695 :3.
3231 5637 3298 5675 3‘”
3331 5638 3384 5695 h.
3421 5653 3466 5694 s.
3503 5643 3532 5693 5

1987 5654 2053 5690 ²⁸⁹
2084 5642 2235 5712 bella
2256 5642 2308 5708 Β.
2415 5647 2482 5682 ²⁹⁰
2510 5642 2564 5705 et
2599 5661 2651 5718 g.
2692 5659 2743 5701 n.
2774 5642 2808 5700 i.
2846 5656 3041 5714 regem
3076 5646 3124 5700 ΰ.
