3932 6416
373 388 492 463 621

1537 391 2023 467 EKKEHARDI
2065 393 2624 461 URAUGIENSIS

3674 387 3799 454 628

381 533 480 609 qui
514 546 547 595 a
577 535 720 596 foris
748 533 906 594 mille
936 534 1209 610 passibus
1241 531 1539 600 adessent,
1557 533 1830 592 sedentes
1857 531 2030 590 ludos
2057 534 2113 596 Α
2144 547 2256 604 que
2276 537 2654 605 pugnaretur,
2672 532 2873 590 u'tima
2891 528 3228 604 desperatio
3254 526 3710 601 Kartaginenses
3723 528 3794 587 ad

381 630 739 700 spectarent,
783 642 856 685 ne
896 626 1180 684 fortitudo
1212 625 1445 683 illorum
1490 623 1887 682 mollesceret.
1919 622 2028 679 Illo
2142 622 2494 679 deditionem
2511 622 2713 694 traxit,
2734 627 3025 695 petentes,
3047 625 3273 692 utquos
3288 618 3425 675 belli
3443 618 3643 676 clades
3658 618 3798 676 reli-

380 726 614 786 quoque
651 719 917 788 tempore
945 714 1159 772 Tuccia
1187 713 1352 784 virgo
1383 712 1639 769 Vestalis
1671 712 2031 782 arguebatur

381 800 607 860 incesti.
646 806 719 859 At
762 803 861 859 illa
894 817 1145 875 purgare
1190 816 1253 858 se
1307 800 1668 872 argumentis
1715 799 2028 869 dedignata

381 890 750 961 mortalibus,
799 891 869 948 ad
898 890 968 924 ”‘
996 890 1262 963 Tyberim
1295 889 1507 946 detulit
1540 889 1819 956 cribrum,
1855 887 2031 957 idque

2144 727 2291 783 quos
2306 713 2681 783 fecit,saltem
2706 712 2931 768 servire
2959 710 3200 776 liceret;
3220 722 3287 765 ac
3315 708 3563 780 primum
3586 723 3793 779 agmen

2145 800 2449 859 mulierum
2476 803 2622 859 satis
2653 801 3006 872 miserabile,
3038 802 3175 872 post
3205 796 3461 854 virorum
3492 798 3676 869 magis
3698 797 3796 855 de-

2144 891 2326 946 forme
2350 890 2675 947 descendit.
2707 893 2843 947 Nam
2871 891 3046 949 fuisse
3080 887 3386 946 mulierum
3413 890 3481 942 25
3504 886 3680 957 milia,
3711 888 3795 943 vi-

382 977 770 1049 submergens
799 978 888 1050 ²⁹⁸,
922 993 1093 1052 prece
1124 977 1342 1049 addita,
1379 976 1601 1048 inquit:
1654 977 1699 1034 0
1757 974 1945 1044 Vesta,
1974 972 2032 1031 si
2141 993 2339 1036 rerum
2372 983 2442 1036 3O
2471 979 2648 1049 milia,
2682 980 2978 1037 memoriae
3018 977 3293 1035 traditur.
3324 977 3445 1034 Rex
3479 976 3794 1034 Hastrubal

371 1066 485 1138 pia
508 1080 658 1139 sum,
683 1068 741 1125 si
784 1067 958 1139 virgo
985 1082 1136 1137 sum,
1187 1066 1343 1124 Itane
1362 1081 1393 1123 θ
1446 1065 1662 1138 Tybm’
1708 1076 1933 1135 aquam
1952 1062 2035 1120 ad

383 1154 665 1230 templum
697 1158 867 1216 tuum
885 1157 1175 1231 deferam.
1201 1158 1270 1213 Et
1288 1153 1556 1228 pertulit.

451 1247 617 1306 Anno
669 1247 1161 1319 sexingentesimo
1191 1245 1448 1303 secundo
1479 1244 1728 1301 tercium
1752 1245 2031 1300 Punicum

381 1336 599 1396 bellum
629 1342 899 1395 exortum
931 1340 1044 1394 est.
1069 1336 1398 1405 lgiturcum
1431 1337 1669 1392 senatus
1687 1332 2031 1390 abolendam

379 1429 752 1499 Kartaginem
780 1427 1202 1497 decrevissent,
1239 1424 1488 1498 profecti
1518 1423 1794 1482 consules
1824 1421 2034 1478 Lucius

381 1518 629 1575 Manlius
676 1518 1035 1575 Censorinus
1065 1521 1124 1573 et
1165 1518 1394 1573 Marcus
1448 1514 1713 1583 Manlius,
1749 1517 1809 1570 et
1841 1510 2034 1582 Scipio

383 1610 522 1664 tunc
542 1606 821 1663 tribunus
843 1605 1112 1676 militum,
1138 1604 1558 1677 propeUticam
1584 1605 1781 1658 castra
1797 1598 2035 1669 majoris

384 1694 641 1752 Africani
675 1699 1009 1751 tenuerunt.
1071 1694 1153 1749 lbi
1186 1690 1708 1763 Kartaginensibus
1769 1686 2034 1745 evocatis

379 1781 684 1854 iussisque
714 1787 777 1839 ut
822 1796 981 1838 arma
1012 1784 1069 1838 et
1093 1795 1271 1838 naves
1306 1779 1615 1838 traderent
1638 1793 1744 1834 nec
1768 1775 2032 1845 moratis,

2145 1082 2208 1124 se
2240 1066 2397 1125 ultro
2426 1068 2608 1140 dedit,
2666 1069 2903 1140 suisque
2933 1071 3159 1125 tantum
3194 1066 3441 1124 salutem
3491 1065 3746 1123 obtinuit
3775 1082 3791 1132 ;

2146 1157 2464 1227 transfuga:
2494 1157 2828 1215 voluntario
2885 1156 3203 1230 precipicio
3259 1154 3401 1227 dati,
3462 1154 3793 1227 consumpti

2146 1251 2284 1303 sunt
2314 1246 2451 1317 igni,
2510 1261 2810 1318 quosquos
2870 1250 3063 1304 autem
3118 1245 3452 1314 transfugas
3508 1244 3797 1300 Romanos

2145 1335 2339 1407 Scipio
2372 1336 2638 1393 obtinere
2672 1336 2886 1407 potuit,
2921 1335 3197 1392 crucibus
3219 1333 3419 1404 afflxit,
3446 1332 3677 1388 Latinos
3706 1345 3796 1388 se-

2145 1424 2270 1481 curi
2299 1426 2614 1497 percussit.
2645 1428 2804 1483 Uxor
2835 1423 3204 1482 Ilastrubalis
3231 1422 3639 1480 ubiardentem
3662 1423 3797 1477 Kar-

2151 1513 2401 1583 taginem
2427 1514 2676 1586 aspexit,
2702 1515 2831 1571 viro
2856 1529 2963 1571 suo
2984 1529 3113 1571 cum
3139 1512 3369 1569 duobus
3394 1511 3528 1568 filiis
3549 1510 3670 1568 suis
3701 1525 3797 1566 oc-

2146 1602 2353 1673 currit,
2371 1603 2543 1674 eique
2558 1604 2736 1659 dixit:
2768 1605 2906 1660 Viee
2918 1603 3117 1674 tu,qm'
3128 1602 3423 1673 superstes
3439 1614 3561 1659 esse
3572 1600 3798 1657 Karta-

2144 1692 2281 1761 gim’
2288 1692 2471 1762 potes,
2492 1706 2746 1764 παρηργο
2763 1692 3478 1765 nobiafrustrarogasses.
3503 1690 3571 1745 Et
3600 1687 3800 1745 voleno

2152 1777 2310 1836 tibus
2343 1780 2495 1849 filiis,
2525 1780 2677 1836 virili
2710 1780 2934 1852 dolore,
2962 1781 3208 1837 femineo
3232 1778 3521 1850 furore,in
3545 1777 3798 1835 medium

387 1874 549 1928 tanta
572 1871 663 1928 vis
685 1886 975 1929 armorum
999 1875 1240 1942 repente
1259 1869 1474 1926 tradita
1491 1872 1603 1939 est,
1628 1871 1689 1924 ut
1719 1866 1887 1923 facile
1907 1868 2032 1921 tota
2066 1892 2118 1952 Β
2150 1881 2215 1922 se
2243 1868 2493 1939 conjecit
2521 1870 2871 1942 incendium,
2903 1869 3109 1928 eodem
3142 1869 3313 1927 modo
3343 1869 3561 1925 exitum
3591 1865 3801 1924 mortis

386 1972 460 2015 ex
480 1959 572 2016 his
606 1959 796 2017 Africa
818 1960 1114 2033 potuisset
1132 1958 1363 2015 armari.
1403 1957 1511 2014 Sed
1535 1961 1848 2029 postquam
1873 1966 2034 2010 arma

386 2048 763 2107 tradiderunt
783 2052 844 2106 et
861 2048 1144 2106 derelicta
1162 2049 1305 2104 urbe
1326 2046 1600 2104 recedere
1618 2043 1872 2117 procula
1889 2041 2033 2098 mari

388 2138 588 2195 decem
609 2138 847 2195 milibus
882 2153 1156 2210 passuum
1183 2136 1333 2209 jussi
1357 2140 1514 2206 sunt,
1551 2133 1815 2191 dolorem
1846 2131 1916 2188 ad
1941 2130 2037 2187 de-

389 2227 785 2299 sperationem
839 2226 1241 2293 contulerunt,
1276 2230 1377 2282 aut
1407 2223 1704 2281 defensuri
1735 2222 2035 2280 civitatem

387 2320 640 2374 autcum
665 2316 791 2389 ipsa
821 2330 927 2388 per
958 2316 1142 2387 ipsam
1177 2312 1523 2386 sepeliendi,
1557 2324 1806 2382 moxque
1828 2310 1937 2365 sibi
1967 2308 2037 2343 ’⁸⁸

386 2404 536 2463 duos
563 2403 948 2461 Hastrubales
972 2404 1153 2460 duces
1175 2405 1400 2468 creant,
1428 2414 1702 2472 armaque
1729 2400 1920 2455 facere
1943 2414 2039 2469 ag-

386 2492 598 2565 gressi,
636 2497 945 2565 postquam
976 2506 1059 2549 ωε
1102 2492 1438 2561 ferrumque
1470 2489 1705 2559 defecit,
1742 2501 1918 2544 aurea
1949 2502 2038 2543 ar-

382 2586 711 2654 genteaque
726 2581 1009 2638 fecerunt.
1021 2578 1303 2637 Consules
1316 2578 1557 2635 Romani
1574 2578 1777 2634 urbem
1792 2576 2011 2647 agressi
2021 2620 2033 2646 ,

384 2687 515 2729 cum
548 2670 909 2743 aliquantum
949 2668 1098 2726 muri
1133 2671 1357 2740 partem
1404 2666 1474 2701 ²⁹⁷
1503 2665 1788 2722 machinis
1830 2664 2041 2721 diruis-

387 2764 538 2832 sent,
571 2774 601 2816 a
653 2755 1175 2827 Kartaginensibus
1218 2754 1357 2812 victi
1388 2758 1523 2811 sunt
1582 2758 1759 2824 atque
1792 2750 2034 2824 repulsi.

388 2850 547 2918 Quos
584 2845 877 2917 fugientes
909 2843 1100 2915 Scipio
1129 2843 1409 2911 defendit,
1458 2842 1626 2899 hoste
1656 2841 1810 2897 intra
1843 2855 2041 2896 muros

389 2934 645 3009 repulso.
680 2935 737 2990 Is
767 2930 920 3004 apud
949 2944 1152 2987 omnes
1177 2930 1397 3000 ingenti
1430 2932 1587 2985 metu
1615 2931 1673 2984 et
1707 2927 2040 2983 reverentia

391 3030 539 3095 erat,
564 3036 695 3080 nam
719 3025 778 3078 et
801 3017 1214 3092 paratissimus
1238 3019 1309 3074 ad
1342 3016 1735 3075 dimicandum
1764 3019 1825 3070 et
1854 3029 2043 3086 prom-

394 3112 699 3189 ptissimus
729 3111 855 3166 erat
879 3106 950 3163 ad
978 3106 1421 3178 consulendum,
1454 3120 1563 3162 nec
1595 3103 1904 3176 quicquam
1929 3117 2045 3158 ma-

385 3206 478 3278 gis
502 3203 684 3260 duces
702 3199 1009 3254 Poenorum
1034 3194 1319 3265 vitabant,
1340 3209 1508 3267 quam
1535 3198 1739 3251 contra
1764 3204 1890 3247 eam
1917 3204 2048 3262 par-

383 3300 505 3352 tem
540 3293 928 3348 Romanorum
960 3282 1332 3340 committere
1357 3284 1454 3341 ubi
1478 3282 1672 3354 Scipio
1706 3279 2043 3336 dimicabat.

2153 1957 2367 2014 faciens
2413 1964 2672 2018 extrema
2730 1961 2951 2032 regina,
3003 1975 3171 2032 quem
3231 1958 3515 2032 quondam
3578 1956 3796 2015 fecerat

2147 2044 2354 2116 prima.
2382 2050 2510 2119 Ipsa
2527 2064 2668 2105 vero
2685 2049 2896 2107 civitas
2910 2048 3109 2106 decem
3134 2051 3190 2105 et
3213 2052 3432 2120 septem
3449 2046 3654 2104 diebus
3666 2060 3801 2103 con-

2151 2135 2327 2194 tinuis
2357 2138 2520 2209 assit,
2563 2138 2955 2208 miserumque
2988 2135 3382 2210 spectaculum
3415 2136 3485 2193 de
3512 2136 3797 2192 varietate

2149 2226 2504 2283 conditionis
2524 2227 2787 2284 humanae
2812 2226 3139 2284 victoribus
3161 2225 3285 2283 suis
3305 2224 3557 2298 prebuit,
3579 2223 3799 2281 diruta-

2150 2329 2264 2384 que
2295 2318 2407 2385 est,
2443 2315 2597 2371 omni
2633 2315 2837 2372 murali
2861 2313 3055 2387 lapide
3085 2315 3142 2370 in
3173 2314 3469 2386 pulverem
3493 2327 3794 2369 converso.

2151 2402 2329 2473 Cujus
2353 2403 2504 2460 situs
2528 2404 2858 2474 hujusmodi
2881 2403 3056 2479 fuisse
3082 2403 3317 2461 dicitur.
3339 2404 3450 2458 Per
3466 2400 3800 2472 vigintiduo

2153 2491 2308 2547 milia
2337 2506 2613 2563 passuum
2644 2508 2809 2549 muro
2843 2491 3130 2565 amplexa,
3166 2496 3293 2549 toto
3334 2505 3479 2563 pene
3510 2490 3651 2546 mari
3683 2490 3801 2547 cin-

2150 2581 2421 2651 gebatur,
2459 2581 2681 2652 absque
2716 2581 3000 2652 faucibus,
3037 2597 3164 2653 quae
3193 2580 3386 2638 tribus
3419 2578 3650 2636 milibus
3677 2592 3804 2650 pas-

2152 2684 2320 2726 suum
2345 2670 2781 2741 aperiebantur.
2808 2672 2863 2728 Is
2878 2670 3042 2727 locus
3062 2684 3287 2726 murum
3303 2669 3543 2740 triginta
3559 2665 3802 2740 pedibus

2153 2757 2334 2814 latum
2367 2757 2571 2815 habuit
2604 2774 2746 2816 saxo
2803 2758 3113 2830 quadrato,
3149 2758 3203 2814 in
3237 2756 3547 2814 altitudine
3577 2756 3802 2813 cubito-

2155 2861 2281 2902 rum
2312 2850 2398 2904 40.
2436 2850 2573 2917 Arx,
2608 2848 2701 2905 cui
2734 2848 2916 2905 Birsze
2949 2862 3155 2905 nomen
3188 2846 3315 2917 fuit,
3348 2844 3521 2919 paulo
3554 2844 3801 2918 amplius

2156 2950 2326 3007 quam
2341 2935 2458 2993 duo
2472 2936 2628 2992 milia
2648 2938 3287 3010 passuumtenebat.Ex
3301 2950 3411 2993 una
3427 2939 3592 3008 parte
3605 2948 3805 2991 murus

2154 3026 2477 3082 communis
2501 3026 2630 3083 urbi
2653 3031 2712 3084 et
2746 3027 2926 3083 Birsae
2948 3031 3096 3097 erat,
3123 3025 3425 3083 imminens
3457 3023 3616 3093 mari,
3649 3021 3801 3093 quod

2157 3127 2314 3170 mare
2331 3115 2606 3185 Stagnum
2625 3115 2861 3174 dicitur.
2881 3117 3066 3186 Igitur
3090 3117 3340 3185 Kartago
3356 3111 3803 3186 septingentesi-

2159 3217 2413 3260 moanno
2450 3210 2758 3276 postquam
2775 3205 3010 3261 condita
3034 3209 3126 3261 est
3141 3202 3332 3260 deleta
3347 3207 3453 3273 est,
3488 3199 3798 3258 multitudo

2106 3287 2128 3310 ’
2159 3291 2746 3364 omniscaptivorum,
2763 3293 3027 3365 exceptis
3045 3292 3248 3365 paucis
3272 3290 3651 3364 principibus,
3668 3302 3803 3344 ven-

386 3390 497 3450 Per
529 3389 681 3448 idem
741 3385 974 3451 ιθιηριιε
1006 3372 1308 3437 MaSinissa
1352 3394 1457 3437 rex
1509 3371 1908 3439 Numidarum,
1946 3384 2051 3440 Per
2161 3379 2285 3435 dita
2307 3381 2456 3437 est.l
2466 3388 2516 3437 ta
2544 3388 2753 3454 quarto
2786 3389 3094 3454 postquam
3134 3386 3388 3453 coeptum
3407 3383 3497 3437 est
3520 3392 3664 3434 anno
3685 3380 3804 3431 ter-

386 3495 569 3540 annos
601 3482 723 3539 fere
768 3479 1066 3550 sexaginta
1100 3480 1322 3538 amicus
1357 3467 1572 3554 pOpuli-
1599 3477 1861 3547 Romani,
1899 3484 2051 3531 mor‘

386 3575 528 3628 tuus
548 3574 637 3628 est
661 3583 809 3627 anno
835 3569 971 3626 vitae
995 3583 1116 3626 sum
1147 3568 1525 3640 nonagesimo
1556 3565 1827 3638 septimo,
1854 3564 2049 3620 valen-

395 3658 625 3717 tissimo
639 3672 869 3731 semper
891 3672 1142 3728 corpore
1159 3671 1561 3729 perseverans.
1589 3656 1690 3711 Hic
1713 3659 1806 3711 est
1829 3652 1917 3709 vir
1948 3652 2046 3724 qui

391 3762 703 3819 numquam
737 3746 793 3803 in
825 3747 1027 3819 ymbre
1065 3745 1157 3803 vel
1191 3746 1441 3802 maximo
1473 3748 1649 3816 caput
1697 3759 1865 3801 suum
1896 3745 2043 3800 texit

391 3840 493 3893 aut
517 3835 826 3906 frigore,et
844 3839 963 3891 tam
988 3834 1085 3891 diu
1106 3833 1160 3890 in
1184 3848 1300 3892 uno
1322 3833 1487 3890 stetit
1514 3832 1857 3904 vestigio,ut
1882 3832 2046 3905 prius

384 3923 630 3995 juvenes
657 3922 1010 3981 lassitudine
1037 3921 1334 3995 cederent,
1387 3937 1559 3993 quam
1591 3921 1691 3979 ille
1720 3922 1791 3978 dc
1824 3921 1954 3979 loco
1985 3922 2040 3977 in

392 4026 507 4085 quo
529 4015 779 4069 steterat
810 4015 1165 4069 moveretur.
1200 4011 1256 4067 Si
1304 4013 1592 4082 stetisset,
1621 4026 1691 4068 ne
1722 4012 2042 4068 membrum

394 4099 628 4172 quidem
648 4102 773 4158 tota
790 4100 882 4158 die
895 4101 1195 4169 movebat,
1212 4099 1257 4157 si
1274 4099 1387 4157 iter
1402 4100 1705 4170 ingressus
1717 4104 1811 4157 est
1834 4114 2038 4170 eques,

390 4202 506 4245 non
547 4188 961 4261 descendebat,
994 4187 1042 4247 si
1082 4187 1284 4261 pedes,
1317 4203 1433 4246 non
1487 4188 1862 4260 ascendebat,
1895 4188 2045 4245 sole-

393 4275 610 4349 batque
661 4278 936 4350 equitans
968 4277 1025 4334 in
1053 4277 1315 4336 exercitu
1356 4278 1510 4335 nocti
1546 4276 1698 4335 diem
1730 4277 2042 4349 sepissime

390 4365 766 4436 conjungere,
783 4370 842 4423 et
865 4366 956 4422 sui
979 4366 1305 4424 custodiam
1330 4366 1692 4438 tutelamque
1715 4365 2042 4422 sevissimis

389 4452 637 4512 canibus
657 4454 1082 4513 committebat.
1100 4456 1241 4513 Post
1261 4456 1682 4526 octogesimum
1701 4458 1928 4512 sextum
1944 4470 2043 4512 an-

388 4555 523 4600 num
544 4544 746 4614 genuit
774 4543 976 4615 lilium,
998 4543 1091 4601 cui
1120 4559 1325 4604 nomen
1355 4544 1466 4602 fuit
1502 4545 1810 4615 Methuma,
1837 4544 2042 4600 nichil-

2160 3470 2312 3526 cium
2328 3471 2611 3528 Punicum
2628 3471 2840 3530 bellum
2857 3475 2951 3528 est
2971 3470 3364 3528 terminatum.
3392 3468 3583 3542 Scipio
3597 3482 3801 3525 nomen

2161 3560 2317 3629 quod
2332 3574 2477 3617 avus
2491 3560 2618 3631 ejus
2631 3565 2959 3634 acceperat,
2979 3560 3209 3630 meruit,
3247 3558 3472 3616 scilicet
3488 3564 3547 3615 ut
3561 3562 3802 3631 pr0pter

2156 3648 2439 3705 virtutem
2462 3651 2637 3708 etiam
2670 3652 2797 3724 ipse
2820 3651 3128 3707 Africanus
3145 3650 3342 3721 junior
3362 3653 3689 3707 vocaretur.

2229 3740 2441 3797 Eodem
2474 3756 2623 3799 anno
2657 3742 3028 3811 Chorinthus,
3066 3739 3428 3799 nobilissima
3475 3737 3687 3794 Greciae
3722 3736 3802 3792 ci-

2155 3830 2327 3901 vitas,
2359 3831 2641 3889 subversa
2670 3838 2762 3889 est
2796 3831 3065 3889 incendio
3097 3848 3125 3888 a
3158 3830 3425 3889 Mummio
3445 3827 3514 3867 ¹¹⁸
3539 3825 3795 3885 consule.

2154 3920 2260 3977 Ubi
2288 3935 2438 3993 cum,
2472 3927 2719 3995 propter
2746 3921 3179 3980 multitudinem
3211 3926 3269 3977 et
3315 3919 3652 3977 varietatem
3682 3920 3799 3973 sta-

2154 4012 2385 4067 tuarum
2410 4010 3037 4083 simulachrorumque,
3065 4009 3428 4067 inillotantze
3443 4008 3696 4067 civitatis
3714 4009 3797 4065 in-

2151 4099 2361 4156 cendio
2392 4099 2676 4172 permixta
2712 4100 2767 4155 in
2802 4114 2976 4156 unum
3009 4098 3156 4169 auri,
3193 4098 3418 4170 argenti
3458 4101 3631 4168 atque
3660 4099 3794 4155 aeris

2153 4186 2389 4245 metalla
2425 4189 2714 4258 ﬁnissent,
2750 4202 2963 4244 novum
2992 4203 3175 4259 genus
3206 4186 3423 4244 metalli
3448 4188 3657 4243 factum
3680 4190 3790 4241 est.

2155 4278 2315 4335 Unde
2339 4292 2521 4350 usque
2556 4277 2749 4347 hodie,
2786 4290 2911 4333 8W6
2942 4291 3012 4333 ex
3047 4277 3174 4349 ipso
3223 4276 3347 4334 sive
3374 4290 3447 4331 ex
3477 4272 3792 4330 imitatione

2153 4370 2301 4441 ejus,
2325 4384 2407 4427 aes
2437 4367 2801 4426 Corinthium
2833 4365 3049 4423 dieitur
3081 4370 3139 4422 et
3174 4380 3308 4424 vasa
3342 4363 3652 4422 Corinthia.
3677 4363 3794 4419 Hoc

2152 4462 2417 4531 tempore
2442 4462 2566 4514 tres
2594 4455 2963 4515 celeberrimi
2981 4453 3443 4528 triumphisnmul
3466 4454 3656 4510 Romae
3679 4449 3794 4508 fue<

2151 4554 2319 4604 runt:
2345 4546 2599 4604 Africani
2622 4561 2695 4604 ex
2719 4546 2934 4617 Africa,
2965 4550 3100 4603 ante
3132 4544 3301 4616 cujus
3321 4559 3553 4602 currum
3585 4542 3790 4601 ductus

387 4645 499 4703 que
523 4612 679 4703 quod
706 4632 938 4704 juvenis
962 4612 1108 4691 fecit
1131 4649 1256 4692 sevo
1288 4634 1494 4692 ultimo
1523 4612 1901 4706 pretermisit.
1929 4634 2042 4691 Mo-
2070 4612 2122 4673 D
2151 4639 2242 4693 est
2264 4634 2608 4703 Hastrubal;
2636 4634 2851 4693 Metelli
2884 4612 2957 4693 ex
2988 4612 3340 4703 Macedonia,
3365 4633 3529 4705 cujus
3559 4646 3789 4689 currum

388 4719 545 4778 riens
575 4719 758 4791 igitur
789 4723 858 4778 44
887 4721 1040 4780 filios
1070 4723 1330 4794 reliquit,
1363 4722 1517 4778 inter
1545 4736 1694 4794 quos
1727 4721 2039 4780 divisorem

385 4823 520 4866 esse
551 4808 880 4883 Scipionem
908 4810 1107 4882 jussit.
1144 4811 1251 4878 Qui
1283 4815 1593 4884 postquam
1617 4811 1770 4868 inter
1803 4827 1907 4869 eos
1929 4814 2041 4869 Nu-

386 4896 578 4954 midia;
602 4911 843 4969 regnum
869 4898 1088 4970 divisit,
1122 4900 1489 4970 Kartaginem
1521 4915 1796 4959 reversus
1817 4906 1931 4959 est.

456 4986 624 5044 Anno
646 5001 677 5043 a
711 4987 892 5044 Roma
921 4986 1158 5043 condita
1189 4988 1682 5059 sexingentesimo
1718 4995 1911 5064 sexto,
1942 4991 2040 5063 qui

385 5079 479 5131 est
509 5072 940 5146 Pbylometoris
988 5077 1134 5144 32‘",
1167 5089 1298 5133 cum
1334 5076 1556 5134 clarum
1614 5083 1776 5136 esset
1833 5095 2038 5137 nomen

387 5159 939 5232 Scipionis,juvenis
962 5160 1369 5221 adhucconsul
1403 5166 1593 5224 factus
1623 5170 1736 5239 est,
1761 5170 1820 5225 et
1845 5166 2042 5225 delere

386 5246 758 5320 Kartaginem
810 5264 1083 5323 suprema
1114 5255 1277 5310 sorte
1315 5251 1575 5324 molitus,
1608 5255 1928 5313 Cothonem
1960 5255 2045 5312 in-

386 5345 628 5406 gressus
652 5340 764 5395 est.
785 5337 892 5397 Ubi
915 5352 1046 5397 cum
1070 5352 1172 5398 sex
1196 5339 1406 5400 diebus
1427 5341 1725 5401 continuis
1745 5343 1903 5401 nocti
1913 5344 2042 5401 bus-

2153 4725 2436 4798 precessit
2467 4724 2845 4796 Andariscus,
2881 4724 2979 4796 qui
3009 4729 3070 4781 et
3110 4721 3657 4795 PseudOphilippus,
3687 4734 3790 4777 rex

2151 4813 2559 4881 Macedonum;
2590 4813 2839 4871 Mummii
2881 4813 2952 4847 ²⁹⁹
2977 4827 3049 4870 ex
3089 4813 3385 4883 Corintho,
3442 4814 3573 4867 ante
3625 4823 3787 4881 quem

2151 4902 2317 4972 signa
2347 4914 2508 4960 aenea
2529 4908 2587 4959 et
2613 4902 2785 4974 pictae
2813 4901 3030 4959 tabulae
3054 4907 3111 4958 et
3136 4901 3245 4960 alia
3272 4901 3435 4958 urbis
3457 4898 3785 4958 clarissima:

2152 4997 2495 5048 ornamenta
2522 4990 2749 5064 prelata
2780 4996 2938 5048 sunt.
2969 4992 3287 5048 Interfecto
3316 4994 3508 5048 autem
3542 4986 3789 5046 Pseudo-

2152 5078 2437 5153 philippo,
2475 5081 2572 5153 qui
2605 5080 2716 5138 sibi
2751 5080 3143 5138 Macedoniam
3177 5078 3502 5153 usurpavit,
3538 5079 3787 5149 itemque

2151 5170 2616 5244 Pseudoperseo,
2650 5171 2747 5243 qui
2782 5184 2844 5228 se
2874 5171 3074 5228 Persei
3117 5169 3297 5229 illium
3324 5168 3588 5242 jactavit,
3620 5168 3792 5226 Mace-

2152 5259 2608 5332 donesgentium
2624 5260 3226 5319 dominostomani
3251 5259 3794 5334 principestributa-

2154 5349 2275 5407 rios
2291 5349 2942 5425 fecerunt,regnumque
2954 5350 3329 5411 Macedonum
3345 5351 3577 5410 defecit.
3588 5350 3789 5424 (HIER),

1762 5513 1999 5571 VARIE
2040 5518 2441 5579 LECTIONES.

382 5626 825 5732 ι..’ῗ..ἀ.ξῖἐέη⁹.ῗ·
842 5628 1185 5732 ...:.':.§r.29-
1212 5629 1345 5732 ιιξέίέ
1358 5634 1841 5732 Ἠέξξξιὲίίέξὲιζ
1852 5638 2090 5732 10,9193
2111 5663 2126 5715 ς
2157 5644 2559 5732 ἐξιηαειυεξηλὶ-
2605 5647 2710 5732 .’.’.‘
2732 5664 2807 5732 τηε
2834 5649 2889 5732 <1.-
2924 5651 2988 5707 Π·
3026 5650 3136 5732 είμί
3160 5651 3351 5732 educes
3368 5656 3422 5732 ξς-
3502 5650 3572 5687 ²⁹⁷
3593 5667 3650 5727 ρ·
3674 5668 3744 5711 m-
3766 5660 3792 5711 δ

488 5704 746 5758 nummio
766 5704 815 5757 δ.
842 5704 1118 5761 muminio
1138 5706 1188 5763 4.
1266 5704 1337 5740 ²⁹⁰
1357 5705 1683 5768 ωιιωὶιιὶὶι.
1710 5712 1969 5770 nummii.
1996 5704 2076 5773 '90.
2113 5704 2125 5715 ’
2155 5715 2226 5752 ³⁰⁰
2252 5704 2473 5776 domini
2500 5704 2564 5777 Β.
2600 5704 3348 5782 tributarios‘se'iebat-H66
3363 5704 3439 5781 ad.
