3932 6406
96 352 226 416 629

1002 351 1445 418 CHRONICA.
1479 387 1561 402 —
1590 348 2062 416 CHRONICON
2115 353 2667 420 UNIVERSALE.

3427 363 3545 429 630

180 489 426 548 Statius
450 489 704 547 Cecilius
735 488 1129 546 comediarum
1164 489 1419 561 scriptor
1466 488 1661 546 clarus
1684 488 1782 545 ha-
1809 486 1867 548 A
1894 493 1986 546 tra
2020 489 2197 549 illium
2232 492 2438 549 habuit
2474 493 2733 563 ejusdem
2767 495 3016 553 nominis
3044 496 3409 569 Antiochum,
3442 498 3539 571 qui

100 579 295 637 betur
318 579 420 636 his
467 579 696 648 diebus,
733 579 828 649 qui
860 580 1097 635 natione
1156 579 1372 642 Gallus.
1402 579 1523 635 sive
1554 582 1614 634 ut
1683 577 1780 633 alii

105 668 325 725 dicunt
343 667 729 737 Mediolanus,
758 668 1004 739 primum
1020 667 1184 723 Ennii
1211 665 1672 735 contubernalis,
1691 681 1783 722 se-

102 758 323 828 quenti
358 772 512 814 anno
543 762 676 828 post
705 761 946 813 mortem
977 756 1102 827 ejus
1136 762 1399 812 mortuus
1428 760 1538 812 est.
1563 757 1781 811 Ennius

100 852 256 895 vero
289 843 474 910 poeta
506 842 602 894 70·
635 836 829 893 aetatis
859 851 979 893 suae
1027 851 1177 891 anno
1217 836 1523 892 articulari
1577 833 1780 890 morbo

104 927 320 1000 periit,
353 928 748 999 sepultusque
800 926 987 982 estin
1044 930 1418 982 monumento
1472 922 1778 995 Scipionis,

100 1016 198 1073 via
236 1015 455 1088 Appia,
492 1016 645 1072 intra
682 1016 928 1087 primum
959 1015 1030 1070 ab
1060 1014 1212 1071 Urbe
1266 1013 1599 1069 miliarium.
1623 1012 1781 1068 Tunc

103 1105 293 1162 etiam
324 1105 544 1163 Lucius
565 1104 632 1143 ⁸⁰¹
664 1109 834 1176 poeta
870 1104 1154 1160 nascitur.

158 1204 307 1253 Alex.
429 1204 453 1252 J
461 1203 527 1251 ud
683 1204 790 1263 Syr.

180 1285 254 1340 14
488 1286 510 1339 1
701 1286 758 1339 11
947 1285 1266 1337 Deficientc
1300 1292 1482 1347 regno
1526 1285 1786 1330 Macedo-

179 1376 253 1428 15
486 1376 521 1428 2
699 1374 769 1427 12
844 1385 998 1438 num,
1034 1369 1211 1440 coepit
1254 1381 1497 1437 regnum
1554 1361 1787 1418 Judaeu-

109 1474 267 1525 rum,
306 1459 413 1517 ubi
448 1460 673 1531 primus
696 1473 764 1515 eo
788 1463 1052 1530 tempore
1086 1458 1474 1530 principatum
1535 1455 1780 1512 tenebat

104 1548 297 1607 Iudas
316 1549 690 1606 Machabaeus
723 1548 890 1603 annis
922 1552 975 1617 5,
1034 1549 1106 1603 ab
1134 1561 1283 1603 anno
1313 1549 1379 1602 47
1424 1546 1588 1615 regni
1647 1546 1786 1601 Gre“

109 1652 345 1708 corum,
373 1638 476 1709 qui
501 1643 593 1693 est
614 1640 683 1694 14
710 1645 767 1675 ιιι
789 1635 1222 1708 Phylomitoris,
1252 1640 1373 1690 11“5|
1404 1649 1546 1690 vero
1587 1632 1784 1689 Antio-

108 1726 500 1785 chilllustris
542 1726 646 1797 (Cf.
684 1728 898 1798 Hii-211.).

181 1818 253 1872 16
471 1820 503 1872 3
722 1821 746 1870 1
938 1813 1104 1885 (103.)
1136 1812 1479 1883 Antiochus,
1499 1812 1775 1883 Eupator.

183 1908 254 1961 17
457 1908 492 1962 4
704 1908 738 1960 2
817 1902 973 1960 illius
1028 1902 1292 1959 Antiochi
1350 1901 1633 1970 lllustris,
1692 1914 1779 1955 re-

109 1993 319 2064 gnavit
352 1993 412 2050 in
446 1992 608 2064 Syria
641 1993 807 2050 annis
829 1991 1075 2049 duobus.

1052 2080 1197 2136 Anni
1256 2079 1327 2135 ab
1381 2078 1555 2134 inicio
1617 2080 1773 2133 3800-

947 1280 1266 1337 Deflcientc
1300 1292 1482 1347 regno
1525 1273 1786 1330 Macedo-

184 2177 255 2230 18
471 2177 502 2227 5
721 2176 743 2226 1
920 2168 1253 2225 Demetrius
1326 2166 1554 2223 Seleuci
1619 2164 1776 2222 illius

115 2260 320 2319 fratris
344 2258 620 2317 Antiochi
640 2258 919 2328 Illustris,
936 2258 1131 2315 occiso
1155 2256 1441 2317 Antiocho
1457 2257 1770 2325 Eupatorc,

117 2348 651 2422 ﬁliompatruim
681 2350 791 2417 sui,
833 2347 1101 2417 regnavit
1152 2347 1207 2402 in
1257 2345 1420 2417 Syria
1472 2344 1636 2399 annis
1685 2347 1770 2399 11.

119 2441 220 2498 Hie
249 2438 321 2474 ⁸⁰⁶
353 2438 561 2496 habuit
598 2437 747 2494 filios
777 2435 941 2501 duos,
970 2434 1321 2492 Demetrium
1384 2433 1494 2490 sibi
1522 2432 1775 2502 aequivo-

119 2543 246 2585 cum
276 2532 340 2584 et
373 2526 745 2588 Antiochum.
779 2525 875 2596 qui
903 2525 1096 2581 dictus
1119 2524 1351 2579 Seditcs
1406 2520 1499 2577 vel
1542 2521 1769 2576 Sother.

191 2621 258 2673 19
484 2620 507 2670 1
730 2618 764 2670 2
936 2612 1237 2680 Jonathas,
1274 2612 1456 2667 frater
1485 2608 1647 2665 Judze
1666 2609 1775 2663 Ma-

119 2704 347 2775 chabei,
391 2708 523 2776 post
558 2708 801 2761 mortem
833 2700 1230 2771 ejussuscepit
1261 2698 1673 2770 principatum,
1715 2700 1772 2752 et

122 2808 189 2850 eo
212 2808 399 2850 annos
436 2796 504 2850 18
553 2796 793 2865 strenue
841 2790 994 2845 rexit
1026 2787 1321 2859 populum.
1380 2788 1591 2858 (Ηιειι.)
1652 2786 1777 2841 Ilis-

122 2883 494 2955 temporibus
525 2878 893 2937 Aristobolus
919 2878 1185 2948 equidem
1209 2876 1775 2947 phylosophuscom-

122 2972 446 3029 mentarios
478 2969 715 3041 scripsit
743 2969 799 3024 in
832 2967 1015 3023 libros
1048 2966 1248 3038 Moysi,
1278 2969 1335 3021 et
1360 2964 1575 3021 obtulit
1602 2964 1775 3019 Ptho-

125 3058 312 3117 lomeo
347 3060 497 3130 regi.

188 3151 257 3206 27
479 3151 513 3204 9
684 3152 751 3204 1O
1074 3146 1273 3200 Annus
1306 3142 1771 3199 sexcentesimus

188 3240 258 3295 28
447 3240 516 3293 10
688 3239 747 3292 11
1113 3232 1185 3288 ab
1211 3233 1362 3288 Urbe
1393 3231 1651 3288 condita.

188 3329 276 3388 29_
440 3330 501 3380 11
714 3329 737 3380 1
919 3321 1268 3391 Alexander,
1305 3321 1442 3377 item
1476 3320 1629 3376 illius
1662 3322 1771 3376 An-

189 3417 258 3471 30
440 3418 509 3469 12
713 3415 748 3467 2
823 3410 1003 3467 tiochi
1032 3409 1305 3477 lllustris,
1325 3410 1505 3465 frater
1520 3410 1769 3480 Eupato-

194 3506 254 3557 31
446 3507 515 3559 13
725 3504 756 3555 3
831 3499 935 3569 ris,
984 3499 1178 3555 occiso
1227 3497 1539 3567 Demetrio,
1576 3496 1771 3568 patrui

192 3593 259 3647 32
445 3592 515 3648 14
721 3590 754 3643 ι
830 3588 917 3645 sui
940 3587 1163 3643 Seleuci
1206 3585 1344 3655 filio,
1379 3586 1640 3655 regnavit
1672 3600 1768 3641 an-

125 3678 211 3737 nis
238 3683 287 3736 4.
319 3680 426 3736 Hic
442 3679 660 3736 ducens
693 3676 1085 3748 Cleopatram,
1130 3674 1451 3732 Ptholomei
1491 3674 1647 3743 regis
1706 3673 1768 3728 fl-

132 3767 284 3839 liam,
312 3769 519 3839 genuit
549 3782 620 3823 ex
651 3774 717 3823 ea
749 3765 1113 3821 Antiochum.

192 3861 257 3912 33
432 3862 499 3912 15
709 3861 731 3910 1
919 3854 1080 3925 (los).
1108 3853 1455 3922 Demetrius,
1488 3852 1644 3908 ﬁlius
1662 3854 1766 3908 De-

192 3949 258 4001 31.
427 3950 496 4003 16
701 3947 735 4000 2
810 3943 1020 4013 metrii,
1057 3957 1224 4013 quem
1258 3942 1584 3998 Alexander
1615 3942 1766 3998 occi-

192 4038 258 4091 35
429 4038 498 4091 17
701 4037 732 4089 3
808 4033 913 4101 dit,
933 4046 1172 4100 regnum
1188 4045 1257 4086 eo
1278 4030 1761 4099 viventcinvasit,

126 4122 214 4178 cui
270 4123 649 4181 Ptholomeus
704 4120 1079 4191 Phylometor
1151 4120 1517 4189 ClcOpatram
1587 4118 1761 4173 filiam

128 4224 283 4266 suam
369 4210 695 4268 Alexandro
749 4209 1001 4265 ablatam
1058 4206 1381 4276 conjunxit,
1448 4206 1761 4277 occisoque

128 4297 473 4370 Alexandro,
510 4298 776 4369 regnavit
805 4296 1135 4354 Demetrius
1151 4295 1314 4351 annis
1347 4295 1623 4366 quinque,
1659 4296 1759 4352 sed

125 4386 321 4456 quinto
343 4392 553 4461 captus
581 4391 668 4445 est
702 4387 774 4442 ab
807 4387 1022 4443 Arsace
1053 4383 1400 4441 Parthorum
1436 4398 1599 4452 rege.
1657 4384 1761 4440 Re-

126 4480 330 4541 gnante
347 4482 542 4534 autem
566 4475 752 4533 adhuc
770 4473 1083 4543 Demetrio,
1107 4472 1358 4543 Triphou
1383 4471 1615 4542 quidam
1631 4487 1760 4543 par-

1895 581 2091 637 dictus
2122 586 2209 638 est
2244 583 2511 654 Griphus.
2549 584 2613 640 Hi
2647 585 2761 641 duo
2794 585 3007 642 fratres
3071 585 3340 643 Antiochi
3397 588 3538 645 dicti

1895 674 2096 741 postea
2115 671 2186 728 de
2202 685 2380 741 regno
2396 672 2845 730 contenderunt.
2865 673 3208 745 Antiochus,
3228 674 3539 734 Alexandri

1894 758 2069 829 illius,
2106 759 2380 830 imposito
2403 760 2513 816 sibi
2544 760 2871 817 diademate
2895 776 2924 816 a
2948 761 3255 832 Triphonc,
3276 764 3540 833 regnavit

1894 852 2096 904 contra
2132 849 2486 904 Demetrium
2518 849 2685 905 annis
2717 850 2767 918 4,
2804 850 2906 905 sed
2937 854 3147 921 quarto
3173 864 3323 907 anno
3354 853 3427 908 ab
3447 866 3544 911 eo-

1893 936 2023 993 dem
2053 935 2340 1008 Triphone
2370 952 2473 1008 per
2505 937 2702 994 dolum
2735 938 2968 995 occisus
2990 942 3099 997 est.

1919 1027 2076 1073 Alex..
2175 1025 2290 1074 Jud.
2420 1028 2529 1087 Syr.

2000 1108 2023 1158 1
2203 1108 2270 1160 18
2487 1106 2521 1161 4
2687 1105 2900 1178 (Ηιειι.)
2945 1105 3322 1165 Ptholomeus
3371 1109 3543 1165 Ever-

1892 1196 2061 1261 getes
2119 1192 2411 1249 secundus
2453 1193 2720 1264 regnavit
2756 1194 3119 1252 Alexandriae
3168 1196 3335 1252 annis
3373 1200 3460 1267 29,
3512 1211 3543 1253 a

1898 1282 2333 1338 restaurationc
2357 1282 2558 1355 templi
2589 1287 2901 1339 anno3880.
2939 1283 3040 1349 (H.
3062 1284 3289 1355 M.)His
3322 1289 3543 1357 tempo-

1896 1370 2058 1426 ribus
2090 1373 2281 1428 Romze
2314 1386 2458 1444 puer
2498 1387 2568 1429 ex
2600 1373 2807 1429 ancilla
2850 1377 3025 1430 natus
3077 1378 3165 1429 est
3209 1374 3541 1446 quadrupes

1896 1458 2333 1530 quadrimanus,
2360 1460 2548 1517 oculis
2578 1465 2849 1530 quatuor,
2882 1460 3125 1518 auribus
3154 1460 3418 1530 totidem,
3445 1477 3542 1518 na-

1894 1551 2084 1603 turam
2120 1548 2343 1604 virilem
2378 1548 2668 1621 duplicem
2704 1550 2941 1606 habens.
2979 1550 3038 1605 ln
3097 1549 3424 1606 Boniniensi
3473 1547 3542 1583 '~'°‘

1892 1649 2034 1705 agro
2066 1638 2262 1707 fruges
2294 1638 2350 1693 in
2380 1638 2692 1695 arboribus
2724 1644 2873 1695 nata}
2914 1642 3078 1698 sunt.

2013 1729 2047 1779 2
2263 1730 2286 1781 1
2509 1732 2541 1782 5
2724 1726 2891 1801 (Jos.)
2932 1728 3158 1798 Symon,
3209 1727 3389 1784 frater
3443 1727 3539 1784 Ju-

1809 1839 1860 1899 B
1892 1812 1978 1870 dae
1996 1817 2054 1869 et
2084 1814 2368 1883 Jonathw,
2390 1818 2517 1886 post
2552 1821 2792 1873 mortem
2829 1831 3028 1873 eorum
3057 1816 3230 1888 rexit,
3261 1815 3536 1889 populum

1888 1900 2220 1959 Iudaeorum
2255 1903 2422 1959 annis
2450 1907 2606 1960 octo.

2030 1994 2062 2046 3
2279 1996 2313 2048 2
2530 1995 2554 2047 1
2739 1991 3009 2064 Triphon,
3081 1992 3278 2051 occiso
3343 1992 3540 2051 Antio-

2030 2081 2064 2133 4
2279 2083 2310 2135 3
2525 2084 2559 2135 2
2632 2080 2741 2137 cho
2783 2082 3049 2153 regnavit
3108 2082 3274 2139 annis
3320 2083 3533 2153 tribus,

2029 2174 2060 2224 5
2278 2172 2311 2224 4
2517 2174 2549 2226 3
2624 2169 2724 2228 sed
2747 2171 3102 2229 annotercio
3132 2172 3306 2230 etiam
3331 2171 3538 2246 ipse“

1886 2258 2121 2315 occisus
2143 2262 2253 2315 est.

2031 2354 2065 2406 6
2280 2351 2311 2403 5
2531 2352 2554 2404 1
2742 2348 3085 2416 Antiochus,
3106 2350 3201 2420 qui
3223 2354 3280 2407 et
3305 2349 3434 2407 Sedi
3448 2355 3533 2408 tes

1886 2441 1978 2494 est
2011 2438 2343 2510 appellatus
2367 2438 2547 2494 frater
2570 2438 2866 2505 Demetrii,
2888 2443 3198 2509 postquam
3218 2444 3426 2512 captus
3441 2445 3533 2498 est

1887 2528 2069 2583 frater
2082 2525 2251 2596 ejusa
2269 2540 2403 2595 rege
2427 2526 2795 2593 Parthorum,
2821 2526 2947 2595 ipse
2971 2527 3235 2595 regnavit
3258 2528 3422 2585 annis
3443 2533 3528 2600 15,

1886 2616 2124 2672 fratrem
2157 2629 2187 2671 a
2218 2616 2564 2688 captivitate
2593 2614 2887 2687 liberavit,
2924 2616 3021 2687 qui
3054 2621 3185 2689 post
3230 2617 3418 2689 ipsum
3448 2632 3536 2675 re-

1883 2705 2109 2773 gnavn.

1958 2793 2024 2849 lO
2240 2797 2263 2847 1
2487 2797 2518 2848 ὅ

1882 2886 1942 2965 et
1970 2884 2286 2952 Hyrcanus,
2322 2880 2478 2939 illius
2525 2882 2810 2951 Symonis,
2844 2881 3156 2940 interfecto
3210 2885 3378 2954 patre
3400 2897 3530 2940 cum

1883 2972 2111 3027 duobus
2141 2968 2275 3025 filiis
2319 2969 2375 3025 in
2431 2968 2697 3026 convivio
2731 2983 2835 3041 per
2886 2969 3127 3027 insidias
3185 2970 3385 3041 generi
3441 2970 3529 3028 sui

1884 3059 2224 3125 Ptholomei,
2254 3058 2499 3128 quierat
2530 3058 2649 3113 dux
2670 3058 2827 3115 circa
2858 3058 3345 3129 Hiericho,tenuit
3374 3059 3531 3131 prin-

2702 2790 2866 2862 (Jos.)
2902 2794 3064 2865 xm.)
3099 2794 3410 2865 Iohannes,
3437 2795 3533 2864 qui

1832 3198 1847 3218 ,
1881 3149 2137 3220 cipatum
2169 3146 2499 3203 Iudaeorum
2534 3145 2699 3202 annis
2728 3146 2969 3213 triginta
2994 3151 3050 3203 et
3102 3162 3233 3204 uno.
3270 3148 3368 3204 His
3390 3162 3528 3205 con-

1882 3242 1971 3292 tra
1993 3236 2269 3291 Hircanos
2294 3232 2504 3289 bellum
2522 3247 2750 3301 gerens,
2770 3233 3518 3305 Hircanusappellatusest.

1881 3325 2066 3394 (HIER.
2082 3326 2173 3395 —)
2194 3324 2314 3379 Jos.
2331 3323 2401 3378 de
2428 3315 2728 3391 bell'Jud.,
2755 3336 2795 3391 ι,
2827 3325 2905 3393 3.)
2937 3322 3039 3377 llic
3071 3312 3160 3377 vir
3188 3321 3360 3393 plane
3394 3324 3526 3379 bea-

1878 3414 2165 3482 tiss‘mus,
2196 3412 2310 3467 tria
2326 3411 2569 3466 maxime
2599 3410 2892 3481 pl‘iDCipUt‘l
2924 3408 3086 3466 solus
3105 3409 3521 3481 habebat,quia

1879 3501 1992 3558 dux
2022 3504 2079 3557 et
2104 3500 2362 3572 pontifex
2394 3504 2452 3553 et
2477 3497 2762 3568 propheta
2792 3501 2939 3565 erat,
2969 3513 3097 3554 cum
3122 3512 3236 3568 quo
3270 3500 3422 3555 Deus
3452 3496 3521 3531 W7

1878 3592 1956 3646 ita
1987 3590 2526 3661 colloquebaturmt
2560 3587 2887 3643 futurorum
2912 3586 3087 3643 nichil
3109 3587 3341 3657 penitus
3365 3588 3523 3659 igno-

1878 3686 2056 3735 raret.
2101 3677 2313 3747 (HIER.)
2348 3676 2449 3732 Hic
2507 3673 2707 3745 praelia
2752 3672 2928 3730 multa
2966 3675 3211 3745 peregit,
3273 3676 3521 3747 primum

1875 3773 2079 3826 contra
2108 3766 2509 3822 Ptholomeum
2540 3763 2760 3821 sororis
2792 3778 2911 3819 sua:
2941 3763 3147 3834 virum,
3188 3763 3395 3821 deinde
3427 3766 3526 3821 Sa-

1875 3858 2112 3914 mariam
2136 3855 2439 3913 obsidione
2462 3858 2693 3925 captam
2717 3853 2842 3909 solo
2862 3853 3209 3923 coaequavit,
3237 3868 3405 3924 quam
3428 3870 3523 3925 po-

1874 3952 2000 4004 stea
2033 3946 2289 4002 Herodes
2309 3944 2667 4013 instaurans,
2695 3941 2996 3999 Sehastem
3028 3941 3084 3998 in
3110 3941 3385 3999 honorem
3412 3945 3524 3999 Au-

1872 4035 2030 4105 gusti
2060 4031 2398 4105 appellavit.
2436 4030 2760 4086 Antiochus
2790 4043 3044 4099 quoque,
3080 4044 3248 4099 quem
3285 4029 3518 4101 quidam

1873 4122 2149 4190 Seditem,
2181 4118 2411 4191 quidam
2434 4128 2570 4172 vero
2596 4116 2909 4185 Spondium
2942 4121 3171 4185 vocant,
3208 4116 3389 4172 frater
3417 4119 3522 4175 De-

1873 4210 2086 4274 metrii,
2122 4208 2344 4280 pridem
2379 4205 2608 4277 Symoni
2642 4204 3217 4272 infensus,vsccundo
3272 4207 3518 4277 Hyrcani

1872 4313 2042 4368 anno,
2075 4296 2329 4353 deducto
2365 4292 2653 4360 exercitu,
2690 4291 3091 4347 Hierosolimis
3119 4291 3349 4349 obsedit
3380 4295 3523 4365 Hyr-

1871 4401 2097 4444 canum.
2127 4384 2263 4454 (Jos.
2286 4382 2363 4452 ib,
2392 4396 2430 4451 1,
2454 4368 2513 4454 '2)-
2532 4382 2606 4434 At
2634 4377 2731 4434 ille
2757 4378 3047 4450 patefacto
3079 4380 3391 4451 sepulchro
3415 4382 3521 4438 Da-

1870 4475 1987 4543 vid,
2021 4473 2151 4546 plus
2176 4471 2367 4543 quiam
2391 4469 2507 4525 tria
2541 4466 2693 4523 milia
2711 4465 3067 4523 talentorum
3091 4466 3226 4524 inde
3250 4468 3518 4538 abstulit,

127 4561 262 4619 tium
292 4564 606 4622 Alexandri
650 4563 790 4621 tulit
846 4562 1214 4631 Antiochum,
1257 4560 1437 4617 filium
1495 4560 1756 4630 ejusdem
1789 4546 1842 4610 D
1872 4555 2764 4634 datisquetrecentisAntiocho,
2798 4559 2861 4611 ut
2889 4568 2920 4610 a
2949 4554 3190 4611 civitate
3211 4555 3516 4614 recederet

127 4648 454 4725 Aloxandri,
470 4660 531 4710 et
558 4653 693 4710 licet
710 4652 898 4709 adhuc
920 4651 1163 4723 parvulo
1184 4650 1447 4706 diadema
1481 4649 1760 4720 imposuit

127 4743 188 4793 ut
218 4747 507 4814 regnaret,
530 4740 634 4800 sed
663 4745 872 4812 quarto
905 4738 1130 4811 imperii
1161 4738 1288 4807 ejus
1314 4752 1463 4793 anno
1506 4737 1639 4794 dolo
1669 4754 1763 4795 oe-

125 4825 260 4884 cidit
290 4844 442 4900 eum,
476 4831 717 4902 ipseque
751 4827 1036 4899 regnavit.
1059 4827 1166 4883 Sed
1197 4830 1256 4882 et
1288 4826 1397 4883 hoc
1454 4825 1639 4883 tercio
1670 4827 1759 4883 sui

129 4916 281 4985 regni
318 4932 468 4976 anno
513 4920 598 4975 int
638 4919 846 4987 rfecto,
881 4915 1204 4973 Antiochus
1247 4916 1430 4971 frater
1482 4915 1757 4971 Demetrii

128 5007 405 5078 regnavit,
437 5008 530 5064 cui
564 5006 870 5077 CleOpatra
902 5005 1099 5062 fratris
1122 5020 1269 5061 uxor
1295 5005 1516 5076 nupsit,
1550 5003 1621 5059 de
1645 5019 1758 5074 qua

127 5084 299 5148 illium
325 5095 584 5167 suscepit
614 5094 844 5152 nomine
873 5094 1239 5163 Antiochum,
1276 5092 1373 5163 qui
1415 5092 1611 5149 dictus
1667 5097 1755 5148 est

129 5176 422 5241 Cizicenus
442 5200 472 5241 a
494 5185 735 5241 civitate
768 5183 977 5253 Cizico,
1012 5183 1067 5240 in
1085 5198 1194 5254 qua
1220 5182 1478 5239 nutritus
1505 5187 1619 5238 est.
1654 5183 1759 5237 De-

128 5269 363 5327 metrius
393 5287 644 5345 quoque,
676 5273 858 5329 frater
890 5271 1179 5343 Antiochi,
1204 5286 1276 5328 ex
1294 5271 1496 5327 eadem
1522 5270 1759 5343 Cleopa-

1873 4650 2184 4723 persuasit.
2220 4649 2285 4703 Et
2321 4651 2382 4703 ut
2408 4645 2540 4700 farti
2574 4643 2783 4700 leniret
2812 4641 3300 4706 invidiam,fertur
3323 4657 3393 4699 ex
3408 4644 3517 4700 hac

1871 4739 2114 4813 pecunia
2149 4736 2480 4795 instituisse
2516 4731 2899 4802 xenodochia,
2939 4731 3150 4802 quibus
3190 4731 3518 4803 suscipertt

1870 4841 2160 4900 pauperes
2187 4830 2246 4883 et
2278 4824 2640 4897 peregrinos.
2660 4823 2916 4891 Cumque
2948 4818 3408 4876 fortunatissime
3435 4820 3518 4876 vi-

1868 4921 2035 4973 veret
2070 4930 2170 4986 per
2203 4928 2384 4970 annos
2415 4917 2483 4969 30
2509 4915 2569 4967 et
2601 4907 3031 4979 unum,optime
3057 4908 3233 4964 rebus
3255 4907 3517 4965 ammini-

1869 5004 2095 5074 stratis,
2135 5002 2403 5071 moritur,
2466 5000 2720 5069 quinque
2780 4997 2914 5053 filiis
2967 4994 3209 5052 relictis.
3255 4996 3511 5061 Quorum

1869 5092 2153 5150 maximus
2192 5095 2331 5146 natu
2380 5087 2771 5155 Aristobolus,
2815 5085 3102 5142 translato
3162 5083 3218 5138 in
3267 5097 3511 5152 regnum

1869 5180 2220 5254 principatu,
2255 5178 2477 5250 primus
2509 5175 2662 5247 apud
2712 5173 2942 5231 Iudaeos
2964 5169 3231 5230 diadema
3256 5170 3366 5227 sibi
3411 5168 3514 5225 im-

1868 5268 2083 5342 posuit,
2120 5271 2222 5325 398
2248 5265 2413 5322 annis
2445 5279 2511 5321 ac
2539 5262 2731 5319 tribus
2762 5261 3059 5319 mensibus
3087 5264 3311 5316 exactis
3352 5262 3514 5329 post-

1475 5449 1712 5506 VARUS
1753 5448 2151 5509 LECTIONES.

187 5559 633 5654 “lucilius-11.
692 5581 760 5617 ’θ’
787 5582 952 5640 deest
994 5584 1050 5654 4.
1120 5587 1203 5640 9ο.
1275 5580 1345 5616 ³⁰³
1401 5589 1613 5654 patruo
1668 5598 1792 5654 suo
1855 5587 1905 5641 6.
1994 5580 2061 5616 ³⁰⁶
2096 5581 2201 5639 Hic
2238 5611 2293 5621 -
2322 5576 2533 5635 Sother
2554 5570 2768 5632 desunt
2798 5575 2888 5631 10.
2926 5576 3020 5629 11.
3058 5567 3128 5604 ⁸⁰⁸
3172 5568 3436 5629 honiensi
3461 5575 3512 5628 5.

125 5642 190 5681 ⁸⁸⁵⁸
217 5662 272 5708 e.
310 5651 345 5709 i.
381 5668 432 5711 a.
460 5659 507 5711 t.
544 5660 595 5729 5,
626 5669 776 5713 anno
804 5654 992 5712 tercio
1027 5653 1149 5728 ipse
1179 5642 1455 5713 eciamdn
1505 5653 1573 5689 ³⁰⁷
1600 5670 1731 5713 eum
1764 5653 1872 5713 dco
1902 5659 1978 5713 9°.
