3932 6408
385 429 499 496 631

1547 414 2033 486 EKKEHARDI
2079 414 2641 487 URAUGIENSIS

3687 418 3810 482 632

388 580 557 639 quam
590 561 838 639 populus
862 561 931 620 de
958 560 1306 635 Babylonica
1321 557 1495 617 rediit
1514 554 1876 630 captivitate.
1904 551 2035 607 Fra-
2063 549 2121 611 A
2149 552 2392 613 invenit.
2426 558 2612 629 Igitur
2645 555 2980 615 Numantini
3012 555 3108 613 diu
3133 553 3396 613 conclusi
3428 558 3489 611 et
3513 553 3662 610 fame
3680 555 3808 608 tru-

384 661 533 713 trem
568 653 919 724 Antigonum
953 669 981 709 a
1006 668 1068 710 se
1082 652 1399 710 secundum
1421 652 1580 719 natu,
1601 660 1769 718 quem
1787 642 2032 712 diligere

383 746 714 816 videbatur,
752 745 806 800 in
838 746 1058 801 honore
1092 744 1217 815 pari
1278 739 1668 813 producebat,
1704 733 1850 790 alios
1892 743 2033 788 vero

382 836 613 893 vinctos
628 834 908 891 custodite
924 832 1788 901 tradidit,matremque.ausam
1810 817 2029 891 aliquid

382 925 452 982 de
496 921 1260 997 potestatecontenderci’”,
1289 920 1488 976 itidem
1513 912 1810 985 colligavit
1860 911 2033 965 fame-

382 1028 493 1085 que
525 1012 887 1082 necavit,sed
912 1017 967 1069 et
997 1012 1344 1082 Antigonum
1369 1010 1607 1064 fratrem
1635 1006 1835 1076 postea
1870 1012 2033 1071 pere-

379 1103 506 1159 mit.
537 1104 676 1159 Post
709 1117 909 1158 necem
940 1117 1082 1157 vero
1120 1100 1324 1157 matris
1354 1102 1412 1154 et
1438 1091 1929 1164 Antigonifratris
1953 1089 2033 1158 ip-

380 1205 441 1246 se
472 1190 819 1261 dignissimo
853 1194 1029 1260 atque
1061 1187 1474 1245 crudelissimo
1502 1184 1794 1240 viseerum
1832 1177 2034 1233 dolore

381 1282 576 1335 tortus
606 1278 1045 1335 detestabiliter
1078 1276 1344 1345 moritur,
1381 1290 1509 1332 cum
1569 1286 1679 1327 non
1726 1266 1859 1339 plus
1920 1278 2035 1321 uno

380 1381 529 1425 anno
570 1373 874 1438 regnaret.
910 1370 1062 1423 Uxor
1084 1370 1280 1423 autem
1340 1365 1466 1435 ejus
1515 1362 1603 1431 30°,
1639 1361 1882 1415 fratrum
1916 1354 2037 1411 vin-

379 1459 531 1520 culis
558 1458 885 1528 dissolutis,
911 1472 1106 1526 regem
1142 1455 1448 1513 constituit
1477 1449 1889 1517 Alexandrum,
1928 1448 2037 1500 fra-

378 1552 528 1605 trem
551 1547 696 1618 ejus,
730 1548 825 1618 qui
857 1552 1031 1603 zetate
1063 1546 1245 1617 major
1271 1547 1420 1612 erat,
1453 1546 1513 1599 et
1544 1541 1829 1597 modestia
1861 1548 2038 1609 praes-

380 1642 506 1693 tare
536 1637 874 1693 videbatur.

436 1736 573 1784 Alex.

452 1820 512 1871 21
707 1818 772 1870 12
972 1819 996 1868 1

672 1737 695 1783 J
705 1735 786 1783 ud.
912 1736 1016 1795 Syr.

1186 1810 1531 1879 Demetrius,
1596 1811 1778 1864 frater
1834 1806 2032 1861 Antio-

2147 645 2349 718 eidati,
2383 664 2510 705 cum
2545 649 2878 705 facultatem
2906 662 3111 720 pugnae
3143 660 3279 717 sepe
3323 646 3802 717 deposcerent,ut

2146 735 2231 792 eis
2261 736 2329 770 ³11
2357 740 2501 795 mori
2535 744 2827 811 tamquam
2888 740 3032 795 viris
3064 737 3290 805 liceret,
3334 752 3438 794 nec
3495 736 3803 808 impetras-

2145 828 2295 893 sent,
2314 828 2623 885 novissime
2639 829 2868 885 duabus
2889 827 3083 883 subito
3100 827 3613 898 portiseruperunt
3637 825 3689 882 la
3701 841 3801 896 rga
3832 860 3843 869 ο

2146 914 2309 984 prius
2334 916 2570 986 potione
2604 918 2835 986 usi,non
2863 916 3185 985 vini,cujus
3220 915 3377 971 ferax
3412 915 3459 970 is
3490 914 3653 971 locus
3684 930 3799 970 non

2144 1008 2256 1073 est,
2286 1006 2387 1060 sed
2405 1021 2544 1062 suco
2569 1006 2757 1061 tritici
2778 1020 2879 1077 per
2892 1008 3075 1061 artem
3097 1005 3387 1073 confecto,
3407 1019 3572 1074 quem
3593 1019 3798 1060 sucum

2145 1107 2175 1148 a
2209 1094 2607 1153 calefaciendo
2630 1096 2833 1152 celiam
2856 1100 3093 1151 vocant.
3118 1097 3233 1152 Hac
3264 1093 3523 1164 igitur”
3553 1095 3797 1166 potione

2148 1188 2279 1254 post
2312 1184 2541 1251 longam
2575 1186 2781 1241 famem
2815 1184 3261 1253 recalescentes,
3296 1183 3447 1241 bello
3471 1199 3533 1240 se
3564 1184 3798 1240 obtule-

2147 1277 2304 1341 runt,
2338 1276 2650 1345 subitoque
2696 1289 2872 1345 super
2920 1276 3208 1330 Romanos
3258 1274 3568 1347 irruerunt.
3610 1276 3793 1335 Atrox

2150 1361 2249 1418 diu
2279 1371 2572 1421 certamen
2613 1368 2669 1420 et
2704 1378 2888 1435 usque
2921 1366 2990 1420 ad
3023 1364 3345 1436 periculum
3406 1366 3791 1425 Romanorum

2152 1456 2293 1521 fuit;
2321 1457 2646 1524 iterumque
2667 1469 2725 1511 se
2739 1455 2979 1511 Romani
3004 1454 3312 1511 adversum
3325 1452 3393 1487 ³⁸³
3413 1456 3791 1515 Numantinos

2148 1560 2408 1621 pugnare
2442 1544 2715 1615 fugiendo
2755 1545 3185 1615 probavissent,
3213 1544 3323 1599 nisi
3359 1545 3468 1601 sub
3525 1546 3792 1618 Scipione

2149 1638 2526 1710 pugnassent.
2560 1634 2914 1703 Numantini,
2952 1634 3279 1692 interfectis
3324 1650 3554 1693 suorum
3598 1637 3793 1693 fortis-

2146 1727 2330 1795 simis,
2349 1725 2503 1781 bello
2519 1725 2754 1795 cedunt,
2773 1724 3116 1796 compositis
3134 1727 3324 1780 tamen
3352 1724 3654 1782 ordinibus
3687 1741 3792 1785 nec

2143 1815 2297 1874 sicut
2332 1816 2621 1883 fugientes
2646 1815 2701 1869 in
2731 1815 2933 1870 urbem
2994 1818 3404 1878 revertuntur;
3438 1829 3680 1885 corpora
3711 1816 3797 1872 in-

383 1904 497 1973 chi,
531 1920 635 1977 per
668 1905 905 1960 fratrem
938 1919 968 1961 a
1002 1902 1348 1974 captivitate
1382 1900 1690 1965 liberatus,
1763 1896 2027 1966 regnavit

2221 1909 2532 1964 rfectorum
2568 1904 2638 1960 ad
2672 1902 3033 1974 sepulturam
3064 1902 3261 1958 oblata
3296 1904 3561 1975 accipere
3598 1904 3793 1962 nolue-

384 1999 514 2067 post
547 2000 793 2051 mortem
825 1994 1025 2049 fratris
1058 1991 1223 2049 annis
1254 1993 1336 2048 l2.

454 2087 522 2140 29
695 2086 765 2140 20
970 2087 1003 2138 9

457 2170 557 2241 (Η.
584 2172 687 2243 m.)
707 2173 868 2227 Anno
897 2171 968 2227 ab
992 2172 1145 2228 Urbe
1162 2170 1396 2227 condita
1440 2169 1934 2237 sexingentesimo
1953 2168 2036 2223 vi-

383 2260 624 2326 cesimo,
667 2260 761 2331 qui
791 2263 1023 2316 estllus
1056 2258 1378 2314 Ptholomei
1433 2257 1734 2327 Evergetis
1769 2255 2031 2327 secundi,

387 2349 578 2419 Scipio
613 2349 920 2405 Africanus
949 2348 1147 2417 junior
1176 2346 1730 2403 consensuomnium
1776 2345 2035 2401 secundo

385 2437 584 2495 consul
614 2442 699 2493 est
736 2442 973 2493 creatus
1004 2441 1179 2508 atque
1214 2437 1284 2492 ab
1318 2435 1764 2507 obpugnandum
1792 2437 2036 2491 Numan-

389 2528 529 2584 tiam
554 2527 845 2599 llispanize
878 2527 1173 2583 civitatem
1200 2541 1327 2583 cum
1343 2525 1608 2581 exercitu
1642 2524 1873 2580 missus.
1903 2525 2036 2579 Ilaec

387 2632 492 2687 per
523 2632 705 2673 annos
740 2620 806 2673 l4
836 2632 962 2673 cum
995 2616 1138 2672 solis
1168 2619 1198 2670 4
1235 2616 1468 2672 milibus
1493 2629 1730 2671 suorum
1783 2615 1850 2667 40
1882 2612 2034 2667 milia

386 2705 776 2762 Romanorum
812 2720 922 2761 non
957 2706 1143 2761 solum
1178 2704 1485 2769 sustinuit’,
1523 2704 1622 2760 sed
1674 2703 1847 2758 etiam
1898 2700 2038 2755 vicit

389 2793 797 2863 pudendisque
831 2791 2039 2862 fmderibusafl‘eeit.Scipioitaqueingres-

389 2881 852 2952 susllispaniam,
880 2896 990 2937 non
1013 2882 1211 2937 statim
1238 2895 1516 2949 agressus
1540 2883 1634 2935 est
1654 2879 2038 2934 Numantinos
2065 2936 2080 2950 θ

391 2971 553 3038 quasi
590 2970 874 3039 incautos,
904 2985 1052 3041 quos
1083 2974 1321 3026 noverat
1359 2984 1588 3039 semper
1619 2984 1751 3024 esse
1777 2971 2034 3039 paratos,

390 3058 493 3114 sed
527 3057 880 3129 aliquamdiu
913 3058 1154 3113 militem
1197 3073 1386 3128 suum,
1438 3057 1721 3113 viciesum
1769 3060 1824 3111 et
1885 3056 2039 3124 igna-

389 3160 521 3203 vum
557 3162 662 3219 pro
694 3146 863 3218 culpa
898 3146 1110 3203 ducum
1147 3145 1427 3217 priorum,
1489 3143 1816 3201 exercendo
1857 3145 2039 3212 magis

2147 2001 2269 2063 unt,
2304 1996 2615 2052 novissima
2646 2008 2747 2064 spe
2771 1992 3197 2063 deSperationis
3217 2008 3416 2050 omnes
3458 1992 3512 2047 in
3550 1999 3789 2051 mortem

2146 2087 2445 2155 destinati,
2480 2085 2736 2140 clausam
2772 2084 2971 2141 urbem
3006 2082 3115 2153 ipsi
3140 2082 3457 2138 introrsum
3484 2084 3794 2140 succende-

2147 2179 2320 2245 duut,
2357 2174 2672 2243 cunctique
2708 2172 2927 2244 pariter
2965 2172 3143 2241 ferro,
3174 2185 3397 2226 veneno
3446 2175 3616 2242 atque
3664 2172 3791 2242 igne

2145 2265 2475 2334 consumpti
2502 2267 2657 2318 sunt.
2732 2261 2968 2317 Romani
2994 2259 3172 2315 nichil
3205 2275 3276 2315 ex
3308 2260 3398 2317 his
3437 2261 3606 2317 victis
3636 2264 3793 2334 peni-

2148 2358 2244 2410 tus
2275 2354 2529 2408 habuere
2561 2350 2666 2407 nisi
2701 2349 3077 2406 securitatem
3119 2362 3280 2404 suam
3317 2366 3331 2416 ;
3393 2362 3576 2419 neque
3636 2350 3788 2407 enim

2147 2456 2359 2497 eversa
2418 2438 2744 2507 Numantia,
2799 2437 3008 2492 vicisse
3041 2451 3103 2492 se
3132 2436 3313 2503 magis
3344 2450 3510 2505 quam
3542 2438 3791 2495 evasisse

2149 2528 2443 2584 dixerunt.
2481 2528 2665 2582 Unum
2697 2524 3109 2580 Numantinum
3138 2522 3383 2579 victoris
3417 2528 3619 2580 catena
3678 2539 3791 2582 non

2149 2616 2367 2684 tetigit,
2401 2614 2553 2670 unde
2586 2612 2943 2683 triumphum
2970 2610 3230 2675 dederit;
3256 2610 3525 2680 quicquid
3548 2612 3794 2683 supelle-

2150 2709 2209 2761 ct
2242 2704 2336 2759 ilis
2367 2703 2496 2772 fuit,
2531 2699 3052 2776 ignis‘absumpsit.
3099 2700 3253 2755 Tunc
3284 2698 3475 2770 Scipio
3505 2700 3793 2770 Tyresium

2151 2794 2436 2865 quendam
2474 2791 2755 2846 Celticum
2793 2788 3112 2860 principem
3164 2788 3543 2858 interrogavit
3583 2804 3689 2861 qua
3720 2789 3795 2847 de

2149 2898 2322 2939 causa
2341 2880 2644 2935 Numantia
2660 2879 2827 2950 prius
2842 2877 3059 2933 invicta
3087 2877 3355 2934 durasset
3371 2881 3427 2932 et
3444 2882 3573 2948 post
3594 2892 3795 2935 eversa

2152 2972 2378 3029 fuisset.
2405 2969 2727 3039 Respondit
2754 2968 3064 3038 Tyresius:
3102 2967 3431 3025 Concordia
3460 2968 3789 3025 victoriam.

2149 3062 2457 3119 discordia
2486 3058 2789 3115 emcidz‘amz
2809 3056 3237 3127 prebztitﬂuod
3258 3057 3492 3112 Romani
3508 3060 3794 3128 tamquam

2149 3150 2261 3206 sibi
2307 3164 2373 3204 ac
2425 3148 2494 3202 de
2555 3162 2614 3203 se
2674 3147 2893 3202 dictum
2949 3145 3195 3216 exempli
3257 3144 3380 3200 loco
3420 3150 3789 3216 acceperunt,

391 3251 559 3307 quam
599 3237 894 3308 puniendo
927 3237 1049 3293 sine
1089 3236 1280 3307 aliqua
1335 3236 1659 3306 acerbitate
1720 3236 1774 3289 in
1826 3234 2038 3290 castris
2071 3271 2120 3335 Ο
2151 3240 2364 3310 quippe
2398 3237 2609 3307 quibus
2633 3237 2747 3307 jam
2783 3235 2853 3290 de
2889 3234 3273 3291 seditionibus
3306 3233 3793 3292 discordantisto-

388 3324 546 3381 velut
585 3325 637 3381 in
674 3325 851 3383 scolis
870 3326 1157 3391 exercuit;
1176 3325 1385 3381 deinde
1408 3324 1599 3381 omnia
1624 3339 1750 3395 quin
1777 3324 2041 3393 volupta-

387 3416 469 3471 tis
496 3430 669 3471 causa
702 3416 1058 3471 haberentur
1093 3415 1147 3469 in
1179 3415 1392 3470 castris
1425 3429 1634 3469 severo
1686 3412 2038 3469 summoveri

384 3502 564 3571 jussit
597 3504 812 3560 edicto.
858 3504 1114 3573 Denique
1158 3507 1483 3559 scortorum
1543 3502 1658 3557 duo
1715 3500 1869 3556 milia
1909 3515 2039 3555 cum

392 3588 527 3646 lixis
561 3595 622 3646 et
654 3592 993 3662 procinctus
1025 3590 1292 3659 ejusloco
1316 3590 1499 3659 ejecta
1527 3593 2042 3658 sunt,tantumque

394 3680 592 3735 subito
625 3680 734 3735 sub
765 3680 1038 3736 districto
1076 3681 1270 3751 judice
1304 3679 1551 3750 profecit
1600 3679 1915 3747 exercitus,
1980 3682 2042 3733 ut

341 3828 349 3848 ο
394 3768 780 3837 Numantiam,
817 3770 915 3825 diu
961 3769 1511 3840 pernicississimam
1548 3769 1842 3837 Romanis,
1878 3768 2038 3822 brevi

393 3860 731 3926 exaequaret
766 3855 908 3912 solo.
943 3857 1128 3926 Igitur
1159 3872 1289 3913 cum
1312 3860 1537 3927 partem
1570 3857 1796 3912 mstatis
1833 3860 2043 3911 totam-

396 3959 506 4014 que
548 3944 815 4015 hiemem,
843 3960 912 4001 ne
944 3949 1290 4017 attemptata
1326 3944 1555 4016 quidem
1592 3960 1801 4016 pugna,
1858 3950 2041 4001 trans-

394 4032 637 4101 egisset,
686 4048 885 4104 parum
905 4034 1321 4106 propemodum
1341 4035 1444 4090 hac
1471 4034 2038 4107 prefecitindustria.

396 4121 533 4177 Nam
566 4121 664 4177 ubi
717 4122 882 4193 copia
927 4123 1219 4194 pugnandi
1264 4124 1414 4181 facta
1446 4129 1555 4189 est,
1613 4124 1908 4180 exercitus
1939 4126 2045 4179 Ro-

395 4224 600 4267 manus
631 4211 849 4282 impetu
878 4213 1358 4269 Numantinorum
1408 4216 1747 4286 obpressus,
1775 4214 1929 4270 sicut
1957 4229 2047 4270 se-

394 4296 577 4367 lebat,
620 4303 781 4369 terga
817 4300 1135 4371 vertit,sed
1166 4302 1573 4374 increpatione
1606 4308 1665 4359 ct
1688 4302 1856 4358 minis
1889 4304 2047 4373 obje-

397 4386 613 4443 ctantis
653 4403 714 4443 se
738 4388 999 4445 consulis
1035 4404 1322 4461 manuque
1355 4391 1667 4447 retinentis
1712 4390 1782 4423 δίο
1815 4392 2046 4445 tandem

396 4473 750 4545 indignatus,
788 4476 841 4532 in
875 4478 1103 4534 hostem
1137 4479 1409 4549 rediit,et
1444 4495 1613 4550 quem
1676 4479 1932 4549 fugiebat
1967 4479 2048 4534 fu-

394 4576 533 4631 gere
564 4565 865 4634 compulit.
896 4566 1156 4623 Dillicilis
1187 4570 1325 4623 tunc
1356 4568 1411 4622 in
1446 4568 1637 4623 relatu
1686 4568 1829 4623 fides
1861 4584 1874 4632 ;
1935 4568 2047 4622 Nu-

2152 3329 2269 3384 tius
2305 3326 2475 3381 Urbis
2507 3326 2922 3381 nunciabatur.

2221 3417 2297 3471 Ea
2332 3417 2964 3484 namquetempcs'ate,
2993 3425 3103 3480 qua
3129 3410 3252 3466 haec
3266 3410 3619 3481 gerebantur
3641 3413 3792 3483 apud

2149 3501 2944 3571 Numantiam,Graceborum
2975 3497 3042 3531 3“
3077 3498 3401 3555 seditiones
3426 3498 3794 3567 agitabantur

2151 3592 2303 3663 apud
2335 3594 2592 3647 Romam.
2614 3590 2923 3657 Kartagiue
2949 3588 3163 3659 quippe
3194 3588 3611 3658 Numantiaque
3642 3588 3796 3646 dele~

2152 3682 2444 3751 tis,eritnr
2476 3680 2626 3751 apud
2648 3680 2938 3735 Romanos
2974 3677 3138 3733 utilis
3171 3677 3240 3733 de
3275 3676 3603 3748 provisione
3622 3677 3796 3736 colla-

2152 3770 2364 3834 tio,sed
2391 3768 2619 3824 infamis
2634 3767 2702 3822 de
2720 3767 3033 3823 ambitione
3053 3765 3375 3823 contentio.
3421 3766 3709 3823 Gracchus
3724 3765 3795 3800 “‘

2154 3861 2351 3930 itaque
2389 3857 2666 3913 tribunus
2704 3855 3098 3927 plebisiratus
3132 3853 3796 3925 nobilitati,curcumin-

2153 3954 2245 4004 ter
2263 3952 2537 4004 auctores
2550 3945 2881 4001 Numantini
2901 3943 3160 4011 foederis,
3180 3944 3328 4014 quod
3350 3959 3456 4016 per
3479 3943 3792 4000 Mancinum

2151 4037 2449 4096 consulem
2481 4035 2742 4105 turpiter
2773 4035 2987 4090 factum
3019 4036 3428 4103 est,notarent,
3461 4046 3698 4103 agruma
3731 4048 3793 4089 se

2157 4125 2426 4200 privatim
2460 4127 2704 4180 eatenus
2739 4123 3042 4178 obsessum
3078 4120 3294 4192 populo
3336 4120 3500 4178 diviti
3568 4121 3791 4192 statuit,

2156 4215 2474 4272 Octaviano
2508 4213 2744 4268 tribuno
2778 4210 3092 4268 obsistenti
3124 4210 3341 4266 ademit
3391 4211 3691 4281 imperium
3718 4211 3796 4267 ei-

2157 4319 2267 4375 que
2297 4316 2701 4359 successorem
2736 4300 2897 4357 dedit
2930 4300 3250 4356 Minutium.
3273 4298 3373 4354 His
3402 4299 3596 4356 causis
3637 4314 3795 4357 sena-

2155 4396 2277 4448 tum
2314 4391 2420 4461 ira,
2454 4388 2729 4461 populum
2765 4388 3042 4459 superbia
3088 4386 3316 4445 invasit.
3334 4388 3490 4442 Inter
3518 4388 3638 4443 hmo
3663 4403 3797 4459 quo-

2159 4496 2270 4552 que
2304 4478 2538 4535 Attalus
2572 4492 2673 4534 rex
2699 4478 3070 4548 Asiae,frater
3098 4475 3389 4545 Eumenis,
3424 4475 3797 4550 moritur,po—

2159 4567 2357 4640 pulum
2396 4569 2713 4623 Romanum
2745 4566 2969 4637 scripto
2999 4563 3271 4622 heredem
3303 4563 3561 4635 reliquit,
3605 4569 3665 4620 et
3720 4566 3797 4622 ita

396 4652 689 4709 mantiuos
720 4654 1050 4725 eﬂ‘ugavere
1090 4660 1147 4711 et
1189 4655 1479 4726 fugientes
1531 4655 1732 4712 videre
1781 4655 2040 4713 Romani.
2075 4644 2129 4705 D
2158 4659 2417 4713 Romano
2448 4654 2692 4726 imperio
2716 4669 2955 4723 rrgnum
2990 4653 3138 4711 Asiae
3156 4667 3257 4723 per
3280 4654 3685 4710 testamentum
3710 4668 3799 4710 ac-

393 4739 555 4796 Unde
587 4743 852 4812 quamvis
884 4743 1246 4815 Scipio,quia
1278 4750 1481 4814 preter
1510 4758 1671 4815 spem
1726 4746 2043 4817 acciderat,

354 4826 374 4881 l
417 4830 566 4883 astus
596 4835 774 4899 esset,
812 4834 1005 4888 tamen
1039 4832 1193 4886 bello
1226 4832 1380 4888 ultra
1428 4832 1734 4889 adversum
1792 4848 1894 4890 eos
1950 4850 2048 4891 au-

395 4914 645 4972 dendum
676 4933 789 4975 non
819 4934 951 4976 esse
982 4921 1285 4991 professus
1316 4928 1432 4977 est.
1476 4923 1677 4993 Itaque
1717 4925 1916 4979 urbem
1950 4926 2048 4980 ob-

398 5003 625 5061 sidione
648 5008 961 5074 conclusit,
993 5009 1140 5063 fossa
1176 5008 1771 5082 circumdedit,cujus
1794 5013 2045 5069 latitudo

398 5091 647 5162 pedibus
660 5094 1143 5164 dece'n,altitudo
1157 5095 1359 5166 viginti
1376 5098 1820 5172 fuit,ipsumque
1836 5102 2047 5158 deinde

397 5195 666 5252 aggerem
690 5184 935 5241 sudibus
948 5187 1348 5257 prestructum
1371 5189 1597 5247 crebris
1613 5191 1878 5247 turribus
1899 5206 2050 5248 com-

401 5269 670 5326 munivit.
713 5271 796 5327 Ad
837 5272 944 5329 hoc
977 5271 1192 5330 bellum
1234 5275 1472 5347 Micipsa
1530 5292 1637 5334 rex
1673 5280 2048 5335 Numidarum

424 5370 458 5411 n
498 5358 777 5417 auxilium
808 5360 1063 5434 Scipioni
1109 5364 1413 5435 Jugurtam
1473 5367 1652 5438 misit,
1689 5368 1784 5439 qui
1818 5369 2050 5424 fortiter

402 5447 858 5520 agens,gloriam
884 5452 1197 5523 acquisivit
1217 5459 1274 5510 et
1294 5455 1543 5525 gratiam
1557 5471 1753 5513 coram
1782 5457 2049 5528 Scipione

2158 4746 2353 4805 cessit.
2393 4744 2688 4800 Gracchus
2709 4740 2777 4775 3“
2794 4742 2989 4815 populi
3014 4742 3263 4813 gratiam
3281 4742 3479 4813 precio
3501 4745 3793 4814 appetens,

2160 4836 2344 4905 legem
2370 4834 2509 4890 tulit
2530 4838 2592 4888 ut
2612 4832 2852 4904 pecunia
2874 4848 3002 4904 qum
3019 4831 3196 4888 Attali
3225 4831 3428 4888 fuisset
3451 4830 3664 4903 populo
3692 4832 3800 4888 dis-

2155 4926 2540 4982 tribueretur.
2560 4923 2899 4992 Opsistente
2925 4921 3192 4993 Scipione
3224 4921 3422 4977 Nasica
3447 4921 3621 4977 etiam
3643 4923 3799 4977 Pom-

2159 5014 2283 5087 peis
2309 5011 2621 5084 spepondit
2647 5009 3068 5080 scGracchum,
3089 5024 3217 5065 cum
3237 5009 3480 5080 primum
3506 5009 3801 5080 magistra-

2159 5110 2221 5160 tu
2252 5103 2460 5169 abiret,
2488 5103 2918 5156 accusaturum.
2960 5099 3255 5155 Gracchus
3283 5102 3476 5154 autem
3511 5098 3800 5154 anniteba-

2158 5197 2256 5252 tur
2287 5196 2348 5249 ut
2382 5192 2508 5263 ipse
2540 5190 2813 5247 tribunus
2843 5188 3032 5261 plebis
3065 5188 3328 5259 sequenti
3380 5202 3527 5243 anno
3586 5202 3801 5260 perma-

2160 5286 2346 5340 neret.
2380 5281 2447 5335 Et
2486 5294 2615 5336 cum
2674 5277 3050 5336 comitiorum
3098 5276 3191 5333 die
3232 5276 3550 5334 seditiones
3608 5275 3796 5349 pepuli

2161 5367 2572 5439 accenderent,
2608 5374 2849 5426 auctore
2880 5368 3088 5425 Nasica
3122 5366 3402 5425 nobilitas
3435 5366 3796 5437 inflammata,

2163 5454 2502 5527 fragmentis
2529 5457 2943 5515 subselliorum
2966 5456 3193 5530 plebem
3227 5455 3466 5527 fugavit.
3517 5455 3804 5512 Gracchus

1761 5573 1997 5629 VARUE
2036 5573 2436 5631 LECTIONES.

471 5656 726 5744 “ﬁctaest
752 5667 828 5744 g0.
873 5661 1015 5720 30te.
1051 5670 1353 5744 que_etate
1395 5669 1885 5744 ceterisomissz's
1906 5676 1982 5728 9°.
2028 5669 2098 5706 διο
2127 5671 2438 5731 renitentis
2470 5678 2527 5731 5.
2599 5670 2667 5707 3“
2723 5673 2809 5731 eis
2839 5676 2900 5731 ut
2932 5677 2981 5731 5.
3047 5671 3115 5708 ³¹¹
3146 5686 3284 5744 ergo
3345 5676 3393 5730 δ.
3456 5668 3525 5706 ⁸⁸³
3612 5670 3805 5731 θάγρτο

404 5742 503 5788 sus
535 5737 592 5790 δ·
628 5733 700 5768 ³1⁸
754 5733 1125 5809 Graecorum,
1162 5738 1415 5796 Graccus
1476 5741 1656 5799 Codd.
1690 5741 1787 5800 Itis
1816 5744 1977 5803 locis.
