3932 6422
259 438 380 504 633

1132 442 1569 507 CHRONICA.
1615 478 1682 488 —
1715 440 2192 506 CHRONICON
2234 441 2785 504 UNIVERSALE.

3553 435 3670 498 634

257 587 360 648 per
391 575 610 646 gradus
646 575 740 648 qui
777 580 910 634 sunt
947 593 1123 650 super
1149 578 1446 650 Calpurnii
1480 578 1776 647 fornicem,
1818 577 1912 632 de-
1947 576 1996 635 A
2030 575 2333 633 devectum
2357 582 2463 632 est.
2488 579 2618 632 11100
2643 583 2834 631 autem
2861 573 3124 630 Cornelia
3154 571 3387 641 majoris
3414 566 3667 628 Africani

256 669 446 721 tracto
491 666 848 722 adminiculo
899 668 1144 736 fugiens,
1201 668 1355 724 ictus
1406 669 1728 735 fragmento
1781 667 1916 721 sub-

259 753 410 810 sellii
460 755 708 824 corruit,
744 771 1067 825 rursusque
1100 771 1436 825 assurgens,
1468 757 1580 810 alio
1617 757 1734 811 ictu
1764 742 1913 810 elavi

257 844 504 899 cerebro
540 843 794 914 impacto
828 845 1195 901 exanimatus
1219 851 1327 900 est.
1366 846 1605 900 Ducenti
1645 849 1912 915 preterea

258 930 315 988 in
364 947 429 987 ea
477 933 768 988 seditione
820 933 1132 997 interfecti,
1185 949 1503 1004 eorumque
1553 947 1805 1004 corpora
1860 933 1914 987 in

258 1020 520 1090 Tyberim
549 1021 802 1092 projecta
829 1027 981 1088 sunt,
1011 1023 1193 1092 ipsius
1219 1039 1446 1093 quoque
1471 1023 1712 1078 Gracchi
1748 1021 1917 1077 cada'

259 1123 364 1164 ver
396 1109 754 1165 inltumatum
782 1111 1108 1166 contabuit.

333 1198 496 1252 Anno
537 1197 744 1252 dehinc
779 1199 1032 1254 secundo
1065 1197 1328 1254 Publium
1363 1197 1685 1268 Scipionem
1728 1199 1911 1269 pridie

262 1284 317 1342 in
341 1287 622 1342 concione
641 1286 709 1319 315
729 1289 798 1343 de
823 1287 1083 1358 periculo
1108 1288 1318 1344 salutis
1345 1304 1466 1345 suae
1489 1295 1906 1358 contestatam,

263 1375 414 1446 quod
439 1375 546 1431 sibi
573 1391 673 1447 pro
700 1377 884 1447 patria
920 1377 1205 1432 laboranti
1239 1379 1310 1431 ab
1341 1378 1620 1448 improbis
1639 1383 1698 1432 et
1723 1378 1913 1445 ingra-

260 1464 338 1518 tis
385 1464 723 1520 denunciari
775 1467 1164 1535 cognovisset,
1218 1465 1329 1520 alio
1381 1481 1541 1520 mane
1588 1468 1906 1521 exanimem

261 1560 629 1624 repererunt,
670 1554 840 1625 idque
881 1555 1033 1610 inter
1066 1557 1310 1610 maxima
1339 1558 1725 1612 Romanorum
1762 1557 1907 1611 mala

259 1649 617 1698 censuerunt
641 1642 727 1711 31°,
768 1645 1089 1713 prmscrtim
1124 1660 1252 1698 eum
1287 1650 1508 1712 tantum
1545 1646 1598 1699 in
1635 1647 1775 1699 urbe
1811 1645 1905 1699 illa

260 1732 516 1787 Africani
569 1733 733 1801 vigor
764 1737 823 1786 et
857 1733 1135 1787 modestia
1187 1734 1426 1800 valeret,
1466 1741 1524 1788 ut
1571 1734 1760 1789 facille
1811 1735 1906 1790 illo

259 1820 394 1875 vivo
445 1835 628 1889 nequa
671 1821 886 1876 sociale
936 1837 1119 1892 neque
1168 1823 1336 1878 civile
1390 1823 1600 1878 bellum
1650 1825 1904 1880 existere

2031 665 2146 720 tilia
2174 667 2299 735 fuit,
2319 682 2445 736 qnze
2472 684 2502 736 p
2525 671 2599 720 gxst
2625 665 2836 735 prioris
2860 664 2955 718 filii
2979 663 3218 718 Gracchi
3245 665 3488 717 mortem
3511 661 3670 716 Mise-

2030 769 2160 808 num
2184 756 2446 809 secessit.
2479 757 2626 810 Bnna
2655 753 2894 809 Gracchi
2924 752 3214 823 publicata
3238 755 3400 813 sunt;
3428 749 3667 805 Flaccus

2032 843 2371 897 adolescens
2402 844 2453 898 in
2489 845 2694 898 robore
2726 847 2967 897 necatus
2991 845 3100 907 est,
3127 856 3197 893 ex
3222 839 3470 894 factione
3500 839 3672 894 Grac-

2030 931 2120 984 chi
2155 931 2387 987 ducenti
2418 933 2470 986 in
2499 932 2777 986 Aventino
2811 935 3000 984 monte
3033 929 3167 984 cresi
3205 927 3672 983 fuisse'referun-

2029 1024 2143 1074 tur.
2183 1021 2441 1090 Opimius
2464 1028 2654 1075 autem
2679 1018 2902 1086 consul,
2931 1019 3081 1073 sicut
3110 1017 3162 1071 in
3189 1015 3340 1071 bello
3366 1015 3556 1080 fortis,
3592 1014 3670 1070 ita

2028 1107 2083 1162 in
2119 1110 2421 1179 questione
2456 1110 2560 1163 fuit
2599 1108 2885 1169 crudelis;
2921 1123 3045 1160 nam
3082 1105 3327 1175 amplius
3359 1119 3524 1173 quam
3557 1103 3670 1157 tria

2027 1198 2182 1252 milia
2237 1199 2526 1253 hominum
2574 1197 2877 1267 suppliciis
2930 1195 3115 1250 necati
3169 1198 3320 1261 sunt,
3355 1208 3424 1247 ex
3459 1192 3670 1261 quibus

2026 1286 2280 1355 plurimi,
2318 1302 2386 1341 ne
2421 1287 2570 1340 dicta
2609 1286 2838 1354 quidem
2878 1301 3071 1352 causa,
3124 1283 3462 1337 innocentes
3493 1278 3666 1336 occisi

2025 1378 2178 1430 sunt.
2215 1377 2343 1429 lla3c
2376 1375 2760 1430 Gracchorum
2792 1373 3024 1436 seditio,
3057 1371 3145 1425 hic
3173 1370 3301 1425 finis
3329 1370 3452 1424 fuit.

2095 1467 2256 1519 Anno
2289 1467 2359 1518 ab
2394 1466 2535 1519 urbe
2568 1465 2796 1518 condita
2833 1460 3323 1528 sexingentcsimo
3348 1464 3434 1527 37,
3461 1457 3666 1528 quiest

2021 1557 2147 1608 28‘15
2182 1552 2502 1607 Ptholomci
2539 1552 2840 1620 Evergetis
2876 1549 3132 1617 stu-undi,
3169 1547 3371 1602 Publio
3404 1546 3666 1616 Scipione

2019 1643 2222 1696 Nasica
2251 1647 2307 1695 et
2335 1642 2504 1696 Lucio
2531 1641 2839 1710 Calpurnio
2868 1639 3054 1694 Bestia
3080 1636 3442 1703 consulibus,
3466 1636 3670 1703 Jugur-

2021 1736 2115 1799 tre,
2170 1731 2542 1784 Numidarum
2605 1745 2842 1796 regnum
2903 1726 3192 1781 invadenti
3240 1724 3329 1793 32°,
3378 1738 3668 1778 consensu

2020 1820 2256 1873 Romani
2303 1819 2495 1888 populi
2543 1819 2754 1871 bellum
2793 1824 3032 1871 senatus
3065 1814 3293 1878 indixit,
3328 1812 3397 1867 de
3430 1826 3543 1882 quo
3576 1812 3672 1868 Sa-

263 1924 432 1979 posse
491 1910 852 1964 crederetur.
907 1913 1063 1966 1111110
1113 1912 1342 1980 quidem
1397 1919 1659 1966 necatum
1716 1915 1903 1967 ferum
1936 1935 1990 1993 Β
2023 1907 2234 1963 lustius
2267 1909 2504 1976 Crispus
2543 1907 2869 1977 plenissime
2894 1904 3114 1960 scribit.

259 1997 395 2053 dolo
428 1998 626 2054 uxoris
669 2014 788 2053 sua}
831 1999 1190 2070 Simpronim,
1226 2016 1350 2070 quaa
1385 2016 1550 2056 soror
1583 2007 1706 2056 erat
1740 2005 1906 2058 Grac-

257 2087 520 2156 chorum,
545 2102 612 2143 ne
632 2088 936 2152 scelerata,
960 2096 1022 2144 ut
1042 2092 1239 2156 credo,
1267 2091 1475 2144 familia
1499 2091 1564 2144 ad
1592 2093 1905 2160 perniciem

259 2177 466 2248 patria}
517 2192 635 2231 sua:
688 2178 838 2232 inter
889 2178 1094 2246 impias
1146 2180 1466 2233 seditiones
1510 2181 1762 2235 virorum
1799 2198 1906 2236 non

257 2265 434 2322 etiam
486 2266 810 2321 sceleribus
844 2267 1141 2321 mulierum
1176 2276 1333 2323 esset
1367 2268 1685 2323 immanior.
1725 2271 1907 2325 Causa

258 2370 403 2410 vero
438 2355 712 2410 interitus
744 2357 869 2424 ejus
904 2357 1022 2411 hzrc
1054 2359 1175 2411 fuit.
1219 2357 1391 2411 Gaius
1419 2361 1602 2413 Carbo
1637 2359 1909 2415 tribunus

259 2444 452 2516 plebis
509 2445 752 2514 cupiens
802 2460 996 2500 necem
1050 2447 1341 2501 vindicare
1389 2449 1797 2502 Gracehianam
1853 2455 1909 2503 et

257 2533 520 2588 excitare
569 2534 907 2589 seditionem
954 2537 1221 2606 sopitam,
1274 2537 1537 2591 Publium
1572 2539 1908 2606 Scipionem

262 2621 615 2691 Africanum,
642 2627 806 2678 eruta
834 2625 1136 2678 Numantia
1164 2630 1552 2680 revertentem
1593 2626 1911 2690 interroga-

258 2710 345 2765 vit
377 2711 512 2780 quid
548 2711 617 2765 de
650 2713 888 2766 Gracchi
937 2719 1118 2766 morte
1167 2713 1429 2769 sentiret.
1469 2714 1568 2770 Czti
1605 2716 1909 2771 Africanus

261 2799 365 2866 ait,
396 2798 525 2866 jure
545 2801 798 2855 occisum
825 2801 933 2855 sibi
961 2802 1163 2856 videri.

333 2889 468 2944 Post
490 2889 611 2945 luce
637 2889 810 2945 Gaius
836 2891 1112 2949 Grachns.
1140 2892 1380 2945 Gracchi
1411 2892 1568 2948 illius
1595 2893 1688 2961 qui
1719 2893 1830 2961 jam
1857 2893 1911 2946 in

261 2977 547 3032 seditione
577 2979 806 3034 occisus
839 2980 1023 3033 fuerat
1061 2982 1262 3048 frater,
1293 2982 1560 3036 tribunus
1592 2982 1777 3051 plebis
1813 2998 1913 3051 per

261 3066 573 3122 tumultum
595 3073 847 3134 creatus,
874 3083 1072 3136 magna
1097 3070 1176 3123 rei
1203 3070 1451 3140 [1111111οε0
1475 3071 1763 3140 pernicies
1786 3072 1908 3127 fuit.

260 3157 398 3210 Nam
450 3171 579 3211 cum
628 3171 766 3227 sepe
805 3157 1081 3227 populum
1133 3159 1448 3213 Romanum
1506 3159 1915 3227 largitionibus

270 3245 690 3315 promissisque
765 3247 956 3300 nimiis
1014 3247 1066 3300 in
1122 3248 1528 3303 acerbissimas
1593 3249 1914 3304 seditiones
1951 3298 1993 3318 η

1949 3299 1997 3356 G

263 3333 600 3402 excitasset,
624 3335 856 3389 tandem
883 3350 909 3390 a
935 3336 1259 3402 tribunatu,
1288 3337 1522 3392 lllinutio
1548 3354 1912 3406 successore,

264 3419 532 3477 decessit.
582 3422 687 3487 Qui
723 3423 996 3479 Minutins
1029 3440 1157 3479 eum
1193 3425 1516 3480 decessoris
1550 3427 1635 3481 sui
1676 3427 1913 3481 Gracchi

263 3513 481 3565 statuta
530 3512 918 3567 convulsis-set
981 3513 1250 3582 legesque
1312 3516 1676 3582 abrogasset,
1743 3517 1914 3570 Gaius

266 3598 562 3654 Gracchus
586 3614 714 3654 cum
743 3600 942 3655 Fulvio
967 3601 1187 3670 Flacco,
1225 3602 1440 3670 ingenti
1468 3604 1722 3673 stipatus
1745 3604 1918 3671 agmi-

264 3701 359 3757 ne,
383 3687 751 3758 Capitolium,
784 3689 874 3743 ubi
901 3689 1095 3743 contio
1120 3691 1471 3758 agitabatur,
1502 3694 1786 3759 asee.ndit,
1816 3694 1920 3748 ibi-

265 3789 374 3845 que
406 3789 534 3831 cum
561 3790 629 3831 eo
655 3777 1000 3846 duobusque
1037 3779 1169 3833 filiis
1195 3779 1317 3834 suis
1347 3781 1588 3835 armatis
1613 3782 1918 3837 maximum

264 3863 579 3920 tumultum
608 3865 916 3928 excitavit;
952 3867 1053 3921 sed
1089 3872 1325 3922 econtra
1355 3869 1563 3923 Decius
1591 3871 1801 3926 Brutus
1835 3872 1921 3925 vir

263 3952 593 4009 consularis
613 3969 677 4008 ac
698 3955 908 4009 Lucius
929 3956 1385 4025 Publicius('213)
1409 3973 1535 4011 cum
1562 3959 1778 4026 ingenti
1798 3975 1920 4013 eer-

263 4041 478 4097 tamine
512 4042 810 4098 insistunt.
861 4044 941 4097 lbi
977 4045 1216 4099 Flaccus
1253 4046 1585 4100 diutissime
1621 4048 1914 4116 pugnavit,

266 4131 560 4187 Gracchus
593 4145 731 4186 vero
765 4132 819 4186 in
849 4132 1129 4203 templum
1167 4134 1432 4188 Minerva)
1466 4136 1763 4202 secedens,
1801 4137 1920 4204 gla-

265 4219 360 4274 dio
391 4218 724 4275 incumbere
756 4220 959 4290 voluit,
995 4221 1093 4275 sed
1129 4223 1462 4277 interventu
1495 4224 1705 4278 Letorii
1739 4225 1920 4279 ⁸1⁷10-

264 4312 460 4362 tentus
509 4312 620 4363 est.
675 4309 930 4378 Cumque
964 4309 1058 4363 diu
1092 4324 1305 4380 anceps
1353 4309 1566 4365 bellum
1615 4317 1914 4381 ageretur,

261 4396 495 4451 tandem
529 4396 820 4465 sagittarii
847 4397 916 4450 ab
942 4397 1164 4468 Opimio
1192 4398 1373 4464 missi,
1411 4406 1742 4454 consertam
1781 4401 1922 4455 mul-

265 4483 571 4540 titud.nem
596 4484 1092 4540 disturbave.‘ant.
1120 4487 1241 4541 Duo
1266 4487 1448 4542 Flacci
1472 4493 1716 4558 pateret
1743 4490 1914 4551 filius.

261 4588 392 4630 cum
427 4587 528 4644 per
556 4573 734 4629 (edem
770 4575 939 4630 Luna:
974 4575 1026 4628 in
1064 4575 1348 4646 privatam
1381 4576 1610 4632 domum
1647 4579 1916 4634 desiluis-

2095 1998 2189 2051 [lis
2225 1998 2582 2066 temporibus
2618 1996 2934 2049 Ptholoniei
2971 1991 3270 2059 livergetis
3306 1989 3543 2045 secundi
3571 1988 3670 2043 mi-

2022 2101 2146 2139 sera
2175 2085 2288 2138 vita
2315 2084 2791 2138 miserabiliorcm
2819 2084 2950 2136 vitm
2975 2082 3193 2135 exitum
3221 2079 3400 2133 dedit.
3439 2080 3491 2132 Is
3515 2078 3665 2131 enim

2021 2189 2276 2227 Sororem
2311 2189 2491 2232 suam,
2522 2178 2727 2240 stupro
2760 2171 3049 2238 cognitam
3076 2187 3137 2222 ac
3164 2167 3370 2222 deinde
3395 2165 3446 2219 in
3474 2165 3669 2220 matri-

2022 2263 2210 2316 monio
2247 2270 2560 2330 receptam,
2592 2261 2896 2314 novissime
2931 2259 3157 2328 turpius
3185 2271 3350 2325 quam
3377 2254 3536 2309 duxit
3573 2255 3669 2308 ab-

2016 2349 2188 2418 jecit;
2245 2350 2560 2419 privignam
2615 2365 2796 2415 suam,
2853 2350 2957 2402 hoc
3008 2350 3094 2400 est
3147 2346 3318 2399 ﬁliam
3361 2343 3578 2399 sororis
3610 2345 3668 2397 et

2023 2438 2304 2505 conjugis,
2338 2437 2641 2505 ctntjngem
2667 2436 2934 2501 asscivit;
2970 2435 3145 2489 filium
3181 2449 3347 2503 quem
3372 2449 3444 2486 ex
3468 2446 3667 2486 sorore

2024 2534 2381 2597 susceperat,
2420 2543 2638 2581 necnon
2665 2533 2719 2579 et
2750 2525 2925 2580 tilium
2963 2524 3158 2578 fratris
3189 2522 3421 2577 occidit.
3459 2520 3669 2586 Quam-

2023 2616 2243 2682 obrem,
2301 2613 2479 2667 tantis
2534 2612 2774 2667 incestis
2825 2610 3265 2680 pt'trricidiisquc
3298 2606 3667 2675 execrabilis,

2024 2718 2170 2756 anno
2221 2701 2379 2768 regni
2427 2702 2514 2755 sui
2551 2702 2745 2756 211³111)
2782 2699 3188 2754 Alexandrinis
3240 2712 3415 2765 regno
3467 2693 3671 2766 pulsus

2024 2798 2132 2845 est.

2097 2879 2836 2947 (1111311.)1118101111101⁵111113
2887 2877 3085 2931 Cicero
3137 2874 3334 2945 Arpini
3385 2872 3666 2940 nascitur,

2026 2975 2208 3022 matre
2243 2967 2458 3021 llelwia
2496 2968 2746 3035 nznnine,
2774 2982 2843 3020 ex
2879 2965 3035 3034 regio
3063 2964 3402 3020 Vulscorum
3435 2975 3666 3031 genere,

2027 3063 2191 3126 patre
2217 3073 2352 3110 vero
2378 3055 2670 3124 equestris
2691 3055 2932 3109 ordinis.
2970 3055 3194 3109 Marcus
3217 3066 3444 3122 quoque
3472 3049 3672 3104 Furius

2028 3152 2215 3216 poeta,
2251 3149 2634 3214 cognomento
2684 3142 3015 3213 liibaculus,
3060 3145 3354 3197 Cremomc
3388 3137 3667 3194 nascitur.

2077 3265 2209 3310 Alex.
2278 3262 2392 3310 Jud.
2451 3263 2616 3321 Syrbe.

2133 3347 2156 3398 1
2308 3348 2364 3397 21
2527 3347 2587 3395 10
2696 3340 3093 3407 Ρ1110101110118,
3158 3337 3253 3407 qui
3311 3342 3367 3392 ct
3424 3335 3672 3390 Phiscou

2029 3432 2117 3485 vel
2152 3433 2376 3498 Sother,
2408 3429 2668 3498 regnavit
2702 3428 3062 3482 .»\lcxandri'.c
3095 3427 3260 3481 annis
3283 3432 3367 3493 17,
3395 3440 3423 3480 a
3451 3428 3673 3478 restau-

2032 3520 2253 3574 ratione
2308 3517 2500 3587 templi
2537 3533 2683 3571 anno
2725 3518 2870 3570 407υ⁸
2928 3516 3025 3569 1110
3061 3520 3262 3584 postea
3301 3528 3401 3584 per
3431 3515 3670 3566 matrem

2032 3609 2392 3678 Cleopatram
2426 3607 2494 3660 de
2526 3621 2702 3673 regno
2735 3606 2954 3675 pulsus,
2992 3605 3237 3673 Cyprum
3272 3601 3533 3670 secessit,
3569 3599 3673 3654 ite-

2032 3709 2275 3766 rumque
2309 3700 2435 3766 post
2470 3710 2649 3750 annos
2678 3694 2896 3762 aliquot
2933 3694 2982 3746 in
3018 3707 3255 3759 regnum
3300 3690 3490 3745 rediit.

2138 3791 2160 3840 1
2317 3788 2385 3840 24
2531 3790 2550 3839 1
2676 3783 3010 3850 Antiochus,
3057 3780 3152 3851 qui
3192 3785 3248 3835 et
3293 3779 3578 3850 Gryphus,
3614 3777 3674 3831 fi-

2033 3873 2144 3928 lius
2187 3873 2480 3940 Demetrii,
2530 3873 2789 3941 regnavit
2825 3871 3032 3940 Syri-a3;
3067 3869 3166 3925 sed
3204 3870 3379 3923 frater
3410 3867 3533 3936 ejus
3565 3867 3674 3920 An-

2034 3965 2261 4019 tiochus
2292 3965 2614 4030 Cizieenus,
2662 3964 2814 4018 1111118
2855 3962 3138 4030 Antiochi,
3177 3960 3372 4015 fratris
3402 3956 3675 4013 Demetrii

2032 4067 2101 4106 ex
2126 4053 2324 4105 eadem
2352 4050 2592 4105 muliere
2618 4052 2944 4121 Cleopatra,
2971 4050 3159 4116 ejecto
3184 4050 3380 4116 fratre,
3411 4045 3672 4115 regnavit

2033 4139 2187 4209 ipse;
2223 4154 2538 4207 rursusque
2573 4141 2770 4204 frater,
2815 4139 2920 4192 hoc
2954 4136 3216 4207 depulso,
3250 4150 3488 4203 regnum
3522 4148 3678 4188 rece-

2033 4228 2147 4298 pit;
2183 4227 2380 4296 sicquc
2409 4226 2842 4281 contendebant
2876 4226 3026 4279 inter
3059 4239 3120 4279 se
3152 4239 3256 4293 per
3285 4238 3465 4278 annos
3503 4226 3584 4291 19,
3618 4226 3674 4277 et

2031 4331 2102 4370 ex
2134 4315 2236 4370 1100
2274 4330 2509 4383 regnum
2553 4313 2694 4368 illud
2729 4329 2832 4383 per
2863 4329 2924 4367 se
2957 4328 3067 4367 non
3098 4311 3319 4380 habuit,
3355 4310 3455 4367 sed
3486 4311 3540 4365 in
3571 4312 3679 4364 llo-

2034 4419 2326 4459 manorutn
2363 4403 2640 4457 ditionem
2672 4402 2865 4456 cessit.

2105 4497 2168 4548 1'2
2356 4498 2370 4546 1
2562 4495 2594 4545 9
2705 4487 3093 4553 Aristobolus,
3170 4487 3324 4544 filius
3399 4485 3678 4541 Johannis

2035 4579 2298 4650 Hyrcani,
2351 4579 2736 4650 principatum
2781 4577 3110 4631 Iudaeorum
3158 4583 3285 4646 post
3337 4579 3557 4646 patrem
3587 4589 3679 4629 su-

264 4664 394 4718 sent
427 4663 698 4732 foresque
725 4662 1104 4732 objecissent,
1158 4665 1400 4720 aretieio
1445 4667 1694 4734 gratieio
1725 4668 1793 4698 ³³⁸
1827 4685 1920 4739 pa-
1950 4657 2002 4715 D
2034 4671 2245 4740 scepit,
2280 4668 2634 4739 primusque,
2673 4666 2936 4736 imposita
2967 4665 3076 4720 sibi
3111 4679 3347 4733 corona,
3381 4678 3529 4719 anno
3564 4677 3679 4718 uno

265 4751 399 4807 rieti
418 4749 486 4783 ³³⁸
505 4751 654 4806 amxi
677 4758 832 4807 sunt.
859 4753 1175 4821 Gracchus,
1200 4754 1295 4809 diu
1315 4770 1421 4824 pro
1445 4771 1503 4809 se
1526 4757 1918 4824 pugnantibus

265 4838 469 4895 amicis
494 4853 559 4894 ac
586 4841 985 4910 pereuntibus,
1013 4856 1167 4910 {egre
1189 4841 1258 4897 ad
1287 4847 1519 4912 pontem
1546 4844 1917 4899 Subsilieium

268 4927 554 5000 pervenit,
578 4927 792 4997 ibique,
816 4943 885 4983 ne
906 4928 1070 4984 vivus
1090 4935 1424 5001 caperetur.
1441 4932 1726 4986 cervicem
1750 4948 1920 4988 servo

268 5030 376 5071 suo
409 5016 658 5087 prebuit.
695 5016 874 5086 Cujus
909 5021 1085 5088 caput
1117 5019 1402 5075 abscisum
1427 5020 1653 5074 consuli
1679 5019 1917 5076 allatum

263 5109 376 5173 est,
410 5119 624 5177 corpus
644 5106 713 5161 ad
739 5105 1060 5161 Corneliam
1095 5112 1335 5161 matrem
1371 5109 1646 5164 Misenum
1682 5109 1918 5179 opidum

2031 4759 2316 4828 POgHaVH.

2104 4852 2167 4901 13
2351 4852 2372 4901 1
2532 4846 2596 4900 10
2706 4846 2850 4915 (Jos.
2911 4845 2996 4900 De
3051 4842 3189 4898 bell.
3249 4842 3440 4911 ,ἠπίη
3497 4857 3533 4897 1.
3599 4842 3677 4913 3.)

2033 4934 2377 5004 Alexander,
2431 4934 2526 5004 qui
2560 4939 2614 4989 et
2647 4936 2919 5000 Janneus,
2954 4935 3132 4988 frater
3161 4929 3504 5000 Aristoboli,
3542 4934 3677 5001 post

2031 5027 2274 5075 mortem
2301 5021 2498 5075 fratris
2524 5020 2918 5090 pontificatum
2944 5018 3271 5073 Iudaeorum
3297 5015 3517 5087 pariter
3540 5031 3672 5072 eum

2031 5123 2208 5177 regno
2259 5108 2541 5178 suscepit,
2576 5112 2635 5161 et
2667 5122 2769 5177 per
2803 5107 3005 5176 viginti
3037 5110 3260 5176 septem
3303 5118 3484 5160 annos
3515 5101 3584 5135 ³²¹
3618 5103 3674 5158 111

1628 5295 1860 5350 VARLE
1904 5293 2302 5349 LECTIONES.

336 5387 404 5420 “5
424 5387 800 5443 contentione
832 5390 883 5456 4,
918 5393 967 5443 5.
1046 5386 1114 5420 ⁸η
1138 5396 1560 5446 reeensuerunt
1591 5396 1647 5445 0‘3

263 5531 334 5564 33°
361 5529 673 5587 invadendi
709 5533 758 5586 4.
796 5534 846 5586 5.
881 5535 954 5586 9‘3.
993 5534 1076 5584 10.
1156 5530 1223 5562 ³³1
1254 5535 1313 5586 et
1343 5532 1561 5588 XXVIII
1593 5529 1756 5590 annis
1785 5538 1863 5590 9ο.

1723 5391 1790 5422 ³1⁷
1816 5391 2044 5445 lictoris
2083 5394 2160 5445 ll.

336 5394 800 5443 au“contentione
832 5394 883 5456 4,
918 5394 967 5443 5.
1046 5394 1114 5420 δι’
1138 5396 1560 5446 reeensuerunt
1591 5396 1647 5445 θα
1723 5394 1789 5422 “7
1816 5394 2044 5447 lictoris
2083 5394 2160 5446 tl.
2240 5394 2307 5422 ³³⁸
2332 5394 2418 5446 ita
2449 5394 2512 5459 (i.
2545 5405 2592 5446 θ.
2625 5406 2654 5446 a
2687 5394 2911 5445 Reticio
2943 5394 3197 5443 Gratieio

260 5460 392 5534 picti
412 5460 865 5534 cod§0e3,_qjuum
887 5461 951 5514 in
973 5460 1132 5515 Hist.
1157 5461 1429 5534 passage
1444 5462 1549 5534 et”!
1571 5467 1612 5515 t.
1643 5463 1878 5532 legatur
1898 5481 1916 5516 :
1942 5463 2199 5519 rescisso
2231 5462 2474 5518 craticio
2507 5461 2728 5534 pariete
2757 5459 3014 5517 confossi
3045 5463 3197 5516 sunt.

2240 5389 2307 5422 3”
2332 5391 2418 5446 ita
2449 5391 2512 5459 (ἰ.
2545 5405 2592 5446 e.
2625 5406 2654 5446 a
2687 5389 2911 5445 Reticio
2943 5386 3258 5458 Gratioio?)
3292 5400 3488 5444 omnes
3518 5401 3668 5458 quos

2240 5462 2474 5516 araticio
2509 5461 2728 5516 pariete
2757 5459 3014 5516 confossi
3045 5463 3197 5516 sunt.
3277 5457 3344 5492 ³ί⁹
3369 5458 3596 5516 pariete
3617 5463 3666 5515 5.

3369 5474 3596 5532 pariete
3617 5474 3666 5515 δ.

1860 5641 2082 5699 NOT/E.

341 5737 494 5812 (213)
528 5737 662 5796 Haec
695 5735 1070 5796 Ekkehardus
1103 5751 1175 5795 ex
1204 5739 1397 5797 verbis
1428 5740 1498 5796 Η.
1542 5754 1620 5798 111.
1666 5759 1677 5796 :
1711 5753 1749 5799 α
1778 5741 1930 5800 clivo
1968 5739 2245 5802 Publicio
2283 5739 2650 5800 deformavit.
