3932 6404
285 318 400 391 635

1447 337 1557 401 ΕΚ
1568 337 1929 403 KEHARDI
1972 335 2534 403 URAUGIENSIS

3581 338 3714 405 686

286 462 445 522 cives
475 479 615 525 suos
644 468 1052 529 crudelissime
1081 471 1364 544 regnavit.
1409 475 1531 533 Non
1565 474 1715 532 enim
1748 474 1937 532 minus
1964 477 2023 539 Α
2128 474 2293 531 Anno
2326 472 2539 546 quippe
2563 471 2738 531 Urbis
2767 472 3016 532 conditas
3042 471 3473 533 sexcentesimo
3496 477 3592 533 62°
3613 490 3712 535 so-

288 551 496 624 [quam
520 553 621 628 m]
654 556 1070 630 quinquaginta
1103 562 1255 618 milia
1282 564 1353 619 de
1375 564 1614 636 propria
1646 569 1818 634 gente
1843 564 1939 620 de-

288 641 559 701 bellando
586 661 690 716 per
712 662 813 703 sex
837 664 1017 705 annos
1050 650 1365 723 interfecit,
1397 653 1673 724 proprios
1707 666 1936 723 quoque

288 731 504 790 fratres
533 732 601 767 ³²³
631 734 876 793 alterum
910 740 1144 812 occidit,
1179 741 1425 797 alterum
1459 743 1637 798 rebus
1666 741 1936 797 omnibus

287 821 567 879 nudatum
602 828 1031 899 contemptibili
1067 831 1181 887 vita
1215 846 1408 887 secum
1444 831 1665 888 habuit.
1703 830 1810 897 Qui
1843 836 1938 887 27°

288 922 436 965 anno
468 914 742 985 moriens,
776 918 1007 989 conjugi
1040 935 1159 975 suae
1192 920 1557 987 Alexandria,
1593 936 1719 991 quae
1748 925 1803 975 et
1841 922 1937 975 Sa-

285 996 399 1055 lina
459 1004 804 1075 vocabatur,
859 1010 1018 1075 regni
1068 1010 1463 1078 gubernacula
1523 1025 1651 1066 cum
1712 1010 1937 1065 duobus

283 1086 423 1144 filiis
456 1093 717 1161 parvulis
750 1095 1005 1167 reliquit.
1042 1098 1215 1168 Cujus
1246 1105 1412 1155 actus
1445 1099 1540 1169 qui
1576 1098 1753 1154 latius
1784 1098 1933 1154 seire

284 1175 557 1250 voluerit,
590 1182 836 1239 tereium
866 1184 1153 1243 decimum
1180 1188 1412 1260 Iosephi
1444 1188 1654 1243 librum
1685 1185 1934 1258 antiqui-

286 1266 428 1322 tatis
468 1267 747 1340 bystorize
787 1272 985 1344 legere
1029 1280 1218 1332 curet.

332 1364 469 1414 Alex.
555 1367 669 1416 Jud.
756 1372 861 1432 Syr.

388 1447 411 1499 1
602 1451 635 1503 6
782 1456 847 1507 15
960 1450 1188 1525 ("li-IK.)
1247 1452 1657 1522 Ptbolomeus,
1715 1453 1810 1524 qui
1870 1458 1931 1509 et

282 1532 630 1606 Alexander,
659 1538 826 1609 pulso
850 1539 920 1597 de
943 1557 1123 1611 regno
1146 1542 1489 1598 Ptholomeo
1517 1543 1801 1599 Pbiscone
1826 1558 1930 1614 per

281 1626 524 1677 matrem
579 1625 967 1699 Cleopatram,
1028 1631 1291 1699 regnavit
1349 1629 1712 1687 Alexandriae
1763 1632 1929 1688 annis

280 1722 504 1782 novem,
538 1727 568 1767 a
598 1717 1033 1774 restauratione
1074 1718 1275 1791 templi
1319 1733 1468 1774 anno
1517 1721 1645 1775 4240

383 1802 417 1853 2
595 1808 629 1858 7
776 1809 844 1861 16

383 1891 415 1943 3
596 1895 629 1947 8
775 1898 841 1949 17

382 1978 416 2032 4
596 1983 628 2035 9
774 1985 842 2038 18

382 2068 414 2120 5
563 2071 630 2123 10
780 2072 845 2126 19

380 2157 414 2211 6
562 2159 618 2211 11

382 2247 416 2299 7
567 2249 633 2301 12
708 2246 925 2304 defecit

380 2336 414 2387 8
562 2338 628 2390 13
704 2350 945 2406 regnum

381 2426 414 2479 9
561 2425 629 2479 14
706 2425 905 2495 Syriae.

348 2510 448 2581 (II.
483 2526 559 2568 m.
595 2519 654 2569 et
681 2516 758 2569 H.
797 2516 894 2586 Ε.)
928 2516 1091 2573 Anno
1120 2516 1610 2586 sexingentesimo
1644 2518 1925 2589 quinqua-

272 2600 496 2669 gesimo
521 2616 692 2671 nono,
721 2604 815 2673 qui
841 2609 931 2660 est
955 2611 1200 2675 quartus
1230 2606 1554 2662 Ptbolomei
1586 2606 1921 2673 Alexandri,

272 2701 401 2741 cum
439 2704 614 2759 prope
647 2692 835 2746 omnia
870 2692 1018 2748 bella
1063 2700 1340 2749 extranea
1375 2701 1724 2757 cessassent.
1756 2712 1925 2768 supe-

272 2780 400 2833 rato
433 2777 489 2833 in
522 2779 789 2836 Numidia
820 2796 923 2851 per
956 2783 1246 2837 Metellum
1282 2784 1544 2855 primum,
1581 2786 1788 2842 deinde
1820 2802 1923 2858 per

273 2864 512 2922 Marium
542 2872 602 2921 et
635 2868 843 2939 Syllam
891 2872 1156 2940 Jugurta,
1210 2882 1342 2943 post
1391 2875 1513 2930 lucc
1565 2876 1813 2931 Cimbris
1864 2882 1923 2932 et

270 2954 630 3011 Teutonibus
670 2972 772 3027 per
804 2959 1039 3014 Marium
1070 2965 1129 3015 et
1158 2959 1429 3025 Quintqu
1472 2964 1759 3031 Catulum,
1795 2980 1926 3034 gra-

270 3042 567 3098 vissimum
602 3044 657 3099 in
688 3045 850 3102 Italia
887 3046 1101 3103 bellum
1132 3049 1404 3105 Picenses
1431 3050 1496 3084 ³²⁶
1528 3057 1587 3107 et
1619 3054 1787 3108 Marsi
1822 3055 1922 3109 Pe-

270 3129 529 3201 lignique
562 3141 887 3201 moverunt,
917 3137 1010 3207 qui
1036 3138 1202 3194 annis
1234 3141 1691 3210 numerosisjam
1716 3143 1921 3198 Roma-

268 3219 358 3275 nis
391 3222 834 3291 subjacuerunt.
872 3226 1082 3283 Contra
1115 3243 1261 3298 quos
1286 3244 1314 3283 a
1342 3230 1611 3286 Romanis
1642 3232 1785 3286 bene
1824 3249 1921 3302 pu-

263 3314 502 3377 gnatum
555 3318 647 3367 est
678 3329 705 3368 a
740 3315 878 3371 Gaio
928 3317 1123 3387 Mario,
1168 3318 1266 3388 qui
1312 3318 1427 3387 jam
1475 3320 1666 3376 sexies
1713 3322 1917 3378 consul

266 3398 476 3469 fuerat,
510 3406 567 3455 et
601 3416 629 3456 a
664 3403 817 3458 Gneo
849 3406 1143 3476 Pompeio,
1176 3407 1423 3463 maxime
1455 3413 1645 3465 tamen
1680 3423 1709 3465 a
1746 3411 1916 3465 Lucio

268 3487 534 3544 Cornelio
564 3490 738 3561 Sylla,
766 3492 863 3562 qui
890 3493 1041 3548 inter
1064 3495 1177 3549 alia
1200 3496 1436 3565 egregia
1465 3497 1791 3553 Cluentium
1817 3499 1919 3555 du-

264 3589 389 3631 cem
440 3576 692 3633 hostium
728 3579 806 3634 ita
836 3595 966 3636 cum
1019 3582 1243 3650 magnis
1294 3584 1478 3654 copiis
1528 3585 1696 3653 fudit,
1742 3590 1804 3641 ut
1843 3601 1916 3641 ex

263 3664 389 3719 suis
437 3680 611 3722 unum
643 3665 711 3699 ³²³
740 3668 1055 3725 amitteret.
1100 3673 1217 3727 [loc
1268 3672 1483 3727 bellum
1533 3674 1917 3742 quadriennio

261 3766 392 3808 cum
419 3754 585 3822 gravi
614 3755 951 3812 calamitate
974 3762 1249 3826 tractum,
1276 3760 1481 3828 quinto
1505 3762 1732 3817 demum
1763 3778 1913 3819 anno

262 3840 431 3898 finem
465 3844 690 3915 accepit
730 3860 835 3915 per
878 3847 1111 3903 Lucium
1155 3848 1481 3904 Cornelium
1524 3851 1756 3920 Syllam,
1793 3858 1911 3908 tum

260 3929 581 4003 consulem,
614 3948 744 3989 cum
774 3939 943 3989 antea
969 3934 1023 3990 in
1047 3935 1250 3991 eodem
1276 3937 1429 3993 bello
1460 3939 1637 3996 multa
1672 3945 1912 3998 strenue

259 4024 478 4089 praeter
506 4020 741 4090 egisset.
773 4025 905 4094 Ipso
940 4023 994 4079 in
1028 4029 1289 4096 tempore
1332 4026 1457 4082 dira
1492 4029 1755 4099 prodigia
1790 4029 1910 4087 visa

259 4110 413 4162 sunt.
468 4109 603 4164 Nam
656 4113 765 4167 sub
810 4116 943 4168 ortu
989 4113 1133 4169 solis
1176 4114 1386 4183 globus
1433 4116 1583 4185 ignis
1613 4132 1642 4173 a
1678 4123 1911 4190 septen-

256 4196 448 4251 trione
468 4213 597 4253 cum
623 4200 870 4256 maximo
900 4202 1033 4257 coeli
1060 4202 1287 4273 fragore
1322 4204 1551 4271 micuit;
1586 4208 1736 4277 apud
1774 4210 1911 4264 Are-

256 4284 412 4340 tinos
434 4285 489 4341 in
512 4289 780 4345 convivio
802 4304 833 4346 e
860 4291 1109 4361 panibus
1130 4307 1306 4348 cruor
1331 4294 1492 4364 quasi
1515 4309 1545 4351 e
1565 4296 1908 4355 vulneribus

257 4389 567 4445 corporum
605 4376 800 4443 ﬂuxit;
834 4394 934 4449 per
956 4385 1179 4451 septem
1202 4382 1511 4439 continuos
1536 4384 1661 4441 dies
1682 4388 1907 4455 grando

255 4461 533 4535 lapidum,
565 4465 841 4523 immixtis
872 4469 1047 4524 etiam
1079 4474 1363 4526 testarum
1396 4472 1758 4542 fragmentis,
1792 4479 1909 4531 ter-

2050 562 2183 620 ciali
2216 562 2391 633 bello,
2419 564 2619 620 multis
2652 563 3116 636 repugnantibus
3140 578 3243 636 per
3267 568 3448 620 totam
3476 564 3707 622 Italiam

2049 652 2359 722 suscitato,
2396 653 2732 709 intestinum
2767 653 2980 708 bellum
3012 652 3345 723 adjunctum
3374 657 3484 724 est,
3508 654 3710 711 multi-

2048 741 2349 813 plicesque
2372 742 2739 798 calamitates
2763 743 3260 813 perturbaverunt
3291 742 3564 814 populum
3590 744 3707 799 Ro-

2047 846 2295 901 manum,
2330 832 2592 901 quamvis
2617 830 2732 900 jam
2764 830 3001 887 Romani
3027 830 3339 887 multarum
3361 830 3573 887 domini
3598 846 3704 888 vo-

2044 924 2321 974 carentur
2352 919 2632 988 gentium.
2663 921 2903 975 Causam
2928 934 3067 975 vero
3089 919 3280 975 civilis
3302 919 3438 975 belli
3461 920 3697 990 Marius,

2038 1006 2154 1076 jam
2207 1008 2401 1063 sexies
2450 1007 2678 1076 consul,
2712 1007 2893 1063 dedit.
2947 1008 3085 1062 Nam
3118 1022 3246 1063 cum
3280 1008 3432 1080 Sylla
3463 1009 3695 1077 consul,

2042 1100 2321 1164 gesturus
2368 1094 2581 1151 bellum
2627 1100 2830 1151 contra
2863 1096 3248 1166 Metridatem,
3284 1098 3380 1168 qui
3414 1097 3602 1154 Asiam
3630 1104 3694 1154 et

2044 1185 2315 1241 Achaiam
2337 1185 2652 1255 invaserat,
2672 1185 3027 1255 mitteretur,
3048 1185 3150 1241 sed
3165 1186 3483 1243 exercitum
3504 1187 3695 1244 adhuc

2044 1273 2341 1345 paulisper
2383 1273 2439 1329 in
2484 1274 2789 1345 Campania
2843 1278 3088 1344 teneret,
3140 1280 3203 1331 ut
3249 1274 3383 1332 belli
3429 1275 3691 1347 socialis,

2043 1362 2218 1431 quod,
2256 1366 2316 1417 ut
2347 1377 2522 1432 supra
2558 1362 2831 1423 diximus.
2872 1362 2926 1417 in
2963 1361 3125 1417 italia
3156 1365 3382 1432 gestum
3415 1368 3525 1430 est,
3557 1363 3696 1420 reli-

2042 1450 2191 1520 quiae
2223 1450 2592 1521 tollerentur,
2620 1451 2832 1507 Marius
2857 1451 3148 1507 affectavit
3170 1456 3252 1521 ut,
3279 1452 3526 1523 septimo
3552 1467 3694 1511 con-

2041 1539 2234 1595 sulatu
2269 1540 2375 1596 sibi
2407 1540 2735 1607 commisso,
2770 1540 2893 1611 ipse
2918 1540 2987 1596 ad
3016 1540 3229 1596 bellum
3262 1541 3689 1598 Metridaticum

2042 1628 2397 1683 mitteretur.
2440 1628 2559 1694 Qua
2597 1642 2658 1683 re
2691 1627 2841 1698 Sylla
2876 1633 3219 1697 commotus,
3260 1644 3389 1685 cum
3421 1629 3689 1686 exercitu

2043 1715 2110 1770 ad
2138 1717 2346 1771 Urbem
2372 1718 2551 1783 venit,
2577 1721 2633 1771 et
2659 1722 2792 1772 ante
2816 1718 3028 1772 Urbem
3052 1717 3304 1785 legatum
3329 1717 3487 1772 Marii
3518 1717 3686 1788 quasi

1957 1836 2010 1896 B
2041 1804 2282 1896 primam
2312 1805 2604 1861 victimam
2647 1804 2781 1896 belli
2822 1804 3280 1896 civilisyoccidit,
3315 1820 3447 1896 mox
3473 1806 3687 1896 Urbem

2039 1893 2274 1965 irrUpit,
2308 1899 2368 1949 et
2395 1900 2596 1951 contra
2645 1894 2883 1950 Marium
2916 1909 2980 1950 ac
3017 1892 3335 1965 Sulpicium
3382 1894 3684 1965 dimicans,

2040 1981 2355 2053 Sulpicium
2390 1982 2628 2053 occidit,
2662 1982 2900 2039 Marium
2942 1982 3182 2053 fugavit,
3216 1988 3392 2055 atque
3423 1983 3501 2040 ita
3531 1982 3690 2041 ordi-

2038 2072 2192 2127 natis
2215 2072 2271 2127 in
2300 2072 2555 2129 futurum
2582 2086 2791 2129 annum
2813 2072 3155 2129 consulibus
3180 2073 3334 2128 Gneo
3356 2072 3596 2130 Octavio
3624 2076 3689 2130 et

2039 2160 2305 2216 Cornelio
2324 2161 2519 2229 Cinna,
2547 2161 2617 2217 ad
2642 2161 2832 2217 Asiam
2856 2160 3153 2231 profectus
3174 2164 3281 2216 est.
3309 2159 3518 2217 Marius
3549 2175 3689 2217 vero

2035 2264 2164 2304 cum
2201 2264 2538 2321 permovere
2589 2249 2979 2318 nobilitatem,
3028 2248 3383 2305 inflammare
3434 2248 3682 2321 plebem,

2036 2352 2371 2408 perarmare
2394 2338 2655 2393 ordinem
2675 2342 3007 2408 equestrem
3032 2338 3313 2394 adversus
3338 2337 3543 2409 Syllam
3569 2338 3688 2394 fru-

2037 2430 2159 2481 stra
2208 2431 2556 2497 temptasset
2588 2426 2676 2497 3’“,
2710 2426 2943 2483 tandem
2991 2426 3047 2481 in
3097 2426 3442 2498 Capitolium
3475 2427 3685 2495 cessit;

2037 2514 2137 2570 sed
2159 2530 2188 2569 a
2215 2516 2484 2586 partibus
2506 2514 2754 2586 Syllanis
2774 2516 3035 2585 graviter
3057 2514 3366 2579 contritus,
3394 2514 3464 2570 ab
3486 2528 3555 2571 eo
3578 2514 3686 2571 dif-

2040 2604 2203 2673 lugit,
2239 2608 2299 2659 et
2332 2605 2804 2674 persequentium
2838 2604 3117 2659 instantia
3148 2604 3594 2674 circumseptus,
3622 2603 3680 2660 iu

2035 2692 2515 2748 Minturnensium
2569 2692 2880 2763 paludibus
2928 2706 3055 2748 sese
3105 2691 3349 2761 abdidit,
3397 2706 3429 2747 e
3469 2692 3679 2761 quibus

2037 2780 2350 2837 infeliciter
2383 2780 2506 2837 luto
2534 2781 2756 2837 oblitus
2791 2780 3292 2851 ignominioseque
3325 2784 3674 2851 protractus,

2036 2869 2191 2940 turpi
2226 2865 2457 2940 quoque
2490 2869 2829 2940 spectaculo
2862 2869 3181 2925 Minturnas
3209 2869 3515 2938 deductus,
3546 2883 3683 2925 con-

2034 2962 2353 3028 trususque
2407 2959 2461 3013 iu
2512 2973 2832 3022 carcerem,
2888 2973 3292 3029 percussorem
3336 2958 3406 3013 ad
3440 2974 3501 3014 se
3550 2957 3681 3013 mis-

2033 3061 2157 3102 sum
2180 3047 2247 3079 ³³⁷
2270 3047 2396 3103 solo
2428 3047 2555 3103 visu
2588 3047 2937 3103 conterruit.
2970 3047 3188 3103 Deinde
3220 3046 3466 3117 lapsuse
3490 3046 3681 3102 vincu-

2035 3133 2126 3204 lis,
2159 3134 2212 3190 in
2250 3136 2499 3192 Africam
2548 3136 2886 3204 transfugit,
2940 3135 3378 3205 sollicitatoque
3417 3149 3489 3190 ex
3516 3135 3676 3191 Utica

2034 3222 2151 3279 filio
2184 3238 2291 3280 suo
2325 3224 2521 3295 Mario,
2560 3223 2654 3280 ubi
2689 3224 2738 3279 is
2769 3224 3036 3279 custodia
3069 3224 3513 3292 observabatur,
3546 3238 3678 3279 con-

2033 3311 2193 3368 tinuo
2241 3319 2471 3369 Romam
2521 3328 2821 3383 regressus
2850 3316 2959 3380 est,
2996 3312 3305 3382 Cinnaeque
3337 3310 3562 3369 consuli
3587 3326 3678 3368 so-

2028 3400 2242 3457 cietate
2291 3402 2577 3458 scelerum
2630 3401 2975 3470 conjunctus
3020 3407 3147 3466 est;
3199 3401 3400 3471 sicque
3430 3399 3677 3457 collecto

2026 3490 2313 3557 exercitu,
2339 3492 2575 3547 Romam
2606 3491 2878 3561 ingressi,
2914 3490 3309 3546 nobilissimos
3330 3504 3361 3545 e
3384 3494 3584 3545 senatu
3615 3494 3672 3545 et

2026 3580 2368 3637 consulares
2409 3581 2564 3637 viros
2596 3580 3040 3650 interfecerunt,
3072 3579 3288 3635 multos
3322 3577 3674 3651 proscripse-

2027 3672 2193 3735 runt;
2226 3670 2411 3739 ipsius
2440 3669 2611 3741 Syllae
2645 3670 2817 3726 domo
2848 3681 3076 3735 eversa,
3108 3682 3347 3725 uxorem
3377 3669 3501 3738 ejus
3525 3670 3582 3724 et
3614 3666 3673 3722 li-

2026 3755 2136 3813 lios
2166 3759 2237 3814 ad
2263 3759 2451 3828 fugam
2483 3757 2921 3829 compulerunt;
2956 3758 3265 3814 universus
3294 3756 3556 3827 reliquus
3585 3769 3671 3812 se-

2026 3851 2199 3904 natus
2222 3862 2293 3903 ex
2319 3848 2469 3903 Urbe
2504 3846 2746 3916 fugiens,
2776 3847 2845 3901 ad
2876 3845 3089 3916 Syllam
3114 3846 3167 3900 in
3193 3844 3450 3901 Greciam
3482 3843 3665 3910 venit;

2023 3952 2198 3993 orans
2226 3942 2290 3993 ut
2321 3936 2528 4009 patriae
2578 3936 2939 3993 subveniret.
2991 3935 3098 4002 Qui
3129 3934 3326 3992 statim
3360 3933 3416 3990 in
3447 3932 3666 3989 Italiam

2026 4025 2275 4095 trajecit.
2313 4025 2525 4082 Marius
2568 4029 2759 4081 autem
2799 4040 2927 4080 cum
2971 4023 3279 4094 septimum
3308 4020 3665 4078 consulatum

2023 4116 2355 4185 invasisset,
2380 4115 2554 4170 Cinna
2575 4114 2691 4183 jam
2716 4112 2898 4168 tercio
2921 4111 3177 4182 consule,
3204 4110 3259 4167 in
3277 4110 3518 4167 exordio
3538 4124 3667 4165 con-

2020 4203 2246 4261 sulatus
2284 4203 2516 4275 septimi
2553 4217 2685 4259 sera
2722 4202 2952 4258 tandem
2987 4206 3172 4257 morte
3205 4206 3515 4271 prereptus
3544 4202 3663 4262 est;

2021 4293 2196 4349 Cinna
2233 4307 2371 4348 vero
2404 4292 2477 4348 ab
2505 4290 2769 4348 exercitu
2804 4305 2912 4347 suo
2945 4289 3291 4345 interfectus
3319 4293 3430 4344 est.
3461 4287 3666 4341 R.:ver-

2021 4384 2151 4437 tens
2183 4387 2377 4437 autem
2407 4380 2582 4451 Sylla,
2616 4394 2745 4436 cum
2787 4379 2901 4448 jam
2938 4380 3131 4435 Romae
3163 4376 3436 4432 consules
3462 4373 3661 4431 mutati

2019 4476 2234 4537 essent,
2270 4474 2329 4525 et
2360 4469 2594 4538 Marius,
2645 4467 2806 4524 Marii
2856 4466 3033 4536 filius,
3070 4480 3137 4521 ac
3168 4464 3435 4536 Papirius
3484 4462 3663 4518 Carbo

255 4563 375 4605 ram
423 4550 708 4609 latissime
757 4556 1120 4623 verberavit;
1175 4557 1230 4612 in
1281 4560 1527 4615 Samniae
1577 4563 1905 4631 partibuse
1937 4558 1990 4618 D
2020 4558 2386 4615 consulatum
2432 4557 2799 4628 accepissent
2846 4559 3052 4611 contra
3100 4554 3335 4611 Marium
3380 4551 3660 4623 juniorem

253 4641 585 4697 vastissimo
616 4647 788 4699 terrae
813 4644 972 4700 hiatu
998 4644 1221 4700 ﬂamma
1252 4648 1524 4718 prorupit
1546 4654 1606 4703 et
1631 4665 1811 4720 usque
1833 4653 1903 4707 ad

253 4727 457 4785 caelum
489 4731 727 4787 extendi
758 4732 882 4788 visa
914 4737 1023 4787 est.
1057 4734 1212 4789 Tunc
1243 4728 1416 4790 etiam
1451 4736 1703 4792 omnium
1735 4753 1907 4808 gene-

254 4831 379 4872 rum
430 4818 720 4888 animalia,
775 4834 903 4889 quas
952 4820 1111 4876 inter
1156 4822 1420 4878 homines
1460 4824 1657 4881 vivere
1688 4827 1903 4899 solent,

254 4905 479 4963 relictis
528 4907 780 4963 stabulis
830 4908 1203 4979 pascuisque,
1239 4925 1369 4967 cum
1404 4912 1620 4983 balatu,
1676 4914 1904 4975 hinnitu

250 4996 589 5065 gemituque
641 4996 963 5052 miserabili
1012 4996 1083 5052 ad
1130 4999 1309 5055 siivas
1354 5008 1699 5074 montesque
1750 5005 1907 5077 fuge-

254 5089 419 5151 runt;
450 5098 644 5155 canes,
679 5100 923 5155 quorum
950 5090 1154 5141 natura
1179 5092 1271 5143 est
1294 5094 1457 5145 extra
1486 5090 1746 5150 homines
1775 5109 1908 5152 esse

253 5185 364 5226 non
402 5187 592 5243 posse,
630 5172 958 5229 lacrimosis
987 5173 1307 5233 ululatibus
1333 5178 1461 5248 vagi
1491 5178 1758 5251 luporum
1786 5183 1904 5240 ritu

255 5259 701 5317 oberraverunt.
737 5263 849 5318 Nec
883 5276 1063 5333 mora,
1090 5269 1222 5335 post
1246 5265 1370 5323 hinc
1402 5273 1517 5323 tam
1547 5271 1745 5338 gravia
1773 5287 1909 5344 pro-

254 5345 408 5416 digia
442 5348 635 5405 civilia
665 5349 817 5406 bella
838 5354 1038 5408 secuta
1071 5358 1227 5411 sunt.

2020 4648 2325 4717 dimicans,
2362 4652 2426 4702 15
2456 4646 2612 4702 milia
2644 4645 2879 4714 occidit,
2912 4644 2982 4700 de
3012 4643 3135 4700 suis
3164 4646 3269 4699 400
3294 4641 3505 4699 amisit.
3541 4640 3660 4695 Mox

2017 4737 2193 4794 etiam
2225 4737 2437 4793 Urbem
2472 4736 2792 4806 ingressus,
2820 4734 2931 4790 tria
2956 4732 3110 4789 milia
3140 4730 3433 4789 hominum
3463 4734 3657 4787 contra

2016 4827 2210 4883 datam
2243 4826 2413 4882 iidem
2443 4824 2696 4881 inermes
2725 4822 2990 4895 peremit.
3026 4824 3281 4893 Cumque
3311 4834 3511 4890 magna
3533 4834 3660 4875 cru-

2016 4914 2257 4972 delitate
2279 4919 2484 4972 contra
2510 4917 2710 4971 sontes
2734 4913 3116 4983 insontesque
3147 4910 3383 4980 seviret,
3418 4908 3657 4976 Quintus

2017 5004 2259 5061 Catulus
2282 5003 2469 5075 palam
2503 5003 2673 5075 Syllae
2699 5002 2847 5058 dixit
2874 5021 2886 5056 :
2915 5003 3063 5059 Cum
3085 4999 3303 5072 quibus
3325 4999 3558 5056 tandem
3576 4998 3658 5054 vi-

2014 5095 2175 5152 cturi
2211 5107 2435 5162 sumus,
2469 5093 2525 5150 si
2551 5094 2619 5149 in
2648 5092 2794 5149 bello
2824 5092 3110 5160 armatos,
3144 5092 3212 5146 in
3229 5102 3382 5161 pace
3408 5089 3657 5145 inermes

2015 5181 2372 5240 occidimus?
2399 5179 2553 5251 Sylla
2586 5180 2783 5250 itaque
2816 5180 3077 5248 Marium,
3104 5178 3262 5233 Marii
3288 5176 3485 5244 filium,
3510 5177 3657 5231 Prte-

2017 5274 2181 5326 ueste
2213 5272 2579 5341 persecutus,
2617 5266 2852 5323 obsedit
2883 5272 2942 5322 et
2974 5266 3044 5322 ad
3078 5269 3321 5321 mortem
3353 5262 3651 5336 compulit,

2018 5364 2151 5431 post
2183 5358 2306 5415 haec
2336 5358 2406 5414 de
2435 5356 2744 5413 Metridate
2775 5356 2996 5427 ingenti
3044 5355 3231 5426 gloria
3276 5353 3653 5425 triumphavit

1628 5471 1864 5529 VARLE
1905 5474 2305 5532 LECTIONES.

320 5576 510 5660 "’ita
538 5585 614 5662 ρο.
648 5582 813 5639 deest
838 5585 887 5638 4.
923 5588 973 5639 5.
1011 5589 1095 5640 10.
1131 5589 1217 5644 11.
1297 5584 1366 5619 ⁸³³
1398 5585 1563 5646 deest
1590 5591 1640 5643 δ.
1718 5587 1786 5622 ³³⁸
1817 5590 2074 5662 picensis
2104 5596 2153 5649 5.
2233 5588 2304 5624 ³²³
2341 5604 2515 5650 unum
2555 5604 2669 5648 non
2703 5591 2752 5646 4.
2787 5602 2899 5648 non
2941 5602 3118 5647 unum
3149 5591 3234 5647 11.
3314 5584 3384 5621 ³³⁵
3411 5585 3579 5645 deest
3599 5591 3647 5645 9.

246 5646 315 5691 ³³⁷
345 5650 519 5718 misso
542 5656 594 5713 ὅ.
