3932 6420
241 384 359 455 637

1116 371 1558 474 cuaomca.
1597 402 1677 417 -
1704 360 2187 432 CHRONICON
2228 360 2775 428 UNIVERSALE.

3544 340 3663 409 638

281 525 360 585 Η.
389 523 497 597 m.)
530 521 720 579 Gneus
748 520 941 577 autem
969 517 1305 590 Pompeius,
1341 512 1497 586 quod
1521 511 1665 571 nulli
1693 513 1899 566 Roma-
1927 501 1982 560 A
2016 523 2145 566 cum
2176 503 2311 561 ﬁliis
2345 502 2592 561 includit
2618 502 2675 557 in
2705 496 2951 557 castello
2986 492 3268 597 quodam;
3305 487 3667 597 antetamen

248 630 456 674 norum
486 612 774 669 tributum
803 612 950 679 erat,
984 608 1323 665 vicesimum
1364 609 1635 677 quartum
1689 617 1895 658 annum

252 705 451 764 atatis
472 699 747 772 agens,de
774 697 965 754 Africa
989 696 1350 769 trimphavit.
1380 695 1533 766 Sylla
1558 694 1751 765 itaque
1768 697 1901 764 post

254 793 436 851 multa
465 789 686 860 flagicia
712 787 972 843 dictator
996 790 1231 841 creatus
1253 788 1363 854 est,
1403 789 1466 841 ut
1490 781 1903 839 dominationis

255 886 317 939 et
341 877 716 938 crudelitatis
739 875 919 931 libido
942 874 1171 930 honesti
1193 873 1442 928 nominis
1468 871 1795 929 reverentia
1811 886 1905 926 ve-

257 969 503 1027 laretur.
539 964 861 1023 Novissime
894 967 1084 1020 tamen
1119 965 1411 1034 potestate
1434 962 1700 1033 privatus
1735 959 1905 1016 mori-

261 1066 381 1130 tur,
409 1056 763 1125 tandemque
786 1053 1057 1110 conclusa
1090 1055 1227 1107 sunt
1260 1052 1374 1107 duo
1407 1051 1556 1107 bella
1584 1049 1907 1107 funestissi-

260 1163 372 1219 ma,
400 1145 617 1205 sociale
645 1144 906 1199 Italicum
934 1147 993 1198 et
1015 1141 1185 1198 civile
1210 1141 1661 1211 Syllanum,quae
1689 1154 1787 1210 per
1813 1153 1909 1194 au-

264 1253 372 1296 nos
402 1236 598 1293 decem
633 1238 957 1305 protracta,
991 1230 1124 1303 plus
1157 1245 1324 1301 quam
1360 1233 1589 1285 centum
1630 1229 1910 1299 quinqua-

261 1327 422 1398 ginta
448 1324 601 1380 milia
625 1324 1015 1378 Romanorum
1040 1322 1546 1389 consumpserunt.
1577 1318 1786 1387 (HIER.)
1814 1316 1913 1371 [lis

270 1413 637 1486 temporibus
662 1410 997 1468 Terrentius
1024 1410 1207 1464 Varro
1239 1407 1597 1463 tricesimum
1646 1407 1908 1476 quintum

266 1517 479 1560 annum
513 1500 708 1558 aetatis
739 1514 935 1569 agens,
966 1497 1197 1554 litteras
1218 1511 1440 1552 summo
1464 1495 1658 1552 studio
1683 1493 1907 1550 didicit.

267 1591 494 1661 Cicero,
530 1589 768 1645 defenso
815 1592 1018 1643 contra
1068 1586 1489 1655 Chrisogonum
1546 1584 1788 1640 Rustico
1820 1581 1907 1651 ³²⁸,

273 1680 534 1737 Athenas
563 1677 740 1746 cedit,
775 1675 982 1733 deinde
1016 1679 1150 1746 post
1179 1673 1492 1730 triennium
1541 1675 1779 1729 Romam
1828 1686 1913 1726 re-

265 1770 635 1840 gressugilti0
668 1765 863 1822 aetatis
893 1780 1012 1820 sua)
1064 1779 1211 1820 anno
1253 1764 1429 1819 etiam
1472 1762 1767 1830 Quintium
1817 1761 1913 1815 de-

270 1855 955 1925 fendit.Quointempore
970 1853 1195 1908 Plotius
1215 1851 1413 1908 Gallus
1436 1853 1630 1907 Romae
1657 1849 1909 1906 Latinam
1941 1859 1996 1919 Β

269 1945 624 2004 rethoricam
664 1943 887 2015 primus
919 1941 1138 2012 docuit,
1165 1940 1330 2010 cujus
1358 1942 1533 1997 etiam
1583 1941 1781 1996 Cicero
1801 1954 1914 1994 me-

269 2035 460 2093 minit.
488 2033 697 2091 Lucius
719 2032 1071 2102 Pomponius
1097 2030 1471 2087 Bononiensis
1494 2029 1825 2087 catillarum
1847 2026 1916 2060 ³³⁸

270 2126 532 2199 scriptor
562 2129 700 2180 tunc
728 2122 961 2179 claruit.
995 2122 1299 2178 Lucretius
1326 2120 1499 2176 ctiam
1533 2123 1705 2191 poeta
1730 2118 1917 2174 nasci-

268 2218 391 2282 tur,
427 2212 522 2283 qui
556 2210 839 2268 amatorio
872 2210 1077 2280 poculo
1110 2209 1320 2265 hausto
1350 2208 1401 2263 in
1434 2207 1743 2263 amentiam
1792 2220 1918 2260 ver-

269 2318 398 2373 sus,
430 2300 659 2371 aliquos
689 2298 874 2355 libros
910 2313 1011 2369 per
1039 2297 1345 2353 intervalla
1370 2296 1621 2351 vesaniae
1657 2294 1914 2365 scripsit,

274 2407 426 2464 quos
451 2391 653 2448 Cicero
677 2392 879 2460 postea
903 2387 1262 2443 emendavit.
1300 2386 1539 2456 Crispus
1571 2399 1802 2456 quoque
1826 2385 1921 2439 Sa-

275 2479 495 2538 lustius
516 2476 1039 2548 bystoriographus
1062 2475 1352 2532 nascitur.
1388 2473 1664 2544 Virgilius
1687 2475 1839 2529 Maro
1865 2473 1920 2528 in

278 2584 430 2642 pago
461 2567 556 2638 qui
583 2565 1167 2622 Andesdiciturhaut
1195 2563 1447 2635 procula
1472 2564 1700 2617 Mantua
1738 2562 1923 2618 nasci-

274 2665 401 2715 tur.
433 2656 665 2712 Portius
690 2654 830 2711 Cato
854 2654 1080 2709 Stoicus
1109 2652 1919 2724 phylosophuscognoscitur.

273 2746 378 2803 His
412 2744 768 2816 temporibus
809 2741 1200 2814 Apollodorus
1257 2743 1648 2811 Pergamenus
1705 2741 1923 2797 Crecus

276 2830 1133 2906 orator,preceptorCallidiiet
1155 2828 1623 2899 Augusti,clarus
1652 2830 1917 2887 habetur.

276 2923 555 2980 Horatius
586 2920 825 2977 Flaccus
858 2919 1131 2975 libertino
1163 2923 1327 2990 patre
1356 2918 1590 2974 Venusii
1636 2918 1920 2988 nascitur,

285 3010 579 3082 satyricus
613 3013 810 3081 postea
842 3013 902 3064 et
931 3007 1149 3078 lyricus
1174 3011 1364 3078 poeta.
1392 3006 1672 3077 Virgilius
1697 3006 1925 3061 Cremo-

286 3115 376 3157 nze
400 3099 614 3156 studiis
643 3097 939 3162 eruditur;
972 3095 1179 3152 dehinc
1208 3099 1437 3167 sumpta
1467 3099 1624 3165 toga,
1660 3094 1926 3150 Mediola-

283 3204 419 3248 num
452 3186 901 3258 transgreditur,
928 3190 987 3241 et
1027 3190 1159 3258 post
1192 3185 1367 3240 breve
1415 3189 1643 3256 tempus
1690 3186 1924 3239 Romam
1956 3213 2005 3277 Ο

285 3277 502 3350 pergit.

281 3366 515 3417 Alexand.
556 3365 672 3415 Jud.
804 3410 811 3418 ,

390 3435 413 3486 1
568 3432 635 3485 15
748 3426 969 3499 (Ηιεη.)
1046 3423 1424 3481 Ptholomeus
1486 3425 1766 3495 Phiscon,
1828 3423 1925 3495 qui

284 3518 509 3588 ejectus
542 3518 730 3574 fuerat
759 3530 787 3572 a
822 3522 1025 3584 matre,
1061 3528 1369 3583 regressus
1400 3514 1469 3570 de
1501 3513 1654 3583 fuga,
1687 3528 1925 3583 regnum

285 3607 528 3678 recepit,
563 3604 831 3677 quoniam
867 3602 1278 3667 Alexandrum,
1300 3602 1394 3672 qui
1426 3618 1494 3657 co
1527 3603 1696 3673 pulso
1728 3617 1929 3672 regna-

285 3695 391 3765 vit,
416 3697 489 3751 ob
513 3693 975 3749 interfectionem
1004 3692 1205 3747 matris
1225 3690 1352 3760 ejus
1370 3692 1531 3747 cives
1553 3691 1926 3762 expulerunt.

284 3784 566 3854 Regnavit
588 3787 780 3841 autem
802 3781 894 3837 hic
919 3784 1122 3852 postea
1146 3781 1313 3836 annis
1337 3785 1425 3849 30,
1444 3796 1471 3836 a
1497 3781 1929 3837 restauratione

286 3872 489 3945 templi
519 3887 669 3928 anno
703 3870 1278 3942 quadringentesimo
1313 3869 1608 3925 tricesimo
1652 3870 1854 3924 tereio.

394 3966 417 4016 1
569 3964 637 4016 23
747 3957 1126 4014 Ptholomeus
1188 3957 1493 4027 Dionisius,
1532 3958 1712 4013 frater
1771 3957 1931 4013 Cleo-

283 4053 493 4124 patraa,
526 4048 792 4120 regnavit
823 4046 1190 4106 Alexandriae
1240 4046 1406 4102 annis
1440 4051 1526 4115 30,
1563 4060 1593 4101 a
1638 4052 1930 4102 restaura-

285 4139 445 4196 tione
475 4137 674 4210 templi
706 4152 855 4194 anno
876 4141 1031 4194 541°.

392 4231 425 4283 6
609 4233 630 4283 1
754 4227 979 4282 Mortuo
1027 4223 1357 4281 Alexandro
1399 4222 1727 4279 Iudaeorum
1775 4223 1929 4294 prin-

282 4315 431 4387 cipe,
459 4331 605 4372 uxor
634 4314 761 4384 ejus
797 4313 1143 4383 Alexandra,
1171 4327 1298 4382 qurc
1326 4316 1385 4368 et
1416 4311 1605 4366 Salina
1640 4311 1795 4367 dicta
1816 4316 1924 4381 est,

285 4419 529 4475 regnum
558 4403 890 4461 Judaaorum
914 4417 1020 4474 per
1048 4417 1229 4457 annos
1252 4415 1457 4455 novem
1483 4400 1757 4456 obtinuit.
1786 4400 1924 4463 (Jos.

266 4496 373 4552 'De
403 4491 435 4548 ὸ
465 4493 568 4561 ..Ῑ.,
602 4508 638 4561 ι,
672 4493 751 4563 4.)
785 4491 922 4557 Qua)
955 4506 1082 4547 cum
1115 4489 1259 4546 duos
1289 4484 1440 4544 filios
1479 4489 1550 4543 ab
1598 4489 1926 4545 Alexandro

2018 599 2283 669 moritur,
2311 611 2479 669 quam
2512 592 2754 663 injurias
2776 587 3022 661 Hyrcani
3047 587 3117 643 ad
3146 584 3380 659 plenum
3413 580 3654 639 ulcices—

2018 696 2202 749 retur.

2068 783 2202 899 A11?
2263 777 2377 895 mi.
2476 839 2795 906 Hyrcanus.
2838 827 3151 888 Alexandri
3180 824 3381 883 Jannei
3428 826 3485 879 et
3540 823 3669 880 Ale-

2017 932 2253 989 xandraa
2289 927 2494 985 Salinae
2526 926 2698 993 filius,
2738 925 2863 995 post
2897 922 3120 976 obitum
3151 916 3356 973 matris
3406 914 3668 985 suscepit

2019 1036 2260 1091 regnum
2291 1018 2641 1081 Iudaeorum,
2678 1029 2709 1070 a
2760 1016 2945 1068 matre
2984 1009 3093 1067 sibi
3122 1005 3529 1068 commissum;
3562 1003 3667 1060 sed

2022 1113 2203 1166 frater
2233 1109 2357 1177 ejus
2388 1104 2760 1163 Aristobolus
2792 1101 2919 1157 zelo
2955 1098 3190 1165 ductus,
3228 1092 3587 1166 impugnavit
3609 1095 3671 1147 et

2020 1199 2244 1271 estpulit
2270 1196 2591 1261 illum.Qua
2619 1192 2981 1250 dissensione
3006 1192 3197 1243 actum
3229 1188 3323 1240 est
3362 1187 3425 1239 ut
3465 1184 3673 1239 Roma-

2020 1290 2078 1345 ni
2131 1290 2408 1345 ductores
2465 1283 2721 1341 Judmam
2771 1282 3095 1339 intrarent;
3126 1277 3327 1345 sicque
3380 1274 3670 1329 annuente

2024 1379 2298 1450 Pompeio
2326 1379 2627 1447 Hyrcanus
2656 1371 3047 1445 principatum
3072 1363 3513 1436 recepit.Quem
3539 1374 3670 1417 cum

2026 1483 2128 1539 per
2159 1447 2224 1523 33
2258 1482 2440 1522 annos
2474 1464 2932 1529 administraret,
2967 1457 3214 1514 consilio
3241 1450 3535 1523 Antigoni,
3567 1447 3671 1506 filii
3752 1461 3757 1468 '

2028 1558 2225 1614 fratris
2254 1558 2364 1626 sui,
2397 1572 2426 1611 a
2456 1555 2688 1611 Parthis
2738 1557 2947 1623 captus
2978 1552 3089 1617 est,
3119 1550 3176 1602 et
3204 1545 3285 1601 ita
3326 1555 3563 1611 regnum
3611 1542 3671 1596 et

2026 1646 2416 1701 sacerdotium
2449 1645 2779 1701 Judzeorum
2810 1639 3050 1695 defecit.
3092 1636 3230 1690 Nam
3265 1632 3414 1688 idem
3440 1628 3677 1698 Antigo-

2026 1752 2137 1793 nus
2169 1752 2197 1792 a
2227 1735 2460 1791 Parthis
2493 1734 2878 1806 principatum
2911 1727 3272 1796 accipiens,a
3296 1720 3568 1779 Romanis
3593 1717 3676 1773 in-

2029 1827 2313 1881 terfectus
2344 1826 2529 1894 est,et
2556 1818 3011 1893 principatusad
3048 1814 3401 1885 alienigenas
3420 1806 3675 1866 transla-

2029 1919 2123 1970 tus
2151 1920 2241 1970 est
2267 1913 2360 1969 “3°.

2098 2006 2165 2059 18
2348 2006 2380 2058 4
2490 2000 2633 2056 Anni
2667 1999 2738 2055 ab
2766 1996 2939 2053 inicio
2968 1998 3131 2051 3900.

2097 2096 2166 2146 30
2313 2095 2378 2147 16

2101 2182 2201 2243 (Η.
2236 2196 2312 2237 m.
2348 2185 2406 2237 et
2430 2181 2508 2236 H.
2535 2180 2633 2250 Β.)
2661 2179 2821 2232 Anno
2846 2175 2914 2231 ab
2933 2173 3087 2230 Urbe
3112 2169 3347 2227 condita
3372 2166 3679 2235 sexingen-

2029 2270 2234 2325 tesimo
2262 2274 2377 2339 81°,
2409 2268 2505 2338 qui
2539 2272 2630 2323 est
2660 2280 2847 2321 nonus
2886 2259 3209 2318 Ptholomei
3259 2253 3523 2324 Dionisii,
3559 2252 3674 2309 duo

2030 2362 2253 2415 tantum
2286 2359 2484 2427 gravia
2517 2356 2665 2413 bella
2702 2356 2753 2409 in
2788 2352 3034 2423 imperio
3062 2348 3130 2383 ³²¹
3170 2350 3339 2404 erant
3392 2346 3672 2409 Romano,

2031 2448 2540 2514 Metridaticum,et
2558 2441 3149 2500 Macedonicumﬂzec
3173 2436 3289 2492 duo
3306 2431 3523 2490 Luculli
3547 2442 3682 2498 age-

2034 2538 2410 2603 bant,Lucius
2436 2534 2706 2591 Lucullus
2726 2530 3173 2595 Metridaticum,
3199 2529 3259 2581 et
3287 2519 3676 2580 consobrinus

2033 2629 2158 2697 ejus
2191 2629 2413 2682 Marcus
2464 2622 2734 2681 Lucullus
2764 2618 3213 2676 Macedonicum.
3244 2615 3310 2669 At
3336 2610 3544 2667 Lucius
3575 2608 3683 2663 Lu-

2034 2696 2226 2774 cullus
2257 2722 2665 2783 transgressus
2697 2711 2971 2767 Eufraten
2990 2712 3047 2764 et
3069 2704 3297 2775 Tygrin,
3325 2715 3456 2759 cum
3484 2696 3686 2755 Metri-

2036 2805 2168 2861 date
2198 2818 2552 2869 congressus
2585 2806 2698 2867 est,
2731 2803 2790 2855 et
2820 2813 2948 2855 cum
2988 2809 3165 2868 parva
3222 2804 3459 2848 suorum
3505 2799 3675 2842 manu

2035 2899 2211 2951 30000
2260 2893 2513 2948 hostium
2570 2890 2816 2952 occidit;
2867 2885 3225 2950 Metridates,
3276 2880 3375 2937 vix
3445 2880 3677 2934 centum

2037 2984 2453 3054 quinquaginta
2488 2979 2924 3041 comitantibus,
2965 2973 3211 3041 aufugit,
3236 2968 3563 3025 diademate
3592 2967 3679 3054 iet

2035 3053 2238 3143 thyara
2270 3072 2359 3138 ³³²,
2391 3087 2459 3126 ne
2519 3071 2952 3137 agnosceretur,
2995 3061 3269 3130 abjectis;
3304 3062 3498 3115 castra
3551 3053 3677 3123 ejus

2037 3141 2264 3231 direpta
2295 3164 2464 3225 sunt;
2492 3156 2752 3213 Armenia
2780 3167 3008 3225 quoque
3032 3152 3236 3218 minor,
3272 3161 3440 3218 quam
3466 3141 3678 3199 tenuit.

2038 3251 2086 3305 ci
2118 3250 2311 3305 ablata
2341 3253 2451 3303 est.
2483 3246 2587 3313 Qui
2623 3245 2867 3313 fugiens,
2896 3243 3207 3311 susceptus
3234 3246 3325 3291 est
3349 3249 3377 3290 a
3428 3235 3680 3303 I‘ygrane

2038 3353 2172 3407 rege
2210 3337 2514 3401 Armeniae,
2551 3334 2644 3403 qui
2677 3336 2797 3387 tum
2822 3344 2950 3385 cum
2980 3325 3198 3395 ingenti
3223 3321 3408 3391 gloria
3433 3320 3681 3389 impera-

2040 3406 2159 3488 bat.
2193 3426 2467 3481 Lucullus
2496 3437 2632 3478 vero
2666 3424 2938 3489 repetens
2960 3417 3184 3471 hostem
3210 3406 3675 3480 fugatum,etiam

2036 3513 2311 3583 Tygranis
2340 3514 2637 3581 ingressus
2668 3511 2753 3565 est
2788 3519 3029 3574 regnum
3058 3503 3364 3573 ipsumque
3393 3492 3679 3552 rebellan-

2039 3580 2155 3658 tem
2186 3602 2265 3657 ita
2301 3580 2534 3662 devicit,
2568 3603 2632 3656 ut
2664 3610 2921 3662 magnam
2954 3596 3176 3665 partem
3207 3584 3490 3644 Armeniae
3523 3580 3682 3637 dele-

2038 3691 2208 3747 verit.
2231 3690 2391 3746 Alter
2420 3695 2611 3747 autem
2647 3684 2937 3749 Lucullus,
2971 3681 3065 3752 qui
3098 3674 3484 3733 Macedoniam
3504 3668 3687 3727 admi-

2041 3779 2551 3849 nistrabat,Bessis
2577 3777 2796 3849 primus
2812 3776 3197 3829 Romanorum
3219 3763 3417 3821 intulit
3440 3759 3676 3849 bellum,

2041 3868 2246 3938 hisque
2274 3848 2404 3924 cum
2436 3848 2700 3938 pluribus
2722 3864 2852 3918 aliis
2883 3858 3158 3929 gentibus
3181 3848 3682 3925 superatis,Mace-

2042 3956 2269 4012 doniam
2302 3960 2483 4011 totam
2513 3953 2751 4022 devicit,
2777 3955 2834 4006 et
2866 3948 3056 4004 victor
3083 3943 3273 4000 rediit.
3302 3939 3511 3996 Eodem
3541 3940 3686 4022 tem-

2042 4059 2182 4115 pore
2208 4046 2433 4099 Cretam
2467 4042 2716 4098 insulam
2751 4036 3016 4094 Metellus
3042 4048 3148 4105 per
3174 4027 3466 4086 biennium
3491 4021 3686 4081 debel-

2039 4114 2185 4199 lans,
2223 4132 2276 4186 in
2314 4134 2661 4202 potestatem
2695 4128 3083 4181 Romanorum
3133 4117 3378 4186 redegit,
3406 4114 3683 4202 legesque

2039 4222 2254 4277 Minoas
2289 4201 2556 4273 Romanis
2602 4214 2832 4283 legibus
2865 4206 3250 4282 permutavit;
3283 4202 3434 4261 unde
3465 4204 3525 4256 et
3553 4201 3686 4255 Cre-

2041 4310 2196 4364 ticus
2227 4308 2422 4364 dictus
2454 4309 2545 4360 est
2579 4318 2609 4358 a
2638 4304 2828 4357 Creta.
3168 4360 3171 4365 ν

2112 4398 2234 4463 Quo
2266 4400 2525 4464 tempore
2560 4390 2731 4460 Lybia
2766 4399 3105 4458 quoqueper
3146 4382 3553 4437 testamentum
3579 4375 3689 4445 Ap-

2043 4485 2247 4557 pionis,
2284 4483 2378 4554 qui
2404 4487 2543 4538 tunc
2576 4493 2677 4534 rex
2706 4478 2835 4547 ejus
2857 4478 3006 4541 erat,
3023 4474 3279 4526 Romano
3319 4464 3562 4536 imperio
3597 4476 3689 4517 ac-

281 4550 1207 4654 generatoshaberetliyrcanum
1232 4581 1370 4633 natu
1395 4576 1667 4646 majorem
1689 4581 1928 4647 propter
1957 4574 2011 4634 D
2041 4550 2314 4641 cedebat,
2334 4573 2387 4627 in
2420 4586 2528 4642 qua
2564 4566 2778 4624 inclita)
2802 4564 2976 4621 urbes
2999 4562 3163 4617 erant
3200 4550 3690 4654 BeroniciLPtho-

229 4728 237 4737 ,
282 4674 517 4727 aetatem
542 4669 858 4725 declaravit
889 4667 1219 4740 pontificem
1240 4671 1297 4719 et
1316 4670 1559 4737 propter
1584 4665 1928 4720 modestiam

284 4774 481 4829 regem
515 4762 647 4830 post
671 4773 731 4814 se
759 4756 1373 4825 constituit,minorem
1405 4760 1596 4809 autem
1630 4752 1932 4811 Aristobo-

283 4847 404 4904 lum
433 4848 724 4919 privatum
757 4845 953 4901 vivere
985 4845 1190 4914 voluit,
1225 4837 1761 4914 quia'ferventioris
1802 4848 1928 4897 erat

285 4934 869 5006 ingenii.Alexandra
900 4948 1038 4988 vero
1070 4932 1205 4987 dum
1237 4946 1479 5001 regnum
1528 4944 1732 4985 novem
1766 4930 1931 4987 annis

287 5024 747 5091 administraret,
775 5023 980 5077 morbo
1014 5020 1326 5077 laboravit.
1363 5022 1515 5075 Tunc
1550 5018 1735 5074 minor
1776 5017 1930 5075 ﬁlius

284 5113 414 5184 ejus
446 5109 816 5169 Aristobolus
848 5124 978 5166 cum
1004 5108 1191 5165 servis
1220 5107 1363 5177 suis,
1399 5122 1544 5177 quos
1576 5092 1790 5162 multos
1834 5106 1932 5162 ha-

288 5202 465 5258 bebat
495 5208 811 5271 omnesque
846 5213 949 5270 pro
978 5197 1170 5253 aetatis
1206 5197 1432 5251 fervore
1450 5194 1785 5261 fidissimos,
1808 5195 1930 5250 uni-

285 5304 455 5348 versa
478 5287 721 5346 castella
741 5284 1407 5362 obtinuit,etconductis
1432 5283 1663 5340 auxiliis
1686 5272 1926 5355 pecunia

287 5394 457 5452 quam
486 5378 565 5434 ibi
598 5375 839 5448 reperit,
873 5387 1068 5444 regem
1098 5388 1162 5429 se
1193 5370 1642 5428 declaravit.0b
1672 5373 1796 5428 haac
1828 5372 1931 5427 mi-

287 5473 483 5526 serata
512 5464 786 5537 querelas
815 5462 1046 5519 Hircani
1079 5464 1263 5517 mater
1282 5456 1586 5531 eonjugem
1605 5460 1927 5518 Aristoboli

2044 4664 2267 4731 lomais,
2294 4638 2537 4732 [Cyre—ue.
2572 4660 2712 4713 Dum
2773 4655 2894 4709 hzee
2934 4652 3209 4719 aguntur,-
3243 4644 3447 4715 pirataa
3474 4638 3543 4673 ⁸³³
3579 4654 3685 4732 per

2041 4752 2226 4808 omnia
2260 4730 2444 4821 sparsi
2481 4745 2798 4812 maria,non
2829 4739 3015 4797 solum
3048 4735 3279 4791 navium
3323 4730 3685 4788 commeatus

2042 4819 2513 4910 intercipiebant,
2543 4834 2645 4891 sed
2667 4832 2841 4888 etiam
2866 4826 3088 4883 insulas
3121 4819 3567 4895 provinciasque
3589 4829 3688 4910 va-

2042 4903 2296 4985 stabant.
2315 4926 2471 4991 Quos
2494 4925 2684 4978 Gneus
2707 4911 3350 4989 Pompeius,commisso
3372 4905 3483 4963 sibi
3508 4903 3681 4972 bello,

2041 5018 2193 5072 intra
2229 5028 2445 5086 paucos
2475 5025 2703 5066 menses
2732 5005 2952 5075 ingenti
2988 5001 3269 5059 felicitate
3302 4996 3561 5064 miraque
3590 5006 3684 5047 ce-

2041 5082 2277 5160 leritate
2297 5098 2884 5171 compressit.Postea
2901 5103 3210 5149 successor
3232 5082 3447 5141 Luculli
3468 5082 3677 5148 factus,

2041 5191 2402 5249 Metridatcm
2433 5168 2869 5257 impugnatione
2893 5176 3181 5250 frequenti
3206 5173 3580 5230 vehementer
3603 5168 3685 5257 aff

2045 5282 2208 5337 flixit.
2238 5281 2316 5335 Eo
2347 5256 2607 5347 tempore
2633 5276 2858 5339 Castor,
2891 5265 3215 5324 Metridatis
3249 5256 3683 5335 prefectus,qui

2037 5366 2362 5437 Panagorio
2396 5365 2649 5435 preerat,
2681 5356 3011 5415 interfectis
3053 5352 3254 5410 amicis
3279 5349 3455 5419 regis,
3489 5359 3682 5402 arcem

2040 5434 2239 5530 coepit,
2273 5459 2329 5510 et
2366 5434 2613 5524 quatuor
2639 5448 2792 5506 filios
2820 5442 3147 5503 Metridatis
3179 5439 3248 5497 ad
3283 5434 3537 5511 presidia
3574 5434 3688 5489 Ro-

1632 5549 1892 5605 -VARUE
1930 5546 2330 5607 LECTIONES.

356 5643 427 5679 διο

218 5722 222 5727 ’
286 5721 370 5778 9°.
408 5715 479 5752 ³³⁸
511 5712 703 5790 pirati
737 5717 793 5773 5.

565 5641 926 5715 ρνολιὶοερὶο
953 5638 1125 5698 codd.
1207 5637 1278 5672 3”
1305 5638 1397 5696 ita
1421 5652 1531 5711 pro
1568 5638 1981 5697 attellanarum
2012 5635 2159 5697 codd
2229 5632 2297 5667 ³³⁰
2337 5628 2570 5693 transiit
2596 5630 2644 5681 5.
2723 5624 2791 5658 ³³¹
2822 5628 2986 5683 erant
3038 5625 3095 5679 in
3128 5623 3167 5680 i.
3209 5627 3259 5679 :5.
3337 5617 3405 5653 δι’
3447 5614 3687 5688 cythara
