3932 6440
265 390 389 454 639

1428 397 1913 463 EKKEHARDI
1955 376 2512 466 URAUGIENSIS

3570 372 3755 460 640‘

273 530 1167 593 manatransmisit.Metridates
1190 550 1473 597 accensus
1499 538 1603 609 ira,
1625 540 1844 597 exarsit
1867 540 1924 596 in
1955 533 2011 594 A
2046 553 2243 596 mense
2286 539 2443 597 illam
2476 553 2841 612 expugnans,
2878 541 3053 595 14000
3091 534 3421 593 Iudaeorum
3443 532 3697 605 occidit,

276 619 535 689 scelera;
568 637 695 678 nam
730 623 929 695 plures
958 627 1174 683 amicos
1197 644 1335 685 suos
1388 629 1767 699 interficiens,
1797 630 1927 687 Exi-

279 709 518 780 podram
552 712 731 768 tilium
766 728 934 770 suum
970 716 1264 787 interficit,
1291 733 1420 775 cum
1447 719 1562 789 jam
1594 725 1728 776 ante
1749 720 1925 777 alium

277 798 458 855 filium
500 799 567 834 ³³⁸
598 803 903 861 Mocharen
937 807 1314 865 trucidasset.
1351 811 1680 867 Pharnaces
1709 816 1925 883 autem,

280 887 434 945 illius
463 891 607 961 ejus,
641 893 906 965 exemplo
939 896 1181 952 fratrum
1217 900 1479 968 territus,
1502 901 1822 956 exercitum
1857 902 1927 958 ad

276 991 341 1033 se
376 982 842 1051 persequendum
875 998 904 1039 a
942 988 1107 1056 patre
1130 987 1369 1043 missum
1402 990 1510 1045 sibi
1570 990 1926 1061 conciliavit,

275 1067 594 1139 statimque
620 1070 905 1128 adversus
933 1060 1153 1145 patrem
1181 1076 1931 1149 duxitjustojudicio,quia

276 1161 336 1212 et
367 1157 465 1215 ille
500 1160 786 1217 adversus
807 1167 1027 1233 patrem
1061 1180 1226 1221 suum
1248 1166 1318 1222 de
1342 1183 1519 1237 regno
1543 1167 1610 1201 ³³⁵
1629 1176 1933 1226 concerta-

273 1247 379 1302 vit.
408 1249 634 1305 Interea
670 1252 1009 1310 Metridates
1032 1254 1129 1311 diu
1154 1270 1223 1310 ex
1246 1257 1532 1314 altissimo
1557 1275 1722 1316 muro
1748 1260 1926 1317 filium

276 1337 495 1394 frustra
523 1339 894 1410 deprecatus,
916 1345 1012 1399 ubi
1036 1359 1164 1400 eum
1192 1345 1611 1404 inexorabilem
1636 1349 1931 1419 vidit,mo-

276 1426 501 1484 riturus
524 1429 884 1487 exclamasse
911 1433 1125 1488 fertur:
1158 1436 1448 1499 Quoniam
1470 1438 1931 1509 Pharnacesﬁn-

280 1515 428 1586 quit,
456 1518 610 1573 mori
630 1518 820 1588 jubet,
845 1535 965 1590 eos,
989 1522 1045 1578 si
1068 1524 1211 1581 estis
1240 1525 1331 1580 (lii
1356 1526 1571 1597 patrii,
1600 1542 1827 1598 precor,
1862 1530 1935 1585 ut

275 1606 770 1678 quandocumque
786 1611 845 1666 et
860 1612 987 1681 ipse
1013 1612 1168 1670 lianc
1186 1629 1375 1672 vocem
1390 1630 1430 1672 α
1454 1615 1661 1675 liberis
1680 1618 1929 1676 suisau-

273 1694 425 1751 diat.
462 1696 784 1768 Statimque
815 1699 1177 1758 descendens
1208 1704 1276 1758 ad
1303 1720 1516 1762 uxores
1535 1711 1592 1761 et
1619 1707 1836 1778 pelices
1861 1725 1925 1765 ac

274 1783 425 1841 filias
448 1800 602 1854 suas,
621 1802 902 1844 venenum
936 1792 1205 1848 onmihus
1239 1794 1418 1850 dedit.
1458 1795 1621 1861 Quod
1646 1814 1775 1853 cum
1802 1798 1924 1868 ipse

2042 636 2243 687 cetera
2259 629 2569 688 multitudo
2584 629 2637 685 in
2660 628 2828 687 fidem
2847 627 3235 691 venit,1nuros
3250 623 3508 681 civitatis
3522 638 3700 681 ever-

2040 721 2086 777 ti
2120 720 2361 792 soloque
2401 719 2618 790 aequari
2645 717 2908 790 precepit
2932 735 2945 784 ;
2972 715 3139 786 cujus
3162 713 3445 771 circuitus
3475 712 3697 769 4milia

2043 826 2323 883 passuum
2359 809 2537 867 fuisse
2561 807 2797 864 dicitur.
2850 809 2995 875 (Jos.
3026 807 3114 863 De
3144 804 3195 861 b.
3228 804 3310 874 J.,
3344 804 3381 860 Ζ.
3419 802 3477 870 l.)
3520 804 3700 858 Pom-

2040 901 2209 974 peius
2241 916 2370 956 cum
2403 899 2525 955 suis
2557 897 2872 955 comitibus
2904 893 3182 966 templum
3207 893 3696 964 ingressus—pro

2044 1005 2158 1060 quo
2190 994 2379 1044 tamen
2412 986 2592 1044 Judaei
2628 985 2872 1042 maxime
2907 981 3221 1040 doluerunt
3245 980 3526 1037 —.omnia
3552 994 3693 1051 quae

2043 1079 2401 1135 intrinsecus
2433 1083 2601 1134 erant
2630 1073 2947 1147 perspexit,
2973 1086 3108 1128 vasa
3145 1086 3308 1128 sacra
3340 1068 3695 1126 etcandela-

2043 1171 2145 1225 bra
2176 1173 2233 1225 et
2265 1171 2603 1237 congestam
2638 1163 2845 1218 molem
2880 1162 3302 1234 pigmentorum
3335 1164 3394 1216 et
3423 1159 3687 1230 pecuniae

2044 1272 2439 1329 sacr:c,pr0pe
2485 1255 2553 1310 ad
2588 1255 2701 1311 duo
2734 1252 2888 1309 milia
2943 1251 3322 1315 talentorum;
3352 1264 3456 1305 nec
3485 1254 3685 1304 tamen

2040 1349 2132 1406 vel
2164 1349 2289 1405 hzec
2322 1341 2411 1402 ve'l
2445 1343 2600 1401 aliud
2634 1343 2939 1414 quicquam
2974 1340 3043 1396 de
3068 1339 3252 1396 sacris
3276 1338 3687 1407 attigerat,sed

2043 1445 2278 1510 postera
2312 1436 2404 1492 die
2437 1439 2565 1505 post
2598 1430 3082 1501 excidiumjussit
3113 1428 3361 1485 aedituos
3403 1427 3685 1499 templum

2040 1540 2349 1596 curare,ne
2384 1523 2519 1595 quid
2567 1521 2822 1579 sordium
2870 1520 3201 1588 baberet,et
3247 1521 3308 1574 ut
3362 1516 3683 1588 solempnia

2041 1632 2203 1673 sacra
2237 1615 2633 1672 celebrarent.
2656 1613 2784 1682 Ipse
2804 1613 2995 1667 autem
3020 1624 3119 1665 eos
3144 1608 3238 1679 qui
3281 1606 3520 1664 maxime
3540 1606 3683 1663 belli

2042 1720 2213 1761 causa
2251 1704 2476 1759 fuerant
2513 1699 2704 1757 securi
2740 1697 3159 1769 percussit,eos
3190 1711 3327 1752 vero
3359 1696 3451 1766 qui
3484 1709 3683 1752 secum

2044 1795 2273 1850 fortiter
2306 1794 2545 1862 egerant
2581 1787 2863 1861 prcclaris
2896 1786 3133 1859 premiis
3165 1784 3419 1856 donavit,
3451 1788 3505 1841 et
3541 1787 3686 1857 lIyr-

272 1873 621 1932 novissimus
649 1878 901 1933 omnium
927 1878 1243 1952 hausisset,
1279 1897 1383 1940 nec
1429 1888 1639 1956 tamen,
1683 1893 1925 1958 propter
1955 1899 2007 1958 Β
2041 1899 2248 1939 canum
2275 1873 3684 1954 pontificemdeclaransceterisJudaeistributum

276 1963 535 2019 remedia
570 1965 782 2035 quibus
812 1967 1009 2025 vitalia
1038 1986 1134 2025 sua
1166 1971 1452 2028 adversus
1499 1974 1702 2031 noxios
1751 1991 1925 2033 sucos

273 2066 410 2124 sepe
443 2055 1075 2127 obstruxerat,veneno
1101 2061 1305 2116 confici
1336 2067 1554 2133 posset,
1591 2066 1926 2135 frustraque

278 2142 646 2213 spaciaretur
701 2146 750 2200 si
778 2161 891 2215 quo
925 2149 1157 2204 tandem
1191 2151 1357 2206 modo
1389 2151 1574 2208 infusa
1610 2155 1791 2225 pestis
1824 2170 1929 2226 per

278 2245 456 2301 venas
474 2235 848 2303 vegetatione
872 2238 1138 2308 corporis
1154 2244 1283 2295 aeta
1302 2240 1683 2314 discurreret,
1705 2244 1928 2301 Gallum

282 2321 567 2389 quendam
602 2323 865 2394 mil'tcm,
893 2325 1009 2394 jam
1045 2328 1230 2384 fracto
1263 2345 1424 2386 muro
1474 2331 1925 2405 discurrentem,

281 2407 550 2465 invitavit
584 2410 671 2481 ³³⁸,
707 2413 879 2484 eique
905 2414 1168 2484 jugulum
1207 2420 1458 2489 prebuit.
1506 2423 1667 2477 IIunc
1710 2423 1930 2479 exitum

282 2497 417 2553 vitae
443 2500 785 2557 Metridatcs
836 2504 1057 2574 habuit,
1093 2506 1282 2573 homo,
1321 2512 1383 2563 ut
1432 2510 1641 2582 ferunt,
1677 2511 1929 2568 omnium

285 2586 928 2682 supersticiosissimus,
981 2594 1076 2664 qui
1127 2595 1333 2665 viginti
1376 2597 1619 2654 duarum
1670 2599 1929 2667 gentium

280 2672 514 2746 linguis,
549 2692 692 2747 quas
724 2679 831 2755 sub
856 2696 1033 2750 regno
1066 2699 1168 2740 suo
1201 2685 1403 2742 habuit
1451 2687 1529 2742 ita
1555 2686 1789 2744 locutus
1819 2693 1927 2758 est,

278 2767 339 2819 ut
378 2780 687 2836 numquam
721 2768 1043 2838 legationes
1074 2774 1183 2829 sub
1208 2774 1633 2847 interpretibus
1674 2777 1931 2833 audiret.

281 2852 680 2910 Periitautem
713 2859 864 2928 apud
900 2860 1275 2933 Bosphorum,
1303 2864 1390 2919 vir
1414 2866 1667 2934 ingentis
1701 2866 1931 2923 consilii

284 2944 339 2995 et
378 2941 702 3002 industriae.
741 2948 1018 3016 Regnavit
1072 2952 1239 3007 annis
1290 2956 1376 3023 40,
1409 2954 1547 3009 vixit
1582 2960 1669 3024 72,
1704 2971 1934 3027 semper

281 3028 501 3087 habens
531 3048 728 3090 secum
762 3036 1158 3109 phylosophos
1187 3042 1557 3113 omniumque
1597 3044 1807 3099 artium
1840 3060 1935 3116 pe-

283 3119 850 3216 ritissimos-Contra
885 3128 1175 3185 Romanos
1196 3130 1399 3186 habuit
1423 3131 1638 3189 bellum
1662 3135 1828 3190 annis
1843 3139 1928 3206 40,

278 3210 423 3277 sive,
461 3215 525 3265 ut
556 3210 652 3267 alii
679 3212 900 3283 dicunt,
936 3220 1023 3272 30.

347 3299 660 3370 Pompeius
690 3317 851 3373 vero,
871 3304 1195 3362 Metridatis
1228 3307 1406 3363 occisi
1434 3310 1645 3366 nuncio
1666 3316 1927 3382 accepto,

280 3386 522 3455 Tygrani
558 3389 771 3446 bellum
802 3392 1041 3460 intulit;
1074 3395 1176 3451 sed
1210 3396 1306 3451 ille
1328 3397 1377 3453 ei
1417 3414 1480 3454 se
1507 3398 1575 3432 ³³⁷
1615 3399 1934 3467 dedidit,ac

275 3472 537 3531 diadema
571 3493 762 3548 suum,
794 3496 926 3537 eum
968 3485 1383 3553 procubuisset
1431 3488 1500 3542 ad
1533 3502 1720 3556 genua
1752 3490 1935 3557 ,Pom-

278 3562 390 3632 peii
422 3562 509 3633 ³³⁸,
546 3564 599 3620 in
634 3581 801 3623 manu
833 3569 962 3639 ejus
992 3571 1324 3642 collocavit,
1353 3575 1505 3644 quod
1547 3576 1598 3631 ei
1623 3578 1933 3647 Pompeius

278 3651 564 3721 reposuit,
603 3652 1037 3727 honorificeque
1082 3674 1213 3715 eum
1265 3662 1488 3733 habuit,
1526 3665 1686 3732 regni
1740 3669 1933 3721 tamen

279 3743 444 3808 parte
467 3740 717 3812 sublata,
762 3745 966 3812 grandi
991 3761 1121 3803 eum
1174 3750 1416 3819 pecunia
1472 3752 1763 3822 multavit,
1799 3754 1933 3824 quia

280 3826 497 3884 bellum
530 3829 656 3886 sine
690 3846 865 3888 causa
902 3835 1177 3892 Romanis
1235 3838 1452 3894 intulit.
1487 3840 1625 3907 (Jos.
1660 3843 1748 3898 De
1778 3841 1930 3911 b.J.,

277 3928 315 3983 ι,
344 3916 433 3985 5.)
467 3918 626 3972 Inter
663 3919 781 3975 hzec
813 3925 1006 3977 autem
1042 3926 1319 3981 Scaurum
1351 3926 1605 3995 legatum
1637 3929 1690 3984 in
1713 3931 1932 4002 Syriam

282 4004 439 4061 misit
474 4006 645 4077 eique
676 4009 863 4066 omnia
891 4013 1126 4081 negocia
1163 4014 1240 4070 ibi
1265 4016 1485 4085 agenda
1509 4020 1933 4088 commisit.Qui

277 4107 405 4148 cum
432 4095 772 4153 Damascum
798 4100 1044 4170 veniret,
1072 4103 1315 4160 audiens
1340 4120 1467 4176 qua:
1488 4106 1541 4161 in
1565 4109 1762 4166 Judzea
1781 4109 1935 4166 inter

277 4182 690 4279 ercauumet
738 4187 1139 4248 Aristobolum
1189 4193 1401 4251 fratres
1450 4198 1811 4265 gerebantur
1842 4198 1930 4270 33°,

279 4268 419 4368 illuc
436 4273 705 4368 tetendit.
728 4276 813 4368 Ad
836 4293 1006 4349 quem
1034 4296 1163 4337 cum
1186 4284 1497 4355 utriusque
1526 4286 1727 4344 fratris
1756 4268 1934 4357 legati

282 4364 570 4432 venirent,
589 4364 967 4437 acceptisque
997 4368 1068 4424 ab
1092 4369 1429 4428 Aristobolo
1455 4374 1736 4430 trecentis
1756 4376 1937 4433 talen-

287 4446 385 4519 tis,
421 4450 572 4520 parti
608 4452 733 4523 ejus
753 4454 910 4527 favit,
936 4456 1165 4526 justitia
1202 4460 1462 4531 pecuniae
1491 4463 1825 4533 posthabita
1846 4464 1933 4522 ³⁴⁰.

285 4535 512 4596 Interea
572 4542 900 4615 Pompeius,
935 4548 1202 4603 Armenia
1245 4554 1519 4621 superata
1550 4556 1607 4607 et
1666 4554 1936 4611 omnibus

2043 1972 2275 2029 indixit.
2310 1973 2443 2027 Post
2480 1971 2603 2026 haec
2632 1970 2850 2025 Scauro
2883 1965 3253 2023 committens
3275 1963 3462 2020 omnia
3511 1978 3687 2032 nego-

2045 2064 2120 2118 tia
2155 2078 2182 2117 a
2212 2060 2442 2117 [lumine
2465 2060 2701 2115 Eufrate
2721 2071 2905 2127 usque
2930 2055 3000 2113 ad
3033 2055 3174 2111 lines
3194 2052 3682 2125 .Egyptthomam

2044 2152 2166 2224 ipse
2190 2149 2742 2217 contendit,ducens
2759 2161 2952 2203 secum
2980 2142 3372 2200 Aristobolum
3395 2141 3689 2213 captivum

2042 2257 2169 2297 cum
2199 2240 2423 2297 duabus
2458 2238 2686 2293 filiabus
2718 2236 3084 2305 totidemque
3109 2231 3514 2302 filiis,quorum
3539 2243 3690 2287 unus

2044 2329 2368 2386 Alexander
2392 2345 2463 2383 ex
2496 2328 2707 2383 itinere
2741 2322 3324 2393 fugit,minorantem
3357 2319 3684 2390 Antigonus

2043 2436 2174 2478 cum
2208 2419 2511 2476 sororibus
2540 2420 2600 2471 et
2636 2420 2804 2486 patre
2838 2416 3074 2470 Romam
3096 2410 3412 2483 perductus
3450 2407 3678 2473 est.(Ib.

2041 2526 2091 2567 c.
2119 2510 2198 2580 6.)
2234 2506 2559 2565 Alexander
2592 2506 3168 2575 itaque,congregata
3202 2515 3367 2555 manu
3395 2499 3461 2554 ad
3484 2497 3680 2555 decem

2044 2599 2200 2656 milia
2226 2598 2485 2670 peditum
2510 2600 2565 2651 et
2595 2594 2752 2650 mille
2776 2593 3125 2663 quingentos
3145 2590 3394 2660 equites,
3421 2589 3679 2656 Hyrcano

2044 2688 2282 2759 gravius
2306 2685 2641 2741 imminebat
2667 2683 3024 2752 Judeamque
3042 2694 3150 2751 pop
3162 2677 3679 2735 ulabatur.lnterea

2046 2779 2324 2835 Gabinius
2354 2777 2409 2832 in
2453 2775 2671 2848 Syriam
2726 2772 2935 2829 missus
2983 2783 3287 2828 successor
3321 2767 3552 2837 Scauro,
3587 2765 3682 2821 ad-

2045 2882 2254 2925 versus
2284 2864 2672 2922 Alexandrum
2696 2877 2823 2919 cum
2843 2860 3031 2918 valida
3060 2874 3231 2915 manu
3252 2856 3544 2914 dimicavit
3568 2870 3679 2927 quo

2046 2957 2246 3030 praelio
2273 2954 2600 3012 Alexander
2629 2968 2732 3008 sex
2780 2950 3014 3006 milibus
3058 2947 3307 3016 amissis,
3344 2946 3397 3000 in
3443 2944 3681 2999 Alexan-

2047 3047 2233 3104 drium
2258 3044 2567 3103 castellum
2591 3039 2989 3111 confugit.Ubi
3014 3037 3315 3094 obsidione
3333 3034 3682 3099 cinctus,ve-

2046 3137 2195 3192 niam
2230 3148 2437 3204 rogare
2470 3134 2714 3189 coactus
2742 3134 2832 3186 est
2854 3132 2909 3183 et
2933 3125 3236 3185 castellum
3262 3120 3681 3180 tradere.Gabi-

2046 3225 2178 3281 nius
2199 3238 2358 3293 vero,
2389 3220 2649 3279 castellis
2675 3218 2947 3276 omnibus
2980 3211 3464 3284 dirutis,cousilio
3482 3209 3680 3267 matris

2047 3312 2361 3369 Alexandri
2393 3313 2718 3381 Hyrcanum
2744 3304 3185 3363 Hierosolimam
3220 3300 3680 3374 perducit,eique

2042 3402 2244 3474 templi
2267 3415 2462 3459 curam
2488 3395 3001 3471 permisit,ceteris
3033 3392 3116 3450 rei
3142 3391 3390 3465 publica;
3420 3389 3679 3462 partibus

2044 3491 2359 3563 optimates
2386 3481 3347 3561 prefecit,omnemqueIudaeorum
3368 3483 3595 3549 gentem
3627 3477 3682 3532 in

2047 3581 2302 3651 quinque
2317 3580 2641 3635 conventus
2656 3573 2874 3631 divisit:
2894 3587 3068 3629 unum
3087 3566 3684 3637 Hierosolimis,alium

2044 3669 2232 3739 Doris,
2256 3668 2501 3724 tercium
2536 3662 2691 3735 apud
2726 3661 3099 3729 Amathunta,
3134 3662 3403 3729 quartum
3436 3655 3679 3726 Hierico,

2046 3758 2310 3828 quintum
2332 3754 2531 3811 Seffori
2555 3751 2790 3809 Galileze
2821 3751 3061 3807 civitate
3085 3748 3155 3805 de
3170 3743 3684 3820 posuit.Singulari

2045 3851 2238 3904 autem
2274 3845 2446 3901 unius
2462 3842 2859 3900 dominatione
2890 3837 3074 3896 Judaei
3094 3834 3602 3907 liberati,libenter
3616 3832 3684 3889 ab

2045 3918 2434 4008 optimatibus
2467 3933 2847 4001 regebantur.
3112 3976 3115 3979 .

2116 4023 2216 4094 (Η.
2246 4023 2344 4093 R.)
2395 4024 2552 4076 Anno
2582 4019 2654 4075 ab
2706 4018 2857 4074 Urbe
2916 4014 3152 4072 condita
3201 4008 3685 4081 sexingentesimo

2043 4117 2159 4183 89°,
2197 4111 2293 4183 qui
2325 4114 2415 4167 est
2451 4106 2773 4165 Ptholemei
2822 4104 3063 4162 Dionisii
3108 4107 3248 4173 17ιιε,
3275 4102 3462 4158 Marco
3508 4097 3684 4156 Tullio

2048 4203 2324 4259 Cicerone
2354 4203 2588 4255 oratore
2610 4201 2670 4252 et
2725 4196 2881 4251 Gneo
2933 4192 3184 4249 Antonio
3232 4188 3587 4255 consulibus,
3620 4200 3682 4243 ea

2048 4306 2176 4362 quae
2190 4290 2260 4346 de
2276 4287 2522 4345 Catilina
2538 4284 2790 4344 etsociis
2823 4283 2951 4354 ejus
2976 4280 3266 4339 Salustius
3294 4278 3530 4351 Crispus
3552 4275 3685 4332 scri-

2049 4380 2136 4437 bit
2158 4382 2287 4435 acta
2307 4381 2466 4434 sunt.

2122 4468 2221 4537 (H.
2265 4467 2369 4539 m.)
2421 4468 2583 4520 Anno
2637 4460 2929 4533 sequenti,
2962 4459 3058 4531 qui
3092 4462 3181 4516 est
3221 4456 3394 4514 Urbis
3443 4452 3697 4513 condita).

2048 4561 2231 4628 690°“,
2282 4554 2514 4612 Decimo
2540 4550 2609 4585 3“
2650 4551 2821 4608 Junio
2872 4547 3104 4621 Syllano
3135 4550 3193 4604 et
3245 4545 3415 4603 Lucio
3464 4545 3683 4605 Murena

282 4628 552 4697 partibus
586 4630 720 4702 illis,
747 4635 1095 4706 cunctisque
1122 4651 1227 4708 pro
1258 4644 1395 4694 voto
1427 4640 1735 4712 ordinatis,
1760 4642 1813 4697 in
1840 4645 1937 4714 Sy-
1964 4624 2020 4687 D
2050 4624 2408 4712 consulibus,
2435 4639 2703 4698 Metellus
2753 4636 3132 4710 triumphavit
3184 4634 3256 4691 de
3309 4636 3498 4703 Creta,
3540 4633 3685 4689 Pom-

279 4716 420 4772 riam
435 4719 697 4793 divertit,
715 4722 926 4780 deinde
948 4728 1290 4785 Damascum
1308 4729 1488 4799 venit,
1508 4731 1817 4802 Antipater
1839 4748 1937 4792 au-

286 4809 398 4863 tem
432 4809 666 4881 quidam
697 4827 911 4883 genere
940 4815 1232 4888 Idumeus,
1257 4817 1551 4875 divitiiset
1576 4819 1817 4877 aliarum
1850 4838 1937 4878 re-

278 4910 411 4952 rum
445 4899 613 4970 copia
641 4902 835 4971 gentis
867 4917 989 4960 suae
1021 4905 1406 4976 preceps,jam
1438 4906 1655 4964 dudum
1711 4909 1935 4969 invisus

282 4985 640 5056 Aristobolo,
676 4990 1030 5048 hortabatur
1059 4994 1385 5062 Hyrcanum
1416 5002 1480 5051 ut
1524 5011 1587 5053 se
1635 4999 1933 5056 conferret

279 5073 349 5129 ad
376 5077 735 5149 Pompeium.
754 5080 838 5135 Ad
860 5095 1028 5152 quem
1051 5083 1543 5155 veniens,magnis
1563 5087 1614 5142 ei
1635 5086 1787 5144 datis
1813 5104 1932 5146 mu-

278 5163 534 5237 neribus,
568 5167 680 5225 sibi
711 5184 840 5226 eum
874 5169 1231 5228 conciliavit.
1266 5172 1366 5243 (H.
1395 5175 1500 5246 an.)
1535 5174 1641 5242 Qui
1680 5176 1930 5234 tendens

280 5249 745 5329 Hierosolimam,
770 5274 900 5317 cum
925 5259 1037 5316 sibi
1089 5274 1118 5317 a
1148 5264 1416 5333 partibus
1434 5264 1752 5321 Aristob-ili
1784 5267 1928 5323 resi-

278 5340 559 5416 steretur,
601 5347 1090 5420 obpugnationem
1147 5350 1417 5425 intendit,
1468 5352 1683 5425 vixque
1740 5355 1924 5412 tercio

2050 4736 2215 4808 peius
2247 4733 2319 4790 de
2354 4730 2503 4788 bello
2536 4729 2801 4802 pyratico
2823 4732 2883 4783 et
2932 4724 3326 4783 Metridatico.
3367 4720 3530 4778 Nulla
3574 4736 3687 4778 um-

2049 4838 2217 4895 quam
2264 4836 2469 4894 pompa
2501 4817 2782 4890 triumphi
2815 4814 3022 4874 similis
3056 4813 3181 4871 fuit.
3208 4811 3377 4870 Ducti
3404 4812 3536 4867 sunt
3559 4812 3683 4865 ante

2046 4926 2282 4969 currum
2315 4907 2576 4981 Pompeii
2602 4907 2703 4962 filii
2728 4903 3057 4962 Metridatis
3079 4906 3134 4959 et
3169 4900 3324 4957 filius
3343 4897 3615 4970 Tygranis
3630 4902 3682 4953 et

2046 4998 2424 5058 Aristobulus
2452 5012 2524 5054 ex
2552 4995 2771 5064 Iudaea,
2805 4993 3031 5066 prelata
3062 4994 3152 5047 est
3197 4989 3404 5061 ingens
3455 4985 3682 5059 pecunia

2045 5089 2171 5146 auri
2218 5092 2395 5159 atque
2448 5084 2677 5156 argenti
2728 5082 2974 5139 infinita.
3019 5081 3135 5137 Hoc
3180 5081 3440 5151 tempore
3471 5072 3680 5131 nullum

2043 5193 2219 5250 grave
2252 5176 2468 5233 bellum
2500 5178 2654 5231 erat.

2110 5270 2275 5323 Anno
2298 5266 2371 5322 ab
2400 5264 2554 5321 Urbe
2575 5261 2836 5320 condita.
2859 5263 2992 5318 693°
3022 5257 3196 5316 Gaius
3231 5254 3419 5314 Julius
3460 5254 3686 5323 Caesar,“

2039 5355 2136 5426 qui
2169 5359 2373 5427 postea
2401 5351 2735 5426 imperavit,
2759 5364 2896 5408 eum
2928 5347 3106 5406 Lucio
3137 5344 3348 5404 Bibulo
3377 5341 3585 5403 consul
3619 5342 3667 5397 fa

1664 5522 1901 5579 VARUE
1943 5521 2350 5580 LECTIONES.

344 5665 713 5748 "‘deesttw.
768 5685 939 5748 suum
974 5675 1029 5748 4.
1096 5670 1284 5748 ,δεδᾼάθ
1339 5672 1534 5733 mdes.
1570 5676 1646 5731 9°.
1726 5671 1794 5709 ³³⁸
1828 5672 2038 5737 invasit
2098 5677 2174 5735 9°.
2255 5670 2324 5711 ⁸⁸⁷
2365 5685 2428 5733 se
2451 5670 2501 5734 ei
2536 5675 2592 5730 ti.
2677 5668 2747 5709 °°°
2803 5667 3029 5748 pompei
3061 5671 3138 5729 9°.
3220 5664 3291 5703 ³³⁰
3347 5663 3684 5739 agebantur.

274 5736 347 5774 ³⁴⁰
381 5742 712 5818 postposita
747 5746 797 5800 ti.
875 5741 944 5778 '“
977 5743 1147 5803 decio
1182 5746 1233 5803 4.
1270 5749 1360 5804 10.
1403 5750 1487 5804 tt.
