  <div class='ocr_page' id='page_1' title='image "/cluster/home/n/w/nwhite01/storage/ocr_20150623/153-154/uc1.31175019678096/912.png"; bbox 0 0 3932 6418; ppageno 0'>
   <div class='ocr_carea' id='block_1_1' title="bbox 254 424 365 486">
    <p class='ocr_par' dir='ltr' id='par_1_1' title="bbox 254 424 365 486">
     <span class='ocr_line' id='line_1_1' title="bbox 254 424 365 486; baseline 0.009 -1"><span class='ocrx_word' id='word_1_1' title='bbox 254 424 365 486; x_wconf 76' lang='grc'>641</span> 
     </span>
    </p>
   </div>
   <div class='ocr_carea' id='block_1_2' title="bbox 1130 405 2793 480">
    <p class='ocr_par' dir='ltr' id='par_1_2' title="bbox 1130 405 2793 480">
     <span class='ocr_line' id='line_1_2' title="bbox 1130 405 2793 480; baseline -0.003 0"><span class='ocrx_word' id='word_1_2' title='bbox 1130 412 1569 480; x_wconf 80' lang='lat' dir='ltr'>CHBONICA.</span> <span class='ocrx_word' id='word_1_3' title='bbox 1609 450 1679 458; x_wconf 94' lang='lat'><strong>—</strong></span> <span class='ocrx_word' id='word_1_4' title='bbox 1715 405 2195 475; x_wconf 83' lang='lat' dir='ltr'>CHRONICON</span> <span class='ocrx_word' id='word_1_5' title='bbox 2239 409 2793 476; x_wconf 83' lang='lat' dir='ltr'>UNIVERSALE.</span> 
     </span>
    </p>
   </div>
   <div class='ocr_carea' id='block_1_3' title="bbox 3547 414 3669 478">
    <p class='ocr_par' dir='ltr' id='par_1_3' title="bbox 3547 414 3669 478">
     <span class='ocr_line' id='line_1_3' title="bbox 3547 414 3669 478; baseline 0.016 -2"><span class='ocrx_word' id='word_1_6' title='bbox 3547 414 3669 478; x_wconf 68' lang='lat'>642</span> 
     </span>
    </p>
   </div>
   <div class='ocr_carea' id='block_1_4' title="bbox 255 544 3646 621">
    <p class='ocr_par' dir='ltr' id='par_1_4' title="bbox 255 544 3646 621">
     <span class='ocr_line' id='line_1_4' title="bbox 255 544 3646 621; baseline -0.003 -4"><span class='ocrx_word' id='word_1_7' title='bbox 255 564 391 617; x_wconf 88' lang='lat' dir='ltr'>ctus</span> <span class='ocrx_word' id='word_1_8' title='bbox 418 562 528 616; x_wconf 90' lang='lat' dir='ltr'>est.</span> <span class='ocrx_word' id='word_1_9' title='bbox 566 557 808 613; x_wconf 89' lang='lat' dir='ltr'>Decreta</span> <span class='ocrx_word' id='word_1_10' title='bbox 839 559 930 611; x_wconf 90' lang='lat' dir='ltr'>est</span> <span class='ocrx_word' id='word_1_11' title='bbox 960 553 1013 609; x_wconf 92' lang='lat' dir='ltr'>ei</span> <span class='ocrx_word' id='word_1_12' title='bbox 1046 552 1226 608; x_wconf 89' lang='lat' dir='ltr'>Gallia</span> <span class='ocrx_word' id='word_1_13' title='bbox 1248 548 1620 621; x_wconf 87' lang='lat' dir='ltr'>Transalpina</span> <span class='ocrx_word' id='word_1_14' title='bbox 1641 551 1700 603; x_wconf 91' lang='lat' dir='ltr'>et</span> <span class='ocrx_word' id='word_1_15' title='bbox 1724 544 1899 602; x_wconf 78' lang='lat' dir='ltr'>Cisal-</span> <span class='ocrx_word' id='word_1_16' title='bbox 1929 547 1985 605; x_wconf 90' lang='lat' dir='ltr'>A</span> <span class='ocrx_word' id='word_1_17' title='bbox 2014 545 2240 611; x_wconf 73' lang='lat' dir='ltr'>urebat,</span> <span class='ocrx_word' id='word_1_18' title='bbox 2264 561 2493 606; x_wconf 65' lang='lat' dir='ltr'>ari/rum</span> <span class='ocrx_word' id='word_1_19' title='bbox 2520 550 2600 604; x_wconf 89' lang='lat' dir='ltr'>Eo</span> <span class='ocrx_word' id='word_1_20' title='bbox 2623 562 2900 605; x_wconf 85' lang='lat' dir='ltr'>successu</span> <span class='ocrx_word' id='word_1_21' title='bbox 2926 548 3122 605; x_wconf 77' lang='lat' dir='ltr'>Parthi</span> <span class='ocrx_word' id='word_1_22' title='bbox 3145 549 3423 606; x_wconf 90' lang='lat' dir='ltr'>elatiores</span> <span class='ocrx_word' id='word_1_23' title='bbox 3452 550 3646 609; x_wconf 72' lang='lat' dir='ltr'>effecti</span> 
     </span>
    </p>
   </div>
   <div class='ocr_carea' id='block_1_5' title="bbox 257 636 1901 721">
    <p class='ocr_par' dir='ltr' id='par_1_5' title="bbox 257 636 1901 721">
     <span class='ocr_line' id='line_1_5' title="bbox 257 636 1901 721; baseline -0.01 -16"><span class='ocrx_word' id='word_1_24' title='bbox 257 650 395 721; x_wconf 86' lang='lat' dir='ltr'>pina</span> <span class='ocrx_word' id='word_1_25' title='bbox 416 653 475 704; x_wconf 93' lang='lat' dir='ltr'>et</span> <span class='ocrx_word' id='word_1_26' title='bbox 498 646 789 717; x_wconf 85' lang='lat' dir='ltr'>Illyricum</span> <span class='ocrx_word' id='word_1_27' title='bbox 813 659 943 701; x_wconf 91' lang='lat' dir='ltr'>cum</span> <span class='ocrx_word' id='word_1_28' title='bbox 967 641 1293 712; x_wconf 84' lang='lat' dir='ltr'>legionibus</span> <span class='ocrx_word' id='word_1_29' title='bbox 1316 640 1480 696; x_wconf 89' lang='lat' dir='ltr'>denis</span> <span class='ocrx_word' id='word_1_30' title='bbox 1503 638 1558 693; x_wconf 92' lang='lat' dir='ltr'>in</span> <span class='ocrx_word' id='word_1_31' title='bbox 1583 636 1901 708; x_wconf 88' lang='lat' dir='ltr'>quinquen-</span> 
     </span>
    </p>
   </div>
   <div class='ocr_carea' id='block_1_6' title="bbox 258 724 1905 801">
    <p class='ocr_par' dir='ltr' id='par_1_6' title="bbox 258 724 1905 801">
     <span class='ocr_line' id='line_1_6' title="bbox 258 724 1905 801; baseline -0.009 -8"><span class='ocrx_word' id='word_1_32' title='bbox 258 738 418 793; x_wconf 90' lang='lat' dir='ltr'>nium</span> <span class='ocrx_word' id='word_1_33' title='bbox 447 735 627 801; x_wconf 87' lang='lat' dir='ltr'>datis;</span> <span class='ocrx_word' id='word_1_34' title='bbox 663 734 901 790; x_wconf 90' lang='lat' dir='ltr'>Galliam</span> <span class='ocrx_word' id='word_1_35' title='bbox 933 736 1217 788; x_wconf 90' lang='lat' dir='ltr'>comatam</span> <span class='ocrx_word' id='word_1_36' title='bbox 1244 733 1443 800; x_wconf 80' lang='lat' dir='ltr'>postea</span> <span class='ocrx_word' id='word_1_37' title='bbox 1480 730 1719 783; x_wconf 75' lang='lat' dir='ltr'>senatus</span> <span class='ocrx_word' id='word_1_38' title='bbox 1751 724 1905 794; x_wconf 89' lang='lat' dir='ltr'>adje-</span> 
     </span>
    </p>
   </div>
   <div class='ocr_carea' id='block_1_7' title="bbox 261 812 1905 893">
    <p class='ocr_par' dir='ltr' id='par_1_7' title="bbox 261 812 1905 893">
     <span class='ocr_line' id='line_1_7' title="bbox 261 812 1905 893; baseline -0.009 -11"><span class='ocrx_word' id='word_1_39' title='bbox 261 826 363 883; x_wconf 88' lang='lat' dir='ltr'>cit.</span> <span class='ocrx_word' id='word_1_40' title='bbox 392 824 802 893; x_wconf 76' lang='lat' dir='ltr'>Czesaritaque</span> <span class='ocrx_word' id='word_1_41' title='bbox 826 822 879 877; x_wconf 91' lang='lat' dir='ltr'>in</span> <span class='ocrx_word' id='word_1_42' title='bbox 896 819 1134 875; x_wconf 88' lang='lat' dir='ltr'>Galliam</span> <span class='ocrx_word' id='word_1_43' title='bbox 1151 820 1471 890; x_wconf 88' lang='lat' dir='ltr'>profectus,</span> <span class='ocrx_word' id='word_1_44' title='bbox 1492 814 1668 870; x_wconf 90' lang='lat' dir='ltr'>multa</span> <span class='ocrx_word' id='word_1_45' title='bbox 1701 812 1905 885; x_wconf 63' lang='lat' dir='ltr'>praelia</span> 
     </span>
    </p>
   </div>
   <div class='ocr_carea' id='block_1_8' title="bbox 261 902 1907 978">
    <p class='ocr_par' dir='ltr' id='par_1_8' title="bbox 261 902 1907 978">
     <span class='ocr_line' id='line_1_8' title="bbox 261 902 1907 978; baseline -0.01 -7"><span class='ocrx_word' id='word_1_46' title='bbox 261 928 397 971; x_wconf 90' lang='lat' dir='ltr'>cum</span> <span class='ocrx_word' id='word_1_47' title='bbox 430 911 609 968; x_wconf 85' lang='lat' dir='ltr'>Gallis</span> <span class='ocrx_word' id='word_1_48' title='bbox 643 908 1059 978; x_wconf 83' lang='lat' dir='ltr'>Germanisque</span> <span class='ocrx_word' id='word_1_49' title='bbox 1089 906 1400 975; x_wconf 90' lang='lat' dir='ltr'>commisit,</span> <span class='ocrx_word' id='word_1_50' title='bbox 1437 917 1690 976; x_wconf 91' lang='lat' dir='ltr'>sepeque</span> <span class='ocrx_word' id='word_1_51' title='bbox 1715 902 1907 957; x_wconf 91' lang='lat' dir='ltr'>vietus</span> 
     </span>
    </p>
   </div>
   <div class='ocr_carea' id='block_1_9' title="bbox 265 993 1912 1073">
    <p class='ocr_par' dir='ltr' id='par_1_9' title="bbox 265 993 1912 1073">
     <span class='ocr_line' id='line_1_9' title="bbox 265 993 1912 1073; baseline -0.009 -14"><span class='ocrx_word' id='word_1_52' title='bbox 265 1002 580 1073; x_wconf 90' lang='lat' dir='ltr'>scpiusque</span> <span class='ocrx_word' id='word_1_53' title='bbox 610 999 870 1068; x_wconf 90' lang='lat' dir='ltr'>vincens,</span> <span class='ocrx_word' id='word_1_54' title='bbox 904 995 1143 1052; x_wconf 78' lang='lat' dir='ltr'>Galliam</span> <span class='ocrx_word' id='word_1_55' title='bbox 1178 997 1360 1050; x_wconf 88' lang='lat' dir='ltr'>totam</span> <span class='ocrx_word' id='word_1_56' title='bbox 1394 998 1453 1049; x_wconf 92' lang='lat' dir='ltr'>et</span> <span class='ocrx_word' id='word_1_57' title='bbox 1485 993 1723 1059; x_wconf 90' lang='lat' dir='ltr'>Suevos,</span> <span class='ocrx_word' id='word_1_58' title='bbox 1775 1004 1912 1057; x_wconf 80' lang='lat' dir='ltr'>gen-</span> 
     </span>
    </p>
   </div>
   <div class='ocr_carea' id='block_1_10' title="bbox 264 1078 1911 1157">
    <p class='ocr_par' dir='ltr' id='par_1_10' title="bbox 264 1078 1911 1157">
     <span class='ocr_line' id='line_1_10' title="bbox 264 1078 1911 1157; baseline -0.007 -11"><span class='ocrx_word' id='word_1_59' title='bbox 264 1096 385 1146; x_wconf 91' lang='lat' dir='ltr'>tem</span> <span class='ocrx_word' id='word_1_60' title='bbox 411 1088 847 1157; x_wconf 87' lang='lat' dir='ltr'>ferocissimam,</span> <span class='ocrx_word' id='word_1_61' title='bbox 869 1100 1112 1157; x_wconf 84' lang='lat' dir='ltr'>quorum</span> <span class='ocrx_word' id='word_1_62' title='bbox 1138 1091 1369 1139; x_wconf 85' lang='lat' dir='ltr'>centum</span> <span class='ocrx_word' id='word_1_63' title='bbox 1397 1097 1577 1153; x_wconf 86' lang='lat' dir='ltr'>pagos</span> <span class='ocrx_word' id='word_1_64' title='bbox 1596 1094 1727 1136; x_wconf 85' lang='lat' dir='ltr'>esse</span> <span class='ocrx_word' id='word_1_65' title='bbox 1746 1078 1911 1135; x_wconf 90' lang='lat' dir='ltr'>multi</span> 
     </span>
    </p>
   </div>
   <div class='ocr_carea' id='block_1_11' title="bbox 267 1167 1917 1251">
    <p class='ocr_par' dir='ltr' id='par_1_11' title="bbox 267 1167 1917 1251">
     <span class='ocr_line' id='line_1_11' title="bbox 267 1167 1917 1251; baseline -0.008 -16"><span class='ocrx_word' id='word_1_66' title='bbox 267 1178 676 1251; x_wconf 90' lang='lat' dir='ltr'>prodiderunt,</span> <span class='ocrx_word' id='word_1_67' title='bbox 713 1187 1057 1243; x_wconf 83' lang='lat' dir='ltr'>omnemque</span> <span class='ocrx_word' id='word_1_68' title='bbox 1089 1170 1444 1227; x_wconf 76' lang='lat' dir='ltr'>Germaniam</span> <span class='ocrx_word' id='word_1_69' title='bbox 1476 1171 1730 1225; x_wconf 85' lang='lat' dir='ltr'>Romano</span> <span class='ocrx_word' id='word_1_70' title='bbox 1782 1167 1917 1222; x_wconf 85' lang='lat' dir='ltr'>sub-</span> 
     </span>
    </p>
   </div>
   <div class='ocr_carea' id='block_1_12' title="bbox 270 1258 1915 1337">
    <p class='ocr_par' dir='ltr' id='par_1_12' title="bbox 270 1258 1915 1337">
     <span class='ocr_line' id='line_1_12' title="bbox 270 1258 1915 1337; baseline -0.009 -13"><span class='ocrx_word' id='word_1_71' title='bbox 270 1267 423 1324; x_wconf 92' lang='lat' dir='ltr'>didit</span> <span class='ocrx_word' id='word_1_72' title='bbox 456 1265 720 1337; x_wconf 90' lang='lat' dir='ltr'>imperio.</span> <span class='ocrx_word' id='word_1_73' title='bbox 755 1263 983 1320; x_wconf 88' lang='lat' dir='ltr'>Domuit</span> <span class='ocrx_word' id='word_1_74' title='bbox 1020 1267 1213 1317; x_wconf 91' lang='lat' dir='ltr'>autem</span> <span class='ocrx_word' id='word_1_75' title='bbox 1246 1274 1450 1315; x_wconf 87' lang='lat' dir='ltr'>novem</span> <span class='ocrx_word' id='word_1_76' title='bbox 1482 1258 1646 1313; x_wconf 89' lang='lat' dir='ltr'>annis</span> <span class='ocrx_word' id='word_1_77' title='bbox 1690 1270 1915 1312; x_wconf 90' lang='lat' dir='ltr'>omnem</span> 
     </span>
    </p>
   </div>
   <div class='ocr_carea' id='block_1_13' title="bbox 270 1346 1917 1424">
    <p class='ocr_par' dir='ltr' id='par_1_13' title="bbox 270 1346 1917 1424">
     <span class='ocr_line' id='line_1_13' title="bbox 270 1346 1917 1424; baseline -0.009 -11"><span class='ocrx_word' id='word_1_78' title='bbox 270 1358 393 1412; x_wconf 84' lang='lat' dir='ltr'>fere</span> <span class='ocrx_word' id='word_1_79' title='bbox 422 1354 681 1423; x_wconf 84' lang='lat' dir='ltr'>Galliam,</span> <span class='ocrx_word' id='word_1_80' title='bbox 718 1368 845 1424; x_wconf 64' lang='lat' dir='ltr'>quae</span> <span class='ocrx_word' id='word_1_81' title='bbox 869 1353 1021 1406; x_wconf 90' lang='lat' dir='ltr'>inter</span> <span class='ocrx_word' id='word_1_82' title='bbox 1046 1352 1218 1421; x_wconf 88' lang='lat' dir='ltr'>Alpes</span> <span class='ocrx_word' id='word_1_83' title='bbox 1240 1353 1296 1405; x_wconf 89' lang='lat' dir='ltr'>et</span> <span class='ocrx_word' id='word_1_84' title='bbox 1323 1349 1530 1404; x_wconf 83' lang='lat' dir='ltr'>flumen</span> <span class='ocrx_word' id='word_1_85' title='bbox 1577 1346 1917 1402; x_wconf 82' lang='lat' dir='ltr'>Rhodanum</span> 
     </span>
    </p>
   </div>
   <div class='ocr_carea' id='block_1_14' title="bbox 270 1434 1919 1514">
    <p class='ocr_par' dir='ltr' id='par_1_14' title="bbox 270 1434 1919 1514">
     <span class='ocr_line' id='line_1_14' title="bbox 270 1434 1919 1514; baseline -0.007 -14"><span class='ocrx_word' id='word_1_86' title='bbox 270 1445 651 1514; x_wconf 84' lang='lat' dir='ltr'>Rhenumque</span> <span class='ocrx_word' id='word_1_87' title='bbox 682 1440 751 1475; x_wconf 67' lang='lat'>3‘3</span> <span class='ocrx_word' id='word_1_88' title='bbox 776 1446 835 1497; x_wconf 90' lang='lat' dir='ltr'>et</span> <span class='ocrx_word' id='word_1_89' title='bbox 866 1454 1144 1496; x_wconf 74' lang='lat' dir='ltr'>oceanum</span> <span class='ocrx_word' id='word_1_90' title='bbox 1172 1445 1263 1493; x_wconf 88' lang='lat' dir='ltr'>est</span> <span class='ocrx_word' id='word_1_91' title='bbox 1294 1436 1620 1493; x_wconf 87' lang='lat' dir='ltr'>eteircuitu</span> <span class='ocrx_word' id='word_1_92' title='bbox 1657 1438 1817 1505; x_wconf 90' lang='lat' dir='ltr'>patet</span> <span class='ocrx_word' id='word_1_93' title='bbox 1848 1434 1919 1490; x_wconf 91' lang='lat' dir='ltr'>ab</span> 
     </span>
    </p>
   </div>
   <div class='ocr_carea' id='block_1_15' title="bbox 270 1522 1922 1599">
    <p class='ocr_par' dir='ltr' id='par_1_15' title="bbox 270 1522 1922 1599">
     <span class='ocr_line' id='line_1_15' title="bbox 270 1522 1922 1599; baseline -0.007 -10"><span class='ocrx_word' id='word_1_94' title='bbox 270 1533 364 1590; x_wconf 84' lang='lat' dir='ltr'>his</span> <span class='ocrx_word' id='word_1_95' title='bbox 408 1533 610 1588; x_wconf 79' lang='lat' dir='ltr'>tricies</span> <span class='ocrx_word' id='word_1_96' title='bbox 654 1536 897 1587; x_wconf 91' lang='lat' dir='ltr'>centena</span> <span class='ocrx_word' id='word_1_97' title='bbox 953 1528 1105 1583; x_wconf 88' lang='lat' dir='ltr'>milia</span> <span class='ocrx_word' id='word_1_98' title='bbox 1150 1542 1442 1599; x_wconf 86' lang='lat' dir='ltr'>passuum.</span> <span class='ocrx_word' id='word_1_99' title='bbox 1476 1524 1613 1580; x_wconf 83' lang='lat' dir='ltr'>inde</span> <span class='ocrx_word' id='word_1_100' title='bbox 1646 1524 1717 1580; x_wconf 90' lang='lat' dir='ltr'>ad</span> <span class='ocrx_word' id='word_1_101' title='bbox 1759 1522 1922 1579; x_wconf 86' lang='lat' dir='ltr'>Mari-</span> 
     </span>
    </p>
   </div>
   <div class='ocr_carea' id='block_1_16' title="bbox 197 1612 1920 1688">
    <p class='ocr_par' dir='ltr' id='par_1_16' title="bbox 197 1612 1920 1688">
     <span class='ocr_line' id='line_1_16' title="bbox 197 1612 1920 1688; baseline -0.007 -9"><span class='ocrx_word' id='word_1_102' title='bbox 197 1650 205 1654; x_wconf 94' lang='lat'><strong><em>-</em></strong></span> <span class='ocrx_word' id='word_1_103' title='bbox 272 1636 382 1679; x_wconf 88' lang='lat' dir='ltr'>nos</span> <span class='ocrx_word' id='word_1_104' title='bbox 427 1619 496 1654; x_wconf 75' lang='grc'>³⁴³</span> <span class='ocrx_word' id='word_1_105' title='bbox 542 1620 720 1688; x_wconf 90' lang='lat' dir='ltr'>venit,</span> <span class='ocrx_word' id='word_1_106' title='bbox 756 1619 926 1675; x_wconf 76' lang='lat' dir='ltr'>‘unde</span> <span class='ocrx_word' id='word_1_107' title='bbox 978 1618 1033 1671; x_wconf 90' lang='lat' dir='ltr'>in</span> <span class='ocrx_word' id='word_1_108' title='bbox 1084 1615 1436 1671; x_wconf 87' lang='lat' dir='ltr'>Brithaniam</span> <span class='ocrx_word' id='word_1_109' title='bbox 1494 1612 1561 1645; x_wconf 71' lang='lat'><strong>3“</strong></span> <span class='ocrx_word' id='word_1_110' title='bbox 1617 1612 1920 1684; x_wconf 87' lang='lat' dir='ltr'>proximus</span> 
     </span>
    </p>
   </div>
   <div class='ocr_carea' id='block_1_17' title="bbox 272 1701 1918 1774">
    <p class='ocr_par' dir='ltr' id='par_1_17' title="bbox 272 1701 1918 1774">
     <span class='ocr_line' id='line_1_17' title="bbox 272 1701 1918 1774; baseline -0.007 -6"><span class='ocrx_word' id='word_1_111' title='bbox 272 1715 336 1768; x_wconf 89' lang='lat' dir='ltr'>et</span> <span class='ocrx_word' id='word_1_112' title='bbox 365 1709 748 1768; x_wconf 85' lang='lat' dir='ltr'>brevissimus</span> <span class='ocrx_word' id='word_1_113' title='bbox 780 1706 1069 1763; x_wconf 75' lang='lat' dir='ltr'>transitus</span> <span class='ocrx_word' id='word_1_114' title='bbox 1119 1713 1231 1774; x_wconf 88' lang='lat' dir='ltr'>est,</span> <span class='ocrx_word' id='word_1_115' title='bbox 1264 1702 1672 1772; x_wconf 88' lang='lat' dir='ltr'>Britannisque</span> <span class='ocrx_word' id='word_1_116' title='bbox 1704 1701 1918 1756; x_wconf 88' lang='lat' dir='ltr'>bellum</span> 
     </span>
    </p>
   </div>
   <div class='ocr_carea' id='block_1_18' title="bbox 275 1790 1918 1869">
    <p class='ocr_par' dir='ltr' id='par_1_18' title="bbox 275 1790 1918 1869">
     <span class='ocr_line' id='line_1_18' title="bbox 275 1790 1918 1869; baseline -0.007 -14"><span class='ocrx_word' id='word_1_117' title='bbox 275 1799 498 1869; x_wconf 75' lang='lat' dir='ltr'>intulit,</span> <span class='ocrx_word' id='word_1_118' title='bbox 534 1797 748 1868; x_wconf 86' lang='lat' dir='ltr'>quibus</span> <span class='ocrx_word' id='word_1_119' title='bbox 796 1799 928 1852; x_wconf 88' lang='lat' dir='ltr'>ante</span> <span class='ocrx_word' id='word_1_120' title='bbox 961 1808 1029 1849; x_wconf 90' lang='lat' dir='ltr'>ne</span> <span class='ocrx_word' id='word_1_121' title='bbox 1080 1807 1284 1849; x_wconf 90' lang='lat' dir='ltr'>nomen</span> <span class='ocrx_word' id='word_1_122' title='bbox 1323 1790 1553 1862; x_wconf 87' lang='lat' dir='ltr'>quidem</span> <span class='ocrx_word' id='word_1_123' title='bbox 1602 1792 1918 1869; x_wconf 83' lang='lat' dir='ltr'>Romanum</span> 
     </span>
    </p>
   </div>
   <div class='ocr_carea' id='block_1_19' title="bbox 2017 635 3665 711">
    <p class='ocr_par' dir='ltr' id='par_1_19' title="bbox 2017 635 3665 711">
     <span class='ocr_line' id='line_1_19' title="bbox 2017 635 3665 711; baseline 0.005 -23"><span class='ocrx_word' id='word_1_124' title='bbox 2017 635 2303 690; x_wconf 85' lang='lat' dir='ltr'>transsire</span> <span class='ocrx_word' id='word_1_125' title='bbox 2337 636 2390 690; x_wconf 92' lang='lat' dir='ltr'>in</span> <span class='ocrx_word' id='word_1_126' title='bbox 2424 637 2645 706; x_wconf 82' lang='lat' dir='ltr'>Syriam</span> <span class='ocrx_word' id='word_1_127' title='bbox 2673 641 3047 693; x_wconf 87' lang='lat' dir='ltr'>censuerunt.</span> <span class='ocrx_word' id='word_1_128' title='bbox 3082 636 3319 708; x_wconf 79' lang='lat' dir='ltr'>(Jos.De</span> <span class='ocrx_word' id='word_1_129' title='bbox 3349 638 3398 693; x_wconf 76' lang='grc' dir='ltr'>ὑ.</span> <span class='ocrx_word' id='word_1_130' title='bbox 3430 639 3488 695; x_wconf 84' lang='lat' dir='ltr'>J.</span> <span class='ocrx_word' id='word_1_131' title='bbox 3514 655 3550 711; x_wconf 85' lang='grc' dir='ltr'>ι,</span> <span class='ocrx_word' id='word_1_132' title='bbox 3585 641 3665 711; x_wconf 89' lang='grc'>6.)</span> 
     </span>
    </p>
   </div>
   <div class='ocr_carea' id='block_1_20' title="bbox 2020 719 3663 796">
    <p class='ocr_par' dir='ltr' id='par_1_20' title="bbox 2020 719 3663 796">
     <span class='ocr_line' id='line_1_20' title="bbox 2020 719 3663 796; baseline 0.006 -20"><span class='ocrx_word' id='word_1_133' title='bbox 2020 719 2175 787; x_wconf 85' lang='lat' dir='ltr'>Quos</span> <span class='ocrx_word' id='word_1_134' title='bbox 2209 729 2442 780; x_wconf 91' lang='lat' dir='ltr'>strenue</span> <span class='ocrx_word' id='word_1_135' title='bbox 2472 725 2525 780; x_wconf 92' lang='lat' dir='ltr'>in</span> <span class='ocrx_word' id='word_1_136' title='bbox 2542 725 2701 781; x_wconf 59' lang='lat' dir='ltr'>&lt;idiis</span> <span class='ocrx_word' id='word_1_137' title='bbox 2731 726 2963 796; x_wconf 78' lang='lat' dir='ltr'>excepit</span> <span class='ocrx_word' id='word_1_138' title='bbox 2996 726 3229 782; x_wconf 86' lang='lat' dir='ltr'>Cassius</span> <span class='ocrx_word' id='word_1_139' title='bbox 3257 731 3313 781; x_wconf 91' lang='lat' dir='ltr'>et</span> <span class='ocrx_word' id='word_1_140' title='bbox 3338 729 3663 786; x_wconf 79' lang='lat' dir='ltr'>commissae</span> 
     </span>
    </p>
   </div>
   <div class='ocr_carea' id='block_1_21' title="bbox 2021 811 3664 886">
    <p class='ocr_par' dir='ltr' id='par_1_21' title="bbox 2021 811 3664 886">
     <span class='ocr_line' id='line_1_21' title="bbox 2021 811 3664 886; baseline 0.005 -21"><span class='ocrx_word' id='word_1_141' title='bbox 2021 811 2131 866; x_wconf 92' lang='lat' dir='ltr'>sibi</span> <span class='ocrx_word' id='word_1_142' title='bbox 2164 813 2479 882; x_wconf 72' lang='lat' dir='ltr'>provinciae</span> <span class='ocrx_word' id='word_1_143' title='bbox 2514 814 2725 886; x_wconf 88' lang='lat' dir='ltr'>repulit</span> <span class='ocrx_word' id='word_1_144' title='bbox 2769 814 3016 876; x_wconf 80' lang='lat' dir='ltr'>finibus;</span> <span class='ocrx_word' id='word_1_145' title='bbox 3052 814 3261 870; x_wconf 87' lang='lat' dir='ltr'>deinde</span> <span class='ocrx_word' id='word_1_146' title='bbox 3313 815 3366 871; x_wconf 91' lang='lat' dir='ltr'>in</span> <span class='ocrx_word' id='word_1_147' title='bbox 3405 817 3664 874; x_wconf 67' lang='lat' dir='ltr'>Iudaeam</span> 
     </span>
    </p>
   </div>
   <div class='ocr_carea' id='block_1_22' title="bbox 2023 899 3667 975">
    <p class='ocr_par' dir='ltr' id='par_1_22' title="bbox 2023 899 3667 975">
     <span class='ocr_line' id='line_1_22' title="bbox 2023 899 3667 975; baseline 0.005 -21"><span class='ocrx_word' id='word_1_148' title='bbox 2023 899 2213 971; x_wconf 89' lang='lat' dir='ltr'>irruit,</span> <span class='ocrx_word' id='word_1_149' title='bbox 2246 908 2305 956; x_wconf 90' lang='lat' dir='ltr'>et</span> <span class='ocrx_word' id='word_1_150' title='bbox 2334 902 2666 960; x_wconf 90' lang='lat' dir='ltr'>Tharichcis</span> <span class='ocrx_word' id='word_1_151' title='bbox 2714 903 2941 975; x_wconf 89' lang='lat' dir='ltr'>deletis,</span> <span class='ocrx_word' id='word_1_152' title='bbox 2996 907 3172 961; x_wconf 87' lang='lat'>30000</span> <span class='ocrx_word' id='word_1_153' title='bbox 3215 904 3549 962; x_wconf 63' lang='lat' dir='ltr'>Iudaeorum</span> <span class='ocrx_word' id='word_1_154' title='bbox 3610 907 3667 963; x_wconf 92' lang='lat' dir='ltr'>in</span> 
     </span>
    </p>
   </div>
   <div class='ocr_carea' id='block_1_23' title="bbox 2024 990 2682 1048">
    <p class='ocr_par' dir='ltr' id='par_1_23' title="bbox 2024 990 2682 1048">
     <span class='ocr_line' id='line_1_23' title="bbox 2024 990 2682 1048; baseline 0.003 -2"><span class='ocrx_word' id='word_1_155' title='bbox 2024 990 2369 1046; x_wconf 86' lang='lat' dir='ltr'>servitutem</span> <span class='ocrx_word' id='word_1_156' title='bbox 2402 991 2682 1048; x_wconf 86' lang='lat' dir='ltr'>vendidit.</span> 
     </span>
    </p>
   </div>
   <div class='ocr_carea' id='block_1_24' title="bbox 2098 1079 3667 1154">
    <p class='ocr_par' dir='ltr' id='par_1_24' title="bbox 2098 1079 3667 1154">
     <span class='ocr_line' id='line_1_24' title="bbox 2098 1079 3667 1154; baseline 0.005 -22"><span class='ocrx_word' id='word_1_157' title='bbox 2098 1079 2405 1149; x_wconf 87' lang='lat' dir='ltr'>Antipater</span> <span class='ocrx_word' id='word_1_158' title='bbox 2427 1082 2639 1151; x_wconf 90' lang='lat' dir='ltr'>autem,</span> <span class='ocrx_word' id='word_1_159' title='bbox 2669 1081 2738 1137; x_wconf 92' lang='lat' dir='ltr'>de</span> <span class='ocrx_word' id='word_1_160' title='bbox 2763 1097 2875 1152; x_wconf 93' lang='lat' dir='ltr'>quo</span> <span class='ocrx_word' id='word_1_161' title='bbox 2901 1097 3074 1154; x_wconf 86' lang='lat' dir='ltr'>supra</span> <span class='ocrx_word' id='word_1_162' title='bbox 3097 1082 3667 1154; x_wconf 87' lang='lat' dir='ltr'>dixiquodHyrcano</span> 
     </span>
    </p>
   </div>
   <div class='ocr_carea' id='block_1_25' title="bbox 2028 1166 3675 1243">
    <p class='ocr_par' dir='ltr' id='par_1_25' title="bbox 2028 1166 3675 1243">
     <span class='ocr_line' id='line_1_25' title="bbox 2028 1166 3675 1243; baseline 0.005 -23"><span class='ocrx_word' id='word_1_163' title='bbox 2028 1166 2271 1237; x_wconf 90' lang='lat' dir='ltr'>faveret,</span> <span class='ocrx_word' id='word_1_164' title='bbox 2307 1170 2531 1240; x_wconf 91' lang='lat' dir='ltr'>accepit</span> <span class='ocrx_word' id='word_1_165' title='bbox 2556 1185 2791 1226; x_wconf 86' lang='lat' dir='ltr'>uxorem</span> <span class='ocrx_word' id='word_1_166' title='bbox 2816 1171 2908 1226; x_wconf 91' lang='lat' dir='ltr'>cui</span> <span class='ocrx_word' id='word_1_167' title='bbox 2934 1185 3139 1226; x_wconf 87' lang='lat' dir='ltr'>nomen</span> <span class='ocrx_word' id='word_1_168' title='bbox 3166 1172 3389 1242; x_wconf 83' lang='lat' dir='ltr'>Cypris,</span> <span class='ocrx_word' id='word_1_169' title='bbox 3417 1171 3675 1243; x_wconf 83' lang='lat' dir='ltr'>splendi-</span> 
     </span>
    </p>
   </div>
   <div class='ocr_carea' id='block_1_26' title="bbox 2029 1254 3673 1331">
    <p class='ocr_par' dir='ltr' id='par_1_26' title="bbox 2029 1254 3673 1331">
     <span class='ocr_line' id='line_1_26' title="bbox 2029 1254 3673 1331; baseline 0.005 -22"><span class='ocrx_word' id='word_1_170' title='bbox 2029 1254 2272 1311; x_wconf 88' lang='lat' dir='ltr'>dissimo</span> <span class='ocrx_word' id='word_1_171' title='bbox 2306 1258 2460 1312; x_wconf 85' lang='lat' dir='ltr'>inter</span> <span class='ocrx_word' id='word_1_172' title='bbox 2492 1260 2719 1314; x_wconf 66' lang='lat' dir='ltr'>Arabia)</span> <span class='ocrx_word' id='word_1_173' title='bbox 2766 1257 2834 1291; x_wconf 78' lang='grc'>³⁸⁸</span> <span class='ocrx_word' id='word_1_174' title='bbox 2868 1260 3107 1315; x_wconf 80' lang='lat' dir='ltr'>feminas</span> <span class='ocrx_word' id='word_1_175' title='bbox 3158 1260 3285 1315; x_wconf 92' lang='lat' dir='ltr'>loco</span> <span class='ocrx_word' id='word_1_176' title='bbox 3333 1264 3547 1331; x_wconf 89' lang='lat' dir='ltr'>natam,</span> <span class='ocrx_word' id='word_1_177' title='bbox 3598 1275 3673 1317; x_wconf 88' lang='lat' dir='ltr'>ex</span> 
     </span>
    </p>
   </div>
   <div class='ocr_carea' id='block_1_27' title="bbox 2032 1346 3677 1421">
    <p class='ocr_par' dir='ltr' id='par_1_27' title="bbox 2032 1346 3677 1421">
     <span class='ocr_line' id='line_1_27' title="bbox 2032 1346 3677 1421; baseline 0.004 -22"><span class='ocrx_word' id='word_1_178' title='bbox 2032 1358 2141 1414; x_wconf 89' lang='lat' dir='ltr'>qua</span> <span class='ocrx_word' id='word_1_179' title='bbox 2175 1346 2434 1416; x_wconf 86' lang='lat' dir='ltr'>suscepit</span> <span class='ocrx_word' id='word_1_180' title='bbox 2468 1347 2617 1403; x_wconf 85' lang='lat' dir='ltr'>filios</span> <span class='ocrx_word' id='word_1_181' title='bbox 2648 1352 2918 1418; x_wconf 88' lang='lat' dir='ltr'>quatuor,</span> <span class='ocrx_word' id='word_1_182' title='bbox 2948 1348 3230 1418; x_wconf 86' lang='lat' dir='ltr'>Faselum,</span> <span class='ocrx_word' id='word_1_183' title='bbox 3257 1349 3562 1421; x_wconf 87' lang='lat' dir='ltr'>Herodem,</span> <span class='ocrx_word' id='word_1_184' title='bbox 3584 1351 3677 1406; x_wconf 90' lang='lat' dir='ltr'>Jo-</span> 
     </span>
    </p>
   </div>
   <div class='ocr_carea' id='block_1_28' title="bbox 2033 1435 3671 1507">
    <p class='ocr_par' dir='ltr' id='par_1_28' title="bbox 2033 1435 3671 1507">
     <span class='ocr_line' id='line_1_28' title="bbox 2033 1435 3671 1507; baseline 0.005 -20"><span class='ocrx_word' id='word_1_185' title='bbox 2033 1435 2298 1504; x_wconf 89' lang='lat' dir='ltr'>sephum,</span> <span class='ocrx_word' id='word_1_186' title='bbox 2338 1436 2627 1507; x_wconf 85' lang='lat' dir='ltr'>Feroram,</span> <span class='ocrx_word' id='word_1_187' title='bbox 2659 1440 2715 1491; x_wconf 90' lang='lat' dir='ltr'>et</span> <span class='ocrx_word' id='word_1_188' title='bbox 2768 1436 2943 1492; x_wconf 84' lang='lat' dir='ltr'>filiam</span> <span class='ocrx_word' id='word_1_189' title='bbox 2994 1437 3223 1494; x_wconf 90' lang='lat' dir='ltr'>nomine</span> <span class='ocrx_word' id='word_1_190' title='bbox 3270 1436 3513 1494; x_wconf 87' lang='lat' dir='ltr'>Salome.</span> <span class='ocrx_word' id='word_1_191' title='bbox 3564 1438 3671 1505; x_wconf 86' lang='lat' dir='ltr'>Qui</span> 
     </span>
    </p>
   </div>
   <div class='ocr_carea' id='block_1_29' title="bbox 2033 1523 3676 1599">
    <p class='ocr_par' dir='ltr' id='par_1_29' title="bbox 2033 1523 3676 1599">
     <span class='ocr_line' id='line_1_29' title="bbox 2033 1523 3676 1599; baseline 0.004 -21"><span class='ocrx_word' id='word_1_192' title='bbox 2033 1537 2163 1578; x_wconf 92' lang='lat' dir='ltr'>cum</span> <span class='ocrx_word' id='word_1_193' title='bbox 2196 1523 2420 1579; x_wconf 87' lang='lat' dir='ltr'>Gabinii</span> <span class='ocrx_word' id='word_1_194' title='bbox 2455 1526 2709 1581; x_wconf 90' lang='lat' dir='ltr'>favorem</span> <span class='ocrx_word' id='word_1_195' title='bbox 2760 1525 3097 1582; x_wconf 86' lang='lat' dir='ltr'>muneribus</span> <span class='ocrx_word' id='word_1_196' title='bbox 3148 1531 3323 1597; x_wconf 88' lang='lat' dir='ltr'>atque</span> <span class='ocrx_word' id='word_1_197' title='bbox 3373 1528 3676 1599; x_wconf 91' lang='lat' dir='ltr'>obsequiis</span> 
     </span>
    </p>
   </div>
   <div class='ocr_carea' id='block_1_30' title="bbox 2034 1612 3676 1688">
    <p class='ocr_par' dir='ltr' id='par_1_30' title="bbox 2034 1612 3676 1688">
     <span class='ocr_line' id='line_1_30' title="bbox 2034 1612 3676 1688; baseline 0.005 -23"><span class='ocrx_word' id='word_1_198' title='bbox 2034 1612 2479 1683; x_wconf 89' lang='lat' dir='ltr'>promeruisset,</span> <span class='ocrx_word' id='word_1_199' title='bbox 2510 1614 2683 1669; x_wconf 91' lang='lat' dir='ltr'>etiam</span> <span class='ocrx_word' id='word_1_200' title='bbox 2718 1615 2897 1670; x_wconf 89' lang='lat' dir='ltr'>Cassii</span> <span class='ocrx_word' id='word_1_201' title='bbox 2935 1615 3386 1671; x_wconf 80' lang='lat' dir='ltr'>familiaritatem</span> <span class='ocrx_word' id='word_1_202' title='bbox 3427 1616 3676 1688; x_wconf 85' lang='lat' dir='ltr'>adeptus</span> 
     </span>
    </p>
   </div>
   <div class='ocr_carea' id='block_1_31' title="bbox 2036 1700 3674 1775">
    <p class='ocr_par' dir='ltr' id='par_1_31' title="bbox 2036 1700 3674 1775">
     <span class='ocr_line' id='line_1_31' title="bbox 2036 1700 3674 1775; baseline 0.005 -21"><span class='ocrx_word' id='word_1_203' title='bbox 2036 1704 2145 1755; x_wconf 89' lang='lat' dir='ltr'>est.</span> <span class='ocrx_word' id='word_1_204' title='bbox 2197 1700 2379 1757; x_wconf 89' lang='lat' dir='ltr'>Causa</span> <span class='ocrx_word' id='word_1_205' title='bbox 2412 1702 2625 1773; x_wconf 87' lang='lat' dir='ltr'>quippe</span> <span class='ocrx_word' id='word_1_206' title='bbox 2658 1708 2947 1760; x_wconf 89' lang='lat' dir='ltr'>tantorum</span> <span class='ocrx_word' id='word_1_207' title='bbox 2993 1704 3240 1760; x_wconf 89' lang='lat' dir='ltr'>filiorum</span> <span class='ocrx_word' id='word_1_208' title='bbox 3280 1706 3367 1761; x_wconf 90' lang='lat' dir='ltr'>vir</span> <span class='ocrx_word' id='word_1_209' title='bbox 3402 1706 3674 1775; x_wconf 84' lang='lat' dir='ltr'>egregius</span> 
     </span>
    </p>
   </div>
   <div class='ocr_carea' id='block_1_32' title="bbox 2036 1789 3675 1862">
    <p class='ocr_par' dir='ltr' id='par_1_32' title="bbox 2036 1789 3675 1862">
     <span class='ocr_line' id='line_1_32' title="bbox 2036 1789 3675 1862; baseline 0.005 -20"><span class='ocrx_word' id='word_1_210' title='bbox 2036 1793 2127 1843; x_wconf 90' lang='lat' dir='ltr'>cst</span> <span class='ocrx_word' id='word_1_211' title='bbox 2168 1789 2356 1845; x_wconf 84' lang='lat' dir='ltr'>factus</span> <span class='ocrx_word' id='word_1_212' title='bbox 2385 1791 2456 1846; x_wconf 90' lang='lat' dir='ltr'>ad</span> <span class='ocrx_word' id='word_1_213' title='bbox 2490 1793 2931 1862; x_wconf 88' lang='lat' dir='ltr'>promerendam</span> <span class='ocrx_word' id='word_1_214' title='bbox 2966 1794 3303 1850; x_wconf 89' lang='lat' dir='ltr'>muneribus</span> <span class='ocrx_word' id='word_1_215' title='bbox 3337 1795 3675 1851; x_wconf 89' lang='lat' dir='ltr'>societatem</span> 
     </span>
    </p>
   </div>
   <div class='ocr_carea' id='block_1_33' title="bbox 275 1879 3681 1960">
    <p class='ocr_par' dir='ltr' id='par_1_33' title="bbox 275 1879 3681 1960">
     <span class='ocr_line' id='line_1_33' title="bbox 275 1879 3681 1960; baseline -0.002 -14"><span class='ocrx_word' id='word_1_216' title='bbox 275 1889 575 1960; x_wconf 82' lang='lat' dir='ltr'>cognitum</span> <span class='ocrx_word' id='word_1_217' title='bbox 606 1887 733 1943; x_wconf 85' lang='lat' dir='ltr'>fuit.</span> <span class='ocrx_word' id='word_1_218' title='bbox 771 1886 851 1941; x_wconf 90' lang='lat' dir='ltr'>Ibi</span> <span class='ocrx_word' id='word_1_219' title='bbox 885 1885 1090 1941; x_wconf 89' lang='lat' dir='ltr'>acerba</span> <span class='ocrx_word' id='word_1_220' title='bbox 1123 1883 1371 1954; x_wconf 90' lang='lat' dir='ltr'>primum</span> <span class='ocrx_word' id='word_1_221' title='bbox 1404 1894 1593 1952; x_wconf 89' lang='lat' dir='ltr'>pugna</span> <span class='ocrx_word' id='word_1_222' title='bbox 1641 1879 1918 1948; x_wconf 85' lang='lat' dir='ltr'>fatigatus</span> <span class='ocrx_word' id='word_1_223' title='bbox 1950 1902 2002 1960; x_wconf 76' lang='grc' dir='ltr'>Β</span> <span class='ocrx_word' id='word_1_224' title='bbox 2038 1879 2379 1949; x_wconf 81' lang='lat' dir='ltr'>potentiu‘m.</span> <span class='ocrx_word' id='word_1_225' title='bbox 2418 1881 2511 1935; x_wconf 92' lang='lat' dir='ltr'>Sic</span> <span class='ocrx_word' id='word_1_226' title='bbox 2539 1881 2826 1952; x_wconf 73' lang='lat' dir='ltr'>Iosephus</span> <span class='ocrx_word' id='word_1_227' title='bbox 2856 1881 2927 1937; x_wconf 92' lang='lat' dir='ltr'>de</span> <span class='ocrx_word' id='word_1_228' title='bbox 2957 1897 3024 1936; x_wconf 93' lang='lat' dir='ltr'>eo</span> <span class='ocrx_word' id='word_1_229' title='bbox 3059 1887 3338 1948; x_wconf 87' lang='lat' dir='ltr'>testatur;</span> <span class='ocrx_word' id='word_1_230' title='bbox 3373 1882 3681 1940; x_wconf 88' lang='lat' dir='ltr'>Africanus</span> 
     </span>
    </p>
   </div>
   <div class='ocr_carea' id='block_1_34' title="bbox 277 1967 1918 2045">
    <p class='ocr_par' dir='ltr' id='par_1_34' title="bbox 277 1967 1918 2045">
     <span class='ocr_line' id='line_1_34' title="bbox 277 1967 1918 2045; baseline -0.007 -11"><span class='ocrx_word' id='word_1_231' title='bbox 277 1994 393 2034; x_wconf 88' lang='lat' dir='ltr'>non</span> <span class='ocrx_word' id='word_1_232' title='bbox 409 1977 535 2033; x_wconf 90' lang='lat' dir='ltr'>sine</span> <span class='ocrx_word' id='word_1_233' title='bbox 559 1990 766 2045; x_wconf 84' lang='lat' dir='ltr'>magno</span> <span class='ocrx_word' id='word_1_234' title='bbox 790 1989 1025 2031; x_wconf 89' lang='lat' dir='ltr'>suorum</span> <span class='ocrx_word' id='word_1_235' title='bbox 1050 1970 1384 2028; x_wconf 89' lang='lat' dir='ltr'>discrimine</span> <span class='ocrx_word' id='word_1_236' title='bbox 1411 1969 1640 2025; x_wconf 86' lang='lat' dir='ltr'>tandem</span> <span class='ocrx_word' id='word_1_237' title='bbox 1663 1983 1765 2025; x_wconf 91' lang='lat' dir='ltr'>eos</span> <span class='ocrx_word' id='word_1_238' title='bbox 1778 1967 1918 2024; x_wconf 89' lang='lat' dir='ltr'>vicit</span> 
     </span>
    </p>
   </div>
   <div class='ocr_carea' id='block_1_35' title="bbox 279 2057 1922 2128">
    <p class='ocr_par' dir='ltr' id='par_1_35' title="bbox 279 2057 1922 2128">
     <span class='ocr_line' id='line_1_35' title="bbox 279 2057 1922 2128; baseline -0.007 -5"><span class='ocrx_word' id='word_1_239' title='bbox 279 2080 431 2124; x_wconf 90' lang='lat' dir='ltr'>anno</span> <span class='ocrx_word' id='word_1_240' title='bbox 456 2068 587 2121; x_wconf 89' lang='lat' dir='ltr'>ante</span> <span class='ocrx_word' id='word_1_241' title='bbox 622 2063 975 2119; x_wconf 89' lang='lat' dir='ltr'>Dominicam</span> <span class='ocrx_word' id='word_1_242' title='bbox 1007 2060 1485 2128; x_wconf 89' lang='lat' dir='ltr'>incarnationem,</span> <span class='ocrx_word' id='word_1_243' title='bbox 1520 2063 1581 2114; x_wconf 94' lang='lat' dir='ltr'>ut</span> <span class='ocrx_word' id='word_1_244' title='bbox 1606 2057 1753 2113; x_wconf 89' lang='lat' dir='ltr'>Beda</span> <span class='ocrx_word' id='word_1_245' title='bbox 1780 2057 1922 2113; x_wconf 93' lang='lat' dir='ltr'>seri-</span> 
     </span>
    </p>
   </div>
   <div class='ocr_carea' id='block_1_36' title="bbox 282 2145 1921 2224">
    <p class='ocr_par' dir='ltr' id='par_1_36' title="bbox 282 2145 1921 2224">
     <span class='ocr_line' id='line_1_36' title="bbox 282 2145 1921 2224; baseline -0.006 -14"><span class='ocrx_word' id='word_1_246' title='bbox 282 2155 390 2224; x_wconf 89' lang='lat' dir='ltr'>bit,</span> <span class='ocrx_word' id='word_1_247' title='bbox 427 2151 905 2224; x_wconf 57' lang='lat' dir='ltr'>quinqvagesimo</span> <span class='ocrx_word' id='word_1_248' title='bbox 941 2149 1015 2219; x_wconf 74' lang='lat' dir='ltr'>(lt.</span> <span class='ocrx_word' id='word_1_249' title='bbox 1045 2164 1089 2205; x_wconf 73' lang='grc' dir='ltr'>ε.</span> <span class='ocrx_word' id='word_1_250' title='bbox 1119 2151 1181 2203; x_wconf 87' lang='grc' dir='ltr'>Α.</span> <span class='ocrx_word' id='word_1_251' title='bbox 1208 2154 1255 2203; x_wconf 89' lang='grc'>1.</span> <span class='ocrx_word' id='word_1_252' title='bbox 1282 2148 1387 2217; x_wconf 74' lang='lat'>2.).</span> <span class='ocrx_word' id='word_1_253' title='bbox 1424 2148 1577 2203; x_wconf 88' lang='lat' dir='ltr'>IIanc</span> <span class='ocrx_word' id='word_1_254' title='bbox 1618 2145 1921 2202; x_wconf 87' lang='lat' dir='ltr'>historiam</span> 
     </span>
    </p>
   </div>
   <div class='ocr_carea' id='block_1_37' title="bbox 282 2234 1707 2309">
    <p class='ocr_par' dir='ltr' id='par_1_37' title="bbox 282 2234 1707 2309">
     <span class='ocr_line' id='line_1_37' title="bbox 282 2234 1707 2309; baseline -0.006 -13"><span class='ocrx_word' id='word_1_255' title='bbox 282 2240 597 2299; x_wconf 84' lang='lat' dir='ltr'>Suetonius</span> <span class='ocrx_word' id='word_1_256' title='bbox 627 2238 997 2309; x_wconf 89' lang='lat' dir='ltr'>Tranquillus</span> <span class='ocrx_word' id='word_1_257' title='bbox 1025 2236 1308 2308; x_wconf 80' lang='lat' dir='ltr'>explicuit</span> <span class='ocrx_word' id='word_1_258' title='bbox 1355 2234 1707 2307; x_wconf 87' lang='lat' dir='ltr'>planissime.</span> 
     </span>
    </p>
   </div>
   <div class='ocr_carea' id='block_1_38' title="bbox 355 2321 1924 2396">
    <p class='ocr_par' dir='ltr' id='par_1_38' title="bbox 355 2321 1924 2396">
     <span class='ocr_line' id='line_1_38' title="bbox 355 2321 1924 2396; baseline -0.006 -10"><span class='ocrx_word' id='word_1_259' title='bbox 355 2331 515 2385; x_wconf 86' lang='lat' dir='ltr'>Anno</span> <span class='ocrx_word' id='word_1_260' title='bbox 547 2330 619 2384; x_wconf 88' lang='lat' dir='ltr'>ab</span> <span class='ocrx_word' id='word_1_261' title='bbox 650 2328 802 2383; x_wconf 73' lang='lat' dir='ltr'>Urbe</span> <span class='ocrx_word' id='word_1_262' title='bbox 854 2325 1089 2382; x_wconf 88' lang='lat' dir='ltr'>condita</span> <span class='ocrx_word' id='word_1_263' title='bbox 1139 2329 1262 2391; x_wconf 81' lang='lat'>097,</span> <span class='ocrx_word' id='word_1_264' title='bbox 1312 2324 1410 2396; x_wconf 91' lang='lat' dir='ltr'>qui</span> <span class='ocrx_word' id='word_1_265' title='bbox 1463 2328 1551 2380; x_wconf 89' lang='lat' dir='ltr'>est</span> <span class='ocrx_word' id='word_1_266' title='bbox 1602 2321 1924 2378; x_wconf 89' lang='lat' dir='ltr'>Ptholomei</span> 
     </span>
    </p>
   </div>
   <div class='ocr_carea' id='block_1_39' title="bbox 280 2410 1926 2487">
    <p class='ocr_par' dir='ltr' id='par_1_39' title="bbox 280 2410 1926 2487">
     <span class='ocr_line' id='line_1_39' title="bbox 280 2410 1926 2487; baseline -0.007 -12"><span class='ocrx_word' id='word_1_267' title='bbox 280 2418 523 2476; x_wconf 90' lang='lat' dir='ltr'>Dionisii</span> <span class='ocrx_word' id='word_1_268' title='bbox 573 2421 719 2487; x_wconf 63' lang='lat'>25‘“,</span> <span class='ocrx_word' id='word_1_269' title='bbox 771 2417 997 2472; x_wconf 85' lang='lat' dir='ltr'>Marcus</span> <span class='ocrx_word' id='word_1_270' title='bbox 1047 2415 1297 2470; x_wconf 88' lang='lat' dir='ltr'>Licinius</span> <span class='ocrx_word' id='word_1_271' title='bbox 1366 2415 1633 2481; x_wconf 83' lang='lat' dir='ltr'>Crassus,</span> <span class='ocrx_word' id='word_1_272' title='bbox 1703 2410 1926 2480; x_wconf 77' lang='lat' dir='ltr'>collega</span> 
     </span>
    </p>
   </div>
   <div class='ocr_carea' id='block_1_40' title="bbox 284 2500 1926 2578">
    <p class='ocr_par' dir='ltr' id='par_1_40' title="bbox 284 2500 1926 2578">
     <span class='ocr_line' id='line_1_40' title="bbox 284 2500 1926 2578; baseline -0.006 -14"><span class='ocrx_word' id='word_1_273' title='bbox 284 2508 424 2564; x_wconf 91' lang='lat' dir='ltr'>Gnei</span> <span class='ocrx_word' id='word_1_274' title='bbox 439 2507 692 2578; x_wconf 90' lang='lat' dir='ltr'>Pompeii</span> <span class='ocrx_word' id='word_1_275' title='bbox 710 2505 891 2575; x_wconf 84' lang='lat' dir='ltr'>Magni</span> <span class='ocrx_word' id='word_1_276' title='bbox 909 2505 960 2559; x_wconf 89' lang='lat' dir='ltr'>in</span> <span class='ocrx_word' id='word_1_277' title='bbox 975 2505 1283 2560; x_wconf 90' lang='lat' dir='ltr'>consulatu</span> <span class='ocrx_word' id='word_1_278' title='bbox 1299 2503 1556 2559; x_wconf 91' lang='lat' dir='ltr'>secundo</span> <span class='ocrx_word' id='word_1_279' title='bbox 1573 2500 1926 2572; x_wconf 87' lang='lat' dir='ltr'>provinciam</span> 
     </span>
    </p>
   </div>
   <div class='ocr_carea' id='block_1_41' title="bbox 285 2589 1926 2664">
    <p class='ocr_par' dir='ltr' id='par_1_41' title="bbox 285 2589 1926 2664">
     <span class='ocr_line' id='line_1_41' title="bbox 285 2589 1926 2664; baseline -0.005 -10"><span class='ocrx_word' id='word_1_280' title='bbox 285 2597 535 2654; x_wconf 89' lang='lat' dir='ltr'>sortitus</span> <span class='ocrx_word' id='word_1_281' title='bbox 562 2595 617 2651; x_wconf 92' lang='lat' dir='ltr'>in</span> <span class='ocrx_word' id='word_1_282' title='bbox 646 2595 912 2664; x_wconf 88' lang='lat' dir='ltr'>Parthos,</span> <span class='ocrx_word' id='word_1_283' title='bbox 964 2594 1133 2649; x_wconf 91' lang='lat' dir='ltr'>homo</span> <span class='ocrx_word' id='word_1_284' title='bbox 1176 2591 1544 2663; x_wconf 68' lang='lat' dir='ltr'>inexplebilis</span> <span class='ocrx_word' id='word_1_285' title='bbox 1566 2589 1926 2661; x_wconf 86' lang='lat' dir='ltr'>cupiditatis,</span> 
     </span>
    </p>
   </div>
   <div class='ocr_carea' id='block_1_42' title="bbox 285 2679 1928 2755">
    <p class='ocr_par' dir='ltr' id='par_1_42' title="bbox 285 2679 1928 2755">
     <span class='ocr_line' id='line_1_42' title="bbox 285 2679 1928 2755; baseline -0.007 -13"><span class='ocrx_word' id='word_1_286' title='bbox 285 2685 482 2743; x_wconf 90' lang='lat' dir='ltr'>audita</span> <span class='ocrx_word' id='word_1_287' title='bbox 513 2684 714 2755; x_wconf 87' lang='lat' dir='ltr'>templi</span> <span class='ocrx_word' id='word_1_288' title='bbox 744 2683 814 2716; x_wconf 77' lang='grc'>³⁴⁵</span> <span class='ocrx_word' id='word_1_289' title='bbox 843 2681 1336 2738; x_wconf 85' lang='lat' dir='ltr'>Hierosolimitani</span> <span class='ocrx_word' id='word_1_290' title='bbox 1387 2679 1705 2750; x_wconf 82' lang='lat' dir='ltr'>opulentia,</span> <span class='ocrx_word' id='word_1_291' title='bbox 1760 2692 1928 2748; x_wconf 88' lang='lat' dir='ltr'>quam</span> 
     </span>
    </p>
   </div>
   <div class='ocr_carea' id='block_1_43' title="bbox 286 2766 1933 2846">
    <p class='ocr_par' dir='ltr' id='par_1_43' title="bbox 286 2766 1933 2846">
     <span class='ocr_line' id='line_1_43' title="bbox 286 2766 1933 2846; baseline -0.007 -15"><span class='ocrx_word' id='word_1_292' title='bbox 286 2775 598 2846; x_wconf 84' lang='lat' dir='ltr'>Pompeius</span> <span class='ocrx_word' id='word_1_293' title='bbox 621 2773 897 2828; x_wconf 87' lang='lat' dir='ltr'>intactam</span> <span class='ocrx_word' id='word_1_294' title='bbox 923 2770 1262 2841; x_wconf 89' lang='lat' dir='ltr'>reliquerat,</span> <span class='ocrx_word' id='word_1_295' title='bbox 1288 2769 1343 2823; x_wconf 88' lang='lat' dir='ltr'>in</span> <span class='ocrx_word' id='word_1_296' title='bbox 1368 2767 1719 2824; x_wconf 88' lang='lat' dir='ltr'>Palestinam</span> <span class='ocrx_word' id='word_1_297' title='bbox 1745 2766 1933 2821; x_wconf 81' lang='lat' dir='ltr'>diver-</span> 
     </span>
    </p>
   </div>
   <div class='ocr_carea' id='block_1_44' title="bbox 288 2853 1933 2934">
    <p class='ocr_par' dir='ltr' id='par_1_44' title="bbox 288 2853 1933 2934">
     <span class='ocr_line' id='line_1_44' title="bbox 288 2853 1933 2934; baseline -0.007 -15"><span class='ocrx_word' id='word_1_298' title='bbox 288 2864 382 2934; x_wconf 91' lang='lat' dir='ltr'>tit,</span> <span class='ocrx_word' id='word_1_299' title='bbox 413 2859 849 2918; x_wconf 88' lang='lat' dir='ltr'>Hierosolimam</span> <span class='ocrx_word' id='word_1_300' title='bbox 881 2858 1022 2927; x_wconf 86' lang='lat' dir='ltr'>adit,</span> <span class='ocrx_word' id='word_1_301' title='bbox 1056 2856 1334 2928; x_wconf 86' lang='lat' dir='ltr'>templum</span> <span class='ocrx_word' id='word_1_302' title='bbox 1369 2855 1654 2927; x_wconf 89' lang='lat' dir='ltr'>pervadit,</span> <span class='ocrx_word' id='word_1_303' title='bbox 1682 2869 1825 2924; x_wconf 89' lang='lat' dir='ltr'>opes</span> <span class='ocrx_word' id='word_1_304' title='bbox 1850 2853 1933 2908; x_wconf 90' lang='lat' dir='ltr'>di-</span> 
     </span>
    </p>
   </div>
   <div class='ocr_carea' id='block_1_45' title="bbox 288 2942 1927 3023">
    <p class='ocr_par' dir='ltr' id='par_1_45' title="bbox 288 2942 1927 3023">
     <span class='ocr_line' id='line_1_45' title="bbox 288 2942 1927 3023; baseline -0.007 -15"><span class='ocrx_word' id='word_1_305' title='bbox 288 2951 448 3023; x_wconf 87' lang='lat' dir='ltr'>ripit.</span> <span class='ocrx_word' id='word_1_306' title='bbox 482 2950 620 3006; x_wconf 90' lang='lat' dir='ltr'>Inde</span> <span class='ocrx_word' id='word_1_307' title='bbox 652 2964 752 3021; x_wconf 90' lang='lat' dir='ltr'>per</span> <span class='ocrx_word' id='word_1_308' title='bbox 784 2944 1512 3018; x_wconf 86' lang='lat' dir='ltr'>Mesopotamiamtendens</span> <span class='ocrx_word' id='word_1_309' title='bbox 1536 2944 1589 2999; x_wconf 93' lang='lat' dir='ltr'>in</span> <span class='ocrx_word' id='word_1_310' title='bbox 1611 2942 1927 3012; x_wconf 86' lang='lat' dir='ltr'>Parthiam,</span> 
     </span>
    </p>
   </div>
   <div class='ocr_carea' id='block_1_46' title="bbox 288 3029 1930 3111">
    <p class='ocr_par' dir='ltr' id='par_1_46' title="bbox 288 3029 1930 3111">
     <span class='ocr_line' id='line_1_46' title="bbox 288 3029 1930 3111; baseline -0.007 -15"><span class='ocrx_word' id='word_1_311' title='bbox 288 3052 653 3111; x_wconf 89' lang='lat' dir='ltr'>quacumque</span> <span class='ocrx_word' id='word_1_312' title='bbox 685 3037 797 3093; x_wconf 89' lang='lat' dir='ltr'>iter</span> <span class='ocrx_word' id='word_1_313' title='bbox 826 3036 1049 3105; x_wconf 89' lang='lat' dir='ltr'>habuit,</span> <span class='ocrx_word' id='word_1_314' title='bbox 1104 3034 1279 3091; x_wconf 90' lang='lat' dir='ltr'>sociis</span> <span class='ocrx_word' id='word_1_315' title='bbox 1330 3034 1668 3089; x_wconf 89' lang='lat' dir='ltr'>civitatibus</span> <span class='ocrx_word' id='word_1_316' title='bbox 1716 3029 1930 3087; x_wconf 88' lang='lat' dir='ltr'>auxilia</span> 
     </span>
    </p>
   </div>
   <div class='ocr_carea' id='block_1_47' title="bbox 287 3119 1932 3198">
    <p class='ocr_par' dir='ltr' id='par_1_47' title="bbox 287 3119 1932 3198">
     <span class='ocr_line' id='line_1_47' title="bbox 287 3119 1932 3198; baseline -0.007 -14"><span class='ocrx_word' id='word_1_317' title='bbox 287 3129 519 3198; x_wconf 86' lang='lat' dir='ltr'>indixit,</span> <span class='ocrx_word' id='word_1_318' title='bbox 553 3125 751 3198; x_wconf 89' lang='lat' dir='ltr'>precia</span> <span class='ocrx_word' id='word_1_319' title='bbox 779 3125 1012 3193; x_wconf 87' lang='lat' dir='ltr'>exegit;</span> <span class='ocrx_word' id='word_1_320' title='bbox 1047 3137 1295 3192; x_wconf 87' lang='lat' dir='ltr'>moxque</span> <span class='ocrx_word' id='word_1_321' title='bbox 1318 3126 1378 3178; x_wconf 92' lang='lat' dir='ltr'>ut</span> <span class='ocrx_word' id='word_1_322' title='bbox 1405 3119 1932 3178; x_wconf 86' lang='lat' dir='ltr'>Eufratentransiit</span> 
     </span>
    </p>
   </div>
   <div class='ocr_carea' id='block_1_48' title="bbox 286 3205 1931 3286">
    <p class='ocr_par' dir='ltr' id='par_1_48' title="bbox 286 3205 1931 3286">
     <span class='ocr_line' id='line_1_48' title="bbox 286 3205 1931 3286; baseline -0.007 -14"><span class='ocrx_word' id='word_1_323' title='bbox 286 3215 529 3286; x_wconf 89' lang='lat' dir='ltr'>Bajasen</span> <span class='ocrx_word' id='word_1_324' title='bbox 564 3215 818 3286; x_wconf 80' lang='lat' dir='ltr'>legatum</span> <span class='ocrx_word' id='word_1_325' title='bbox 851 3214 922 3268; x_wconf 89' lang='lat' dir='ltr'>ab</span> <span class='ocrx_word' id='word_1_326' title='bbox 955 3211 1182 3267; x_wconf 87' lang='lat' dir='ltr'>Herode</span> <span class='ocrx_word' id='word_1_327' title='bbox 1210 3209 1277 3243; x_wconf 81' lang='grc'>³⁶⁶</span> <span class='ocrx_word' id='word_1_328' title='bbox 1310 3225 1443 3279; x_wconf 81' lang='lat' dir='ltr'>rege</span> <span class='ocrx_word' id='word_1_329' title='bbox 1475 3210 1818 3265; x_wconf 88' lang='lat' dir='ltr'>Parthorum</span> <span class='ocrx_word' id='word_1_330' title='bbox 1861 3205 1931 3261; x_wconf 94' lang='lat' dir='ltr'>ad</span> 
     </span>
    </p>
   </div>
   <div class='ocr_carea' id='block_1_49' title="bbox 287 3296 1934 3370">
    <p class='ocr_par' dir='ltr' id='par_1_49' title="bbox 287 3296 1934 3370">
     <span class='ocr_line' id='line_1_49' title="bbox 287 3296 1934 3370; baseline -0.007 -8"><span class='ocrx_word' id='word_1_331' title='bbox 287 3320 351 3363; x_wconf 91' lang='lat' dir='ltr'>se</span> <span class='ocrx_word' id='word_1_332' title='bbox 383 3306 624 3361; x_wconf 92' lang='lat' dir='ltr'>missum</span> <span class='ocrx_word' id='word_1_333' title='bbox 654 3303 879 3359; x_wconf 83' lang='lat' dir='ltr'>o‘bviam</span> <span class='ocrx_word' id='word_1_334' title='bbox 904 3300 1128 3370; x_wconf 87' lang='lat' dir='ltr'>habuit,</span> <span class='ocrx_word' id='word_1_335' title='bbox 1155 3315 1182 3355; x_wconf 88' lang='lat' dir='ltr'>a</span> <span class='ocrx_word' id='word_1_336' title='bbox 1210 3315 1324 3370; x_wconf 91' lang='lat' dir='ltr'>quo</span> <span class='ocrx_word' id='word_1_337' title='bbox 1341 3300 1717 3355; x_wconf 75' lang='lat' dir='ltr'>vehementer</span> <span class='ocrx_word' id='word_1_338' title='bbox 1749 3296 1934 3352; x_wconf 90' lang='lat' dir='ltr'>incre-</span> 
     </span>
    </p>
   </div>
   <div class='ocr_carea' id='block_1_50' title="bbox 285 3383 1927 3465">
    <p class='ocr_par' dir='ltr' id='par_1_50' title="bbox 285 3383 1927 3465">
     <span class='ocr_line' id='line_1_50' title="bbox 285 3383 1927 3465; baseline -0.007 -16"><span class='ocrx_word' id='word_1_339' title='bbox 285 3397 461 3465; x_wconf 88' lang='lat' dir='ltr'>patus</span> <span class='ocrx_word' id='word_1_340' title='bbox 490 3396 585 3448; x_wconf 90' lang='lat' dir='ltr'>est</span> <span class='ocrx_word' id='word_1_341' title='bbox 627 3406 733 3448; x_wconf 91' lang='lat' dir='ltr'>cur</span> <span class='ocrx_word' id='word_1_342' title='bbox 782 3393 988 3446; x_wconf 90' lang='lat' dir='ltr'>contra</span> <span class='ocrx_word' id='word_1_343' title='bbox 1034 3388 1219 3444; x_wconf 87' lang='lat' dir='ltr'>foedus</span> <span class='ocrx_word' id='word_1_344' title='bbox 1267 3385 1491 3442; x_wconf 90' lang='lat' dir='ltr'>Luculli</span> <span class='ocrx_word' id='word_1_345' title='bbox 1543 3389 1602 3440; x_wconf 91' lang='lat' dir='ltr'>et</span> <span class='ocrx_word' id='word_1_346' title='bbox 1652 3383 1927 3455; x_wconf 88' lang='lat' dir='ltr'>Pompeii,</span> 
     </span>
    </p>
   </div>
   <div class='ocr_carea' id='block_1_51' title="bbox 287 3474 1931 3549">
    <p class='ocr_par' dir='ltr' id='par_1_51' title="bbox 287 3474 1931 3549">
     <span class='ocr_line' id='line_1_51' title="bbox 287 3474 1931 3549; baseline -0.007 -11"><span class='ocrx_word' id='word_1_347' title='bbox 287 3480 539 3538; x_wconf 89' lang='lat' dir='ltr'>avaricia</span> <span class='ocrx_word' id='word_1_348' title='bbox 570 3479 864 3549; x_wconf 88' lang='lat' dir='ltr'>inductus,</span> <span class='ocrx_word' id='word_1_349' title='bbox 904 3477 1177 3533; x_wconf 86' lang='lat' dir='ltr'>Eufraten</span> <span class='ocrx_word' id='word_1_350' title='bbox 1212 3476 1513 3532; x_wconf 89' lang='lat' dir='ltr'>transierit</span> <span class='ocrx_word' id='word_1_351' title='bbox 1556 3474 1931 3545; x_wconf 90' lang='lat' dir='ltr'>quamobrem</span> 
     </span>
    </p>
   </div>
   <div class='ocr_carea' id='block_1_52' title="bbox 290 3564 1933 3637">
    <p class='ocr_par' dir='ltr' id='par_1_52' title="bbox 290 3564 1933 3637">
     <span class='ocr_line' id='line_1_52' title="bbox 290 3564 1933 3637; baseline -0.004 -12"><span class='ocrx_word' id='word_1_352' title='bbox 290 3571 549 3627; x_wconf 86' lang='lat' dir='ltr'>futurum</span> <span class='ocrx_word' id='word_1_353' title='bbox 606 3568 731 3625; x_wconf 89' lang='lat' dir='ltr'>sine</span> <span class='ocrx_word' id='word_1_354' title='bbox 784 3582 942 3623; x_wconf 91' lang='lat' dir='ltr'>mora</span> <span class='ocrx_word' id='word_1_355' title='bbox 989 3569 1051 3622; x_wconf 90' lang='lat' dir='ltr'>ut</span> <span class='ocrx_word' id='word_1_356' title='bbox 1106 3581 1209 3637; x_wconf 92' lang='lat' dir='ltr'>pro</span> <span class='ocrx_word' id='word_1_357' title='bbox 1259 3579 1402 3621; x_wconf 86' lang='lat' dir='ltr'>auro</span> <span class='ocrx_word' id='word_1_358' title='bbox 1452 3564 1725 3621; x_wconf 87' lang='lat' dir='ltr'>Parthico</span> <span class='ocrx_word' id='word_1_359' title='bbox 1778 3564 1933 3619; x_wconf 89' lang='lat' dir='ltr'>ferro</span> 
     </span>
    </p>
   </div>
   <div class='ocr_carea' id='block_1_53' title="bbox 289 3653 1937 3724">
    <p class='ocr_par' dir='ltr' id='par_1_53' title="bbox 289 3653 1937 3724">
     <span class='ocr_line' id='line_1_53' title="bbox 289 3653 1937 3724; baseline -0.005 -9"><span class='ocrx_word' id='word_1_360' title='bbox 289 3662 636 3715; x_wconf 89' lang='lat' dir='ltr'>oneraretur</span> <span class='ocrx_word' id='word_1_361' title='bbox 666 3656 861 3712; x_wconf 91' lang='lat' dir='ltr'>Serico</span> <span class='ocrx_word' id='word_1_362' title='bbox 892 3655 977 3710; x_wconf 69' lang='lat'>3&quot;.</span> <span class='ocrx_word' id='word_1_363' title='bbox 1017 3656 1216 3724; x_wconf 86' lang='lat' dir='ltr'>Itaque</span> <span class='ocrx_word' id='word_1_364' title='bbox 1267 3668 1396 3710; x_wconf 90' lang='lat' dir='ltr'>cum</span> <span class='ocrx_word' id='word_1_365' title='bbox 1450 3667 1629 3724; x_wconf 91' lang='lat' dir='ltr'>prope</span> <span class='ocrx_word' id='word_1_366' title='bbox 1688 3653 1937 3707; x_wconf 90' lang='lat' dir='ltr'>Charras</span> 
     </span>
    </p>
   </div>
   <div class='ocr_carea' id='block_1_54' title="bbox 292 3742 1935 3814">
    <p class='ocr_par' dir='ltr' id='par_1_54' title="bbox 292 3742 1935 3814">
     <span class='ocr_line' id='line_1_54' title="bbox 292 3742 1935 3814; baseline -0.004 -12"><span class='ocrx_word' id='word_1_367' title='bbox 292 3750 530 3803; x_wconf 90' lang='lat' dir='ltr'>ventum</span> <span class='ocrx_word' id='word_1_368' title='bbox 560 3750 741 3814; x_wconf 91' lang='lat' dir='ltr'>esset,</span> <span class='ocrx_word' id='word_1_369' title='bbox 776 3743 973 3799; x_wconf 90' lang='lat' dir='ltr'>Parthi</span> <span class='ocrx_word' id='word_1_370' title='bbox 999 3742 1197 3799; x_wconf 87' lang='lat' dir='ltr'>subito</span> <span class='ocrx_word' id='word_1_371' title='bbox 1223 3742 1517 3797; x_wconf 88' lang='lat' dir='ltr'>irruentes</span> <span class='ocrx_word' id='word_1_372' title='bbox 1546 3756 1675 3797; x_wconf 92' lang='lat' dir='ltr'>cum</span> <span class='ocrx_word' id='word_1_373' title='bbox 1718 3742 1935 3796; x_wconf 88' lang='lat' dir='ltr'>Surena</span> 
     </span>
    </p>
   </div>
   <div class='ocr_carea' id='block_1_55' title="bbox 293 3827 1933 3905">
    <p class='ocr_par' dir='ltr' id='par_1_55' title="bbox 293 3827 1933 3905">
     <span class='ocr_line' id='line_1_55' title="bbox 293 3827 1933 3905; baseline -0.004 -14"><span class='ocrx_word' id='word_1_374' title='bbox 293 3840 355 3891; x_wconf 91' lang='lat' dir='ltr'>et</span> <span class='ocrx_word' id='word_1_375' title='bbox 386 3834 621 3891; x_wconf 83' lang='lat' dir='ltr'>Salacca</span> <span class='ocrx_word' id='word_1_376' title='bbox 655 3827 951 3905; x_wconf 85' lang='lat' dir='ltr'>prefectis,</span> <span class='ocrx_word' id='word_1_377' title='bbox 984 3832 1331 3901; x_wconf 88' lang='lat' dir='ltr'>obpresscre</span> <span class='ocrx_word' id='word_1_378' title='bbox 1362 3831 1653 3886; x_wconf 83' lang='lat' dir='ltr'>Romanos</span> <span class='ocrx_word' id='word_1_379' title='bbox 1686 3829 1933 3898; x_wconf 82' lang='lat' dir='ltr'>sagittis,</span> 
     </span>
    </p>
   </div>
   <div class='ocr_carea' id='block_1_56' title="bbox 299 3917 1941 3992">
    <p class='ocr_par' dir='ltr' id='par_1_56' title="bbox 299 3917 1941 3992">
     <span class='ocr_line' id='line_1_56' title="bbox 299 3917 1941 3992; baseline -0.004 -13"><span class='ocrx_word' id='word_1_380' title='bbox 299 3923 647 3979; x_wconf 90' lang='lat' dir='ltr'>Ceciderunt</span> <span class='ocrx_word' id='word_1_381' title='bbox 664 3920 740 3977; x_wconf 91' lang='lat' dir='ltr'>ibi</span> <span class='ocrx_word' id='word_1_382' title='bbox 768 3920 998 3992; x_wconf 89' lang='lat' dir='ltr'>plurimi</span> <span class='ocrx_word' id='word_1_383' title='bbox 1016 3924 1338 3985; x_wconf 85' lang='lat' dir='ltr'>senatores,</span> <span class='ocrx_word' id='word_1_384' title='bbox 1367 3919 1586 3988; x_wconf 61' lang='lat' dir='ltr'>aliquot</span> <span class='ocrx_word' id='word_1_385' title='bbox 1611 3917 1785 3974; x_wconf 88' lang='lat' dir='ltr'>etiam</span> <span class='ocrx_word' id='word_1_386' title='bbox 1807 3932 1941 3973; x_wconf 91' lang='lat' dir='ltr'>con-</span> 
     </span>
    </p>
   </div>
   <div class='ocr_carea' id='block_1_57' title="bbox 296 4005 1942 4080">
    <p class='ocr_par' dir='ltr' id='par_1_57' title="bbox 296 4005 1942 4080">
     <span class='ocr_line' id='line_1_57' title="bbox 296 4005 1942 4080; baseline -0.004 -12"><span class='ocrx_word' id='word_1_387' title='bbox 296 4010 526 4068; x_wconf 88' lang='lat' dir='ltr'>sulares</span> <span class='ocrx_word' id='word_1_388' title='bbox 550 4016 607 4066; x_wconf 90' lang='lat' dir='ltr'>et</span> <span class='ocrx_word' id='word_1_389' title='bbox 644 4007 1033 4080; x_wconf 89' lang='lat' dir='ltr'>pretoriiviri.</span> <span class='ocrx_word' id='word_1_390' title='bbox 1068 4008 1317 4063; x_wconf 88' lang='lat' dir='ltr'>Crassus</span> <span class='ocrx_word' id='word_1_391' title='bbox 1350 4020 1579 4076; x_wconf 88' lang='lat' dir='ltr'>quoque</span> <span class='ocrx_word' id='word_1_392' title='bbox 1611 4005 1942 4062; x_wconf 84' lang='lat' dir='ltr'>filiusCras-</span> 
     </span>
    </p>
   </div>
   <div class='ocr_carea' id='block_1_58' title="bbox 296 4095 1940 4170">
    <p class='ocr_par' dir='ltr' id='par_1_58' title="bbox 296 4095 1940 4170">
     <span class='ocr_line' id='line_1_58' title="bbox 296 4095 1940 4170; baseline -0.005 -13"><span class='ocrx_word' id='word_1_393' title='bbox 296 4100 369 4170; x_wconf 93' lang='lat' dir='ltr'>si,</span> <span class='ocrx_word' id='word_1_394' title='bbox 404 4099 799 4156; x_wconf 84' lang='lat' dir='ltr'>electissimus</span> <span class='ocrx_word' id='word_1_395' title='bbox 822 4096 1070 4168; x_wconf 88' lang='lat' dir='ltr'>juvenis,</span> <span class='ocrx_word' id='word_1_396' title='bbox 1106 4096 1161 4150; x_wconf 91' lang='lat' dir='ltr'>in</span> <span class='ocrx_word' id='word_1_397' title='bbox 1194 4096 1317 4151; x_wconf 90' lang='lat' dir='ltr'>acie</span> <span class='ocrx_word' id='word_1_398' title='bbox 1350 4095 1581 4151; x_wconf 80' lang='lat' dir='ltr'>occisus</span> <span class='ocrx_word' id='word_1_399' title='bbox 1613 4099 1733 4161; x_wconf 90' lang='lat' dir='ltr'>est;</span> <span class='ocrx_word' id='word_1_400' title='bbox 1779 4100 1940 4166; x_wconf 89' lang='lat' dir='ltr'>prete</span> 
     </span>
    </p>
   </div>
   <div class='ocr_carea' id='block_1_59' title="bbox 295 4184 1943 4259">
    <p class='ocr_par' dir='ltr' id='par_1_59' title="bbox 295 4184 1943 4259">
     <span class='ocr_line' id='line_1_59' title="bbox 295 4184 1943 4259; baseline -0.004 -14"><span class='ocrx_word' id='word_1_401' title='bbox 295 4203 400 4245; x_wconf 86' lang='lat' dir='ltr'>rea</span> <span class='ocrx_word' id='word_1_402' title='bbox 428 4193 680 4259; x_wconf 91' lang='lat' dir='ltr'>quatuor</span> <span class='ocrx_word' id='word_1_403' title='bbox 714 4187 993 4242; x_wconf 89' lang='lat' dir='ltr'>cohortes</span> <span class='ocrx_word' id='word_1_404' title='bbox 1021 4200 1150 4242; x_wconf 91' lang='lat' dir='ltr'>cum</span> <span class='ocrx_word' id='word_1_405' title='bbox 1179 4184 1553 4254; x_wconf 82' lang='lat' dir='ltr'>Wargunleio</span> <span class='ocrx_word' id='word_1_406' title='bbox 1583 4184 1778 4253; x_wconf 86' lang='lat' dir='ltr'>legato</span> <span class='ocrx_word' id='word_1_407' title='bbox 1827 4198 1943 4239; x_wconf 89' lang='lat' dir='ltr'>me-</span> 
     </span>
    </p>
   </div>
   <div class='ocr_carea' id='block_1_60' title="bbox 296 4273 1939 4348">
    <p class='ocr_par' dir='ltr' id='par_1_60' title="bbox 296 4273 1939 4348">
     <span class='ocr_line' id='line_1_60' title="bbox 296 4273 1939 4348; baseline -0.003 -15"><span class='ocrx_word' id='word_1_408' title='bbox 296 4276 412 4333; x_wconf 91' lang='lat' dir='ltr'>diis</span> <span class='ocrx_word' id='word_1_409' title='bbox 444 4276 821 4348; x_wconf 57' lang='lat' dir='ltr'>deprehensae</span> <span class='ocrx_word' id='word_1_410' title='bbox 845 4273 1086 4345; x_wconf 78' lang='lat' dir='ltr'>campis,</span> <span class='ocrx_word' id='word_1_411' title='bbox 1124 4273 1448 4328; x_wconf 80' lang='lat' dir='ltr'>interfectae</span> <span class='ocrx_word' id='word_1_412' title='bbox 1479 4278 1631 4328; x_wconf 93' lang='lat' dir='ltr'>sunt.</span> <span class='ocrx_word' id='word_1_413' title='bbox 1669 4274 1939 4342; x_wconf 86' lang='lat' dir='ltr'>Surenas,</span> 
     </span>
    </p>
   </div>
   <div class='ocr_carea' id='block_1_61' title="bbox 296 4359 1942 4439">
    <p class='ocr_par' dir='ltr' id='par_1_61' title="bbox 296 4359 1942 4439">
     <span class='ocr_line' id='line_1_61' title="bbox 296 4359 1942 4439; baseline -0.002 -16"><span class='ocrx_word' id='word_1_414' title='bbox 296 4370 467 4439; x_wconf 90' lang='lat' dir='ltr'>rapto</span> <span class='ocrx_word' id='word_1_415' title='bbox 490 4366 776 4436; x_wconf 86' lang='lat' dir='ltr'>equitatu,</span> <span class='ocrx_word' id='word_1_416' title='bbox 804 4364 1079 4419; x_wconf 90' lang='lat' dir='ltr'>Crassum</span> <span class='ocrx_word' id='word_1_417' title='bbox 1095 4360 1366 4432; x_wconf 92' lang='lat' dir='ltr'>persequi</span> <span class='ocrx_word' id='word_1_418' title='bbox 1398 4359 1670 4431; x_wconf 90' lang='lat' dir='ltr'>intendit,</span> <span class='ocrx_word' id='word_1_419' title='bbox 1694 4374 1942 4432; x_wconf 91' lang='lat' dir='ltr'>eumque</span> 
     </span>
    </p>
   </div>
   <div class='ocr_carea' id='block_1_62' title="bbox 294 4449 1945 4522">
    <p class='ocr_par' dir='ltr' id='par_1_62' title="bbox 294 4449 1945 4522">
     <span class='ocr_line' id='line_1_62' title="bbox 294 4449 1945 4522; baseline -0.004 -11"><span class='ocrx_word' id='word_1_420' title='bbox 294 4454 776 4522; x_wconf 90' lang='lat' dir='ltr'>circumventum,</span> <span class='ocrx_word' id='word_1_421' title='bbox 815 4467 879 4508; x_wconf 92' lang='lat' dir='ltr'>ac</span> <span class='ocrx_word' id='word_1_422' title='bbox 910 4451 1128 4507; x_wconf 87' lang='lat' dir='ltr'>frustra</span> <span class='ocrx_word' id='word_1_423' title='bbox 1161 4449 1518 4519; x_wconf 90' lang='lat' dir='ltr'>colloquium</span> <span class='ocrx_word' id='word_1_424' title='bbox 1567 4449 1692 4519; x_wconf 91' lang='lat' dir='ltr'>ejus</span> <span class='ocrx_word' id='word_1_425' title='bbox 1744 4457 1945 4521; x_wconf 90' lang='lat' dir='ltr'>peten-</span> 
     </span>
    </p>
   </div>
   <div class='ocr_carea' id='block_1_63' title="bbox 296 4538 1941 4615">
    <p class='ocr_par' dir='ltr' id='par_1_63' title="bbox 296 4538 1941 4615">
     <span class='ocr_line' id='line_1_63' title="bbox 296 4538 1941 4615; baseline -0.005 -15"><span class='ocrx_word' id='word_1_426' title='bbox 296 4550 437 4615; x_wconf 87' lang='lat' dir='ltr'>tem,</span> <span class='ocrx_word' id='word_1_427' title='bbox 472 4541 790 4611; x_wconf 86' lang='lat' dir='ltr'>interfecit,</span> <span class='ocrx_word' id='word_1_428' title='bbox 834 4539 1097 4612; x_wconf 87' lang='lat' dir='ltr'>quamvis</span> <span class='ocrx_word' id='word_1_429' title='bbox 1129 4538 1320 4613; x_wconf 84' lang='lat' dir='ltr'>vivum</span> <span class='ocrx_word' id='word_1_430' title='bbox 1346 4539 1577 4594; x_wconf 73' lang='lat' dir='ltr'>auferre</span> <span class='ocrx_word' id='word_1_431' title='bbox 1608 4538 1941 4607; x_wconf 90' lang='lat' dir='ltr'>maluisset;</span> 
     </span>
    </p>
   </div>
   <div class='ocr_carea' id='block_1_64' title="bbox 296 4613 2026 4706">
    <p class='ocr_par' dir='ltr' id='par_1_64' title="bbox 296 4613 2026 4706">
     <span class='ocr_line' id='line_1_64' title="bbox 296 4613 2026 4706; baseline -0.003 -17"><span class='ocrx_word' id='word_1_432' title='bbox 296 4613 469 4706; x_wconf 87' lang='lat' dir='ltr'>pauci</span> <span class='ocrx_word' id='word_1_433' title='bbox 487 4630 769 4688; x_wconf 86' lang='lat' dir='ltr'>beneﬁcio</span> <span class='ocrx_word' id='word_1_434' title='bbox 787 4627 1245 4699; x_wconf 89' lang='lat' dir='ltr'>noctisliberati,</span> <span class='ocrx_word' id='word_1_435' title='bbox 1280 4627 1527 4683; x_wconf 89' lang='lat' dir='ltr'>Charras</span> <span class='ocrx_word' id='word_1_436' title='bbox 1555 4628 1942 4698; x_wconf 87' lang='lat' dir='ltr'>confugerunt</span> <span class='ocrx_word' id='word_1_437' title='bbox 1976 4613 2026 4672; x_wconf 83' lang='lat' dir='ltr'>D</span> 
     </span>
    </p>
   </div>
   <div class='ocr_carea' id='block_1_65' title="bbox 301 4716 1944 4794">
    <p class='ocr_par' dir='ltr' id='par_1_65' title="bbox 301 4716 1944 4794">
     <span class='ocr_line' id='line_1_65' title="bbox 301 4716 1944 4794; baseline -0.002 -16"><span class='ocrx_word' id='word_1_438' title='bbox 301 4722 411 4794; x_wconf 84' lang='lat' dir='ltr'>(Cf.</span> <span class='ocrx_word' id='word_1_439' title='bbox 443 4722 611 4779; x_wconf 79' lang='lat' dir='ltr'>Onos.</span> <span class='ocrx_word' id='word_1_440' title='bbox 649 4734 721 4790; x_wconf 79' lang='lat' dir='ltr'>v1,</span> <span class='ocrx_word' id='word_1_441' title='bbox 758 4724 842 4776; x_wconf 83' lang='lat'>13.</span> <span class='ocrx_word' id='word_1_442' title='bbox 875 4750 945 4759; x_wconf 95' lang='lat'>—</span> <span class='ocrx_word' id='word_1_443' title='bbox 987 4718 1067 4773; x_wconf 89' lang='lat' dir='ltr'>Cf.</span> <span class='ocrx_word' id='word_1_444' title='bbox 1117 4719 1281 4776; x_wconf 83' lang='lat' dir='ltr'>Jonn.</span> <span class='ocrx_word' id='word_1_445' title='bbox 1333 4717 1473 4773; x_wconf 77' lang='lat' dir='ltr'>Der.</span> <span class='ocrx_word' id='word_1_446' title='bbox 1534 4716 1630 4788; x_wconf 86' lang='grc' dir='ltr'>.ς.).</span> <span class='ocrx_word' id='word_1_447' title='bbox 1680 4716 1944 4774; x_wconf 80' lang='lat' dir='ltr'>Avarieia</span> 
     </span>
    </p>
   </div>
   <div class='ocr_carea' id='block_1_66' title="bbox 300 4805 1947 4877">
    <p class='ocr_par' dir='ltr' id='par_1_66' title="bbox 300 4805 1947 4877">
     <span class='ocr_line' id='line_1_66' title="bbox 300 4805 1947 4877; baseline -0.002 -9"><span class='ocrx_word' id='word_1_448' title='bbox 300 4812 454 4868; x_wconf 88' lang='lat' dir='ltr'>enim</span> <span class='ocrx_word' id='word_1_449' title='bbox 479 4810 650 4869; x_wconf 91' lang='lat' dir='ltr'>unius</span> <span class='ocrx_word' id='word_1_450' title='bbox 672 4809 743 4865; x_wconf 90' lang='lat' dir='ltr'>ad</span> <span class='ocrx_word' id='word_1_451' title='bbox 764 4814 992 4867; x_wconf 90' lang='lat' dir='ltr'>tantum</span> <span class='ocrx_word' id='word_1_452' title='bbox 1017 4808 1180 4863; x_wconf 85' lang='lat' dir='ltr'>nefas</span> <span class='ocrx_word' id='word_1_453' title='bbox 1199 4805 1474 4871; x_wconf 86' lang='lat' dir='ltr'>exolevit,</span> <span class='ocrx_word' id='word_1_454' title='bbox 1499 4810 1563 4863; x_wconf 91' lang='lat' dir='ltr'>ut</span> <span class='ocrx_word' id='word_1_455' title='bbox 1588 4811 1654 4862; x_wconf 78' lang='lat'>12</span> <span class='ocrx_word' id='word_1_456' title='bbox 1684 4806 1947 4877; x_wconf 88' lang='lat' dir='ltr'>legiones</span> 
     </span>
    </p>
   </div>
   <div class='ocr_carea' id='block_1_67' title="bbox 299 4894 1948 4968">
    <p class='ocr_par' dir='ltr' id='par_1_67' title="bbox 299 4894 1948 4968">
     <span class='ocr_line' id='line_1_67' title="bbox 299 4894 1948 4968; baseline -0.002 -12"><span class='ocrx_word' id='word_1_457' title='bbox 299 4898 692 4958; x_wconf 83' lang='lat' dir='ltr'>Romanorum</span> <span class='ocrx_word' id='word_1_458' title='bbox 722 4902 822 4955; x_wconf 91' lang='lat' dir='ltr'>aut</span> <span class='ocrx_word' id='word_1_459' title='bbox 859 4900 1068 4968; x_wconf 71' lang='lat' dir='ltr'>captae,</span> <span class='ocrx_word' id='word_1_460' title='bbox 1103 4894 1303 4967; x_wconf 90' lang='lat' dir='ltr'>paucis</span> <span class='ocrx_word' id='word_1_461' title='bbox 1352 4894 1589 4966; x_wconf 78' lang='lat' dir='ltr'>elapsis,</span> <span class='ocrx_word' id='word_1_462' title='bbox 1643 4899 1743 4952; x_wconf 90' lang='lat' dir='ltr'>aut</span> <span class='ocrx_word' id='word_1_463' title='bbox 1783 4911 1948 4953; x_wconf 60' lang='lat' dir='ltr'>caesae</span> 
     </span>
    </p>
   </div>
   <div class='ocr_carea' id='block_1_68' title="bbox 303 4984 1949 5057">
    <p class='ocr_par' dir='ltr' id='par_1_68' title="bbox 303 4984 1949 5057">
     <span class='ocr_line' id='line_1_68' title="bbox 303 4984 1949 5057; baseline -0.004 -11"><span class='ocrx_word' id='word_1_464' title='bbox 303 5003 434 5047; x_wconf 89' lang='lat' dir='ltr'>eum</span> <span class='ocrx_word' id='word_1_465' title='bbox 465 4988 711 5046; x_wconf 90' lang='lat' dir='ltr'>ducibus</span> <span class='ocrx_word' id='word_1_466' title='bbox 740 4987 1007 5044; x_wconf 84' lang='lat' dir='ltr'>fuissent.</span> <span class='ocrx_word' id='word_1_467' title='bbox 1046 4985 1232 5057; x_wconf 90' lang='lat' dir='ltr'>Caput</span> <span class='ocrx_word' id='word_1_468' title='bbox 1261 4997 1399 5041; x_wconf 90' lang='lat' dir='ltr'>vero</span> <span class='ocrx_word' id='word_1_469' title='bbox 1432 4984 1625 5041; x_wconf 89' lang='lat' dir='ltr'>Crassi</span> <span class='ocrx_word' id='word_1_470' title='bbox 1655 5000 1785 5042; x_wconf 94' lang='lat' dir='ltr'>cum</span> <span class='ocrx_word' id='word_1_471' title='bbox 1810 4986 1949 5042; x_wconf 83' lang='lat' dir='ltr'>dex-</span> 
     </span>
    </p>
   </div>
   <div class='ocr_carea' id='block_1_69' title="bbox 300 5073 1941 5147">
    <p class='ocr_par' dir='ltr' id='par_1_69' title="bbox 300 5073 1941 5147">
     <span class='ocr_line' id='line_1_69' title="bbox 300 5073 1941 5147; baseline -0.001 -14"><span class='ocrx_word' id='word_1_472' title='bbox 300 5080 429 5135; x_wconf 88' lang='lat' dir='ltr'>tera</span> <span class='ocrx_word' id='word_1_473' title='bbox 455 5077 524 5134; x_wconf 88' lang='lat' dir='ltr'>ad</span> <span class='ocrx_word' id='word_1_474' title='bbox 549 5090 745 5147; x_wconf 79' lang='lat' dir='ltr'>regem</span> <span class='ocrx_word' id='word_1_475' title='bbox 769 5075 1043 5146; x_wconf 88' lang='lat' dir='ltr'>delatum,</span> <span class='ocrx_word' id='word_1_476' title='bbox 1067 5073 1584 5147; x_wconf 87' lang='lat' dir='ltr'>spectantibusfuit</span> <span class='ocrx_word' id='word_1_477' title='bbox 1605 5073 1941 5132; x_wconf 91' lang='lat' dir='ltr'>ludibrium.</span> 
     </span>
    </p>
   </div>
   <div class='ocr_carea' id='block_1_70' title="bbox 300 5161 1949 5236">
    <p class='ocr_par' dir='ltr' id='par_1_70' title="bbox 300 5161 1949 5236">
     <span class='ocr_line' id='line_1_70' title="bbox 300 5161 1949 5236; baseline -0.001 -15"><span class='ocrx_word' id='word_1_478' title='bbox 300 5166 427 5222; x_wconf 83' lang='lat' dir='ltr'>Rex</span> <span class='ocrx_word' id='word_1_479' title='bbox 456 5165 654 5236; x_wconf 91' lang='lat' dir='ltr'>itaque</span> <span class='ocrx_word' id='word_1_480' title='bbox 689 5178 890 5221; x_wconf 87' lang='lat' dir='ltr'>aurum</span> <span class='ocrx_word' id='word_1_481' title='bbox 931 5162 988 5218; x_wconf 88' lang='lat' dir='ltr'>in</span> <span class='ocrx_word' id='word_1_482' title='bbox 1037 5163 1157 5219; x_wconf 86' lang='lat' dir='ltr'>oris</span> <span class='ocrx_word' id='word_1_483' title='bbox 1204 5161 1331 5232; x_wconf 89' lang='lat' dir='ltr'>ejus</span> <span class='ocrx_word' id='word_1_484' title='bbox 1383 5162 1592 5219; x_wconf 89' lang='lat' dir='ltr'>rictum</span> <span class='ocrx_word' id='word_1_485' title='bbox 1637 5162 1817 5233; x_wconf 87' lang='lat' dir='ltr'>jussit</span> <span class='ocrx_word' id='word_1_486' title='bbox 1867 5164 1949 5219; x_wconf 90' lang='lat' dir='ltr'>in-</span> 
     </span>
    </p>
   </div>
   <div class='ocr_carea' id='block_1_71' title="bbox 301 5250 1947 5325">
    <p class='ocr_par' dir='ltr' id='par_1_71' title="bbox 301 5250 1947 5325">
     <span class='ocr_line' id='line_1_71' title="bbox 301 5250 1947 5325; baseline -0.001 -15"><span class='ocrx_word' id='word_1_487' title='bbox 301 5253 566 5325; x_wconf 86' lang='lat' dir='ltr'>fundere,</span> <span class='ocrx_word' id='word_1_488' title='bbox 593 5252 792 5310; x_wconf 85' lang='lat' dir='ltr'>dicens</span> <span class='ocrx_word' id='word_1_489' title='bbox 813 5271 825 5308; x_wconf 89' lang='lat'><strong>:</strong></span> <span class='ocrx_word' id='word_1_490' title='bbox 857 5251 1003 5310; x_wconf 72' lang='lat' dir='ltr'>Uret</span> <span class='ocrx_word' id='word_1_491' title='bbox 1022 5251 1076 5310; x_wconf 78' lang='lat' dir='ltr'>te</span> <span class='ocrx_word' id='word_1_492' title='bbox 1096 5250 1474 5323; x_wconf 71' lang='lat' dir='ltr'>Parthicum,</span> <span class='ocrx_word' id='word_1_493' title='bbox 1493 5252 1653 5324; x_wconf 77' lang='lat' dir='ltr'>quod</span> <span class='ocrx_word' id='word_1_494' title='bbox 1672 5253 1727 5309; x_wconf 75' lang='lat' dir='ltr'>te</span> <span class='ocrx_word' id='word_1_495' title='bbox 1746 5253 1947 5310; x_wconf 74' lang='lat' dir='ltr'>vicum</span> 
     </span>
    </p>
   </div>
   <div class='ocr_carea' id='block_1_72' title="bbox 1965 3258 2013 3320">
    <p class='ocr_par' dir='ltr' id='par_1_72' title="bbox 1965 3258 2013 3320">
     <span class='ocr_line' id='line_1_72' title="bbox 1965 3258 2013 3320; baseline 0 0"><span class='ocrx_word' id='word_1_496' title='bbox 1965 3258 2013 3320; x_wconf 87' lang='lat' dir='ltr'>G</span> 
     </span>
    </p>
   </div>
   <div class='ocr_carea' id='block_1_73' title="bbox 2038 1967 3674 2042">
    <p class='ocr_par' dir='ltr' id='par_1_73' title="bbox 2038 1967 3674 2042">
     <span class='ocr_line' id='line_1_73' title="bbox 2038 1967 3674 2042; baseline 0.005 -20"><span class='ocrx_word' id='word_1_497' title='bbox 2038 1982 2175 2023; x_wconf 89' lang='lat' dir='ltr'>vero</span> <span class='ocrx_word' id='word_1_498' title='bbox 2206 1967 2714 2042; x_wconf 85' lang='lat' dir='ltr'>historiograpbus</span> <span class='ocrx_word' id='word_1_499' title='bbox 2764 1970 3077 2042; x_wconf 90' lang='lat' dir='ltr'>precipuus</span> <span class='ocrx_word' id='word_1_500' title='bbox 3127 1971 3305 2041; x_wconf 84' lang='lat' dir='ltr'>(Eus.,</span> <span class='ocrx_word' id='word_1_501' title='bbox 3345 1972 3506 2028; x_wconf 74' lang='lat' dir='ltr'>Hist.</span> <span class='ocrx_word' id='word_1_502' title='bbox 3539 1974 3674 2030; x_wconf 71' lang='grc' dir='ltr'>θεοῖ.</span> 
     </span>
    </p>
   </div>
   <div class='ocr_carea' id='block_1_74' title="bbox 2037 2057 3680 2132">
    <p class='ocr_par' dir='ltr' id='par_1_74' title="bbox 2037 2057 3680 2132">
     <span class='ocr_line' id='line_1_74' title="bbox 2037 2057 3680 2132; baseline 0.004 -22"><span class='ocrx_word' id='word_1_503' title='bbox 2037 2070 2075 2125; x_wconf 82' lang='grc' dir='ltr'>ι,</span> <span class='ocrx_word' id='word_1_504' title='bbox 2109 2058 2160 2125; x_wconf 79' lang='grc'>4)</span> <span class='ocrx_word' id='word_1_505' title='bbox 2199 2076 2210 2110; x_wconf 91' lang='lat'>:</span> <span class='ocrx_word' id='word_1_506' title='bbox 2245 2075 2273 2107; x_wconf 89' lang='lat'><strong>«</strong></span> <span class='ocrx_word' id='word_1_507' title='bbox 2310 2057 2500 2127; x_wconf 84' lang='lat' dir='ltr'>Aiunt,</span> <span class='ocrx_word' id='word_1_508' title='bbox 2536 2058 2743 2129; x_wconf 89' lang='lat' dir='ltr'>inquit,</span> <span class='ocrx_word' id='word_1_509' title='bbox 2779 2059 2875 2129; x_wconf 90' lang='lat' dir='ltr'>qui</span> <span class='ocrx_word' id='word_1_510' title='bbox 2910 2060 2981 2115; x_wconf 90' lang='lat' dir='ltr'>de</span> <span class='ocrx_word' id='word_1_511' title='bbox 2998 2075 3067 2114; x_wconf 95' lang='lat' dir='ltr'>eo</span> <span class='ocrx_word' id='word_1_512' title='bbox 3087 2059 3396 2128; x_wconf 88' lang='lat' dir='ltr'>diligenter</span> <span class='ocrx_word' id='word_1_513' title='bbox 3417 2060 3680 2132; x_wconf 87' lang='lat' dir='ltr'>explora-</span> 
     </span>
    </p>
   </div>
   <div class='ocr_carea' id='block_1_75' title="bbox 2037 2147 3679 2219">
    <p class='ocr_par' dir='ltr' id='par_1_75' title="bbox 2037 2147 3679 2219">
     <span class='ocr_line' id='line_1_75' title="bbox 2037 2147 3679 2219; baseline 0.004 -21"><span class='ocrx_word' id='word_1_514' title='bbox 2037 2150 2192 2214; x_wconf 93' lang='lat' dir='ltr'>runt,</span> <span class='ocrx_word' id='word_1_515' title='bbox 2231 2147 2596 2217; x_wconf 76' lang='lat' dir='ltr'>Antipatrum</span> <span class='ocrx_word' id='word_1_516' title='bbox 2633 2148 2917 2218; x_wconf 89' lang='lat' dir='ltr'>quendam</span> <span class='ocrx_word' id='word_1_517' title='bbox 2949 2152 3174 2219; x_wconf 91' lang='lat' dir='ltr'>patrem</span> <span class='ocrx_word' id='word_1_518' title='bbox 3209 2148 3390 2205; x_wconf 90' lang='lat' dir='ltr'>fuisse</span> <span class='ocrx_word' id='word_1_519' title='bbox 3433 2149 3679 2206; x_wconf 85' lang='lat' dir='ltr'>Herodis</span> 
     </span>
    </p>
   </div>
   <div class='ocr_carea' id='block_1_76' title="bbox 2039 2232 3675 2307">
    <p class='ocr_par' dir='ltr' id='par_1_76' title="bbox 2039 2232 3675 2307">
     <span class='ocr_line' id='line_1_76' title="bbox 2039 2232 3675 2307; baseline 0.004 -20"><span class='ocrx_word' id='word_1_520' title='bbox 2039 2232 2409 2294; x_wconf 67' lang='lat' dir='ltr'>Ascalonitte.</span> <span class='ocrx_word' id='word_1_521' title='bbox 2445 2236 2540 2305; x_wconf 87' lang='lat' dir='ltr'>qui</span> <span class='ocrx_word' id='word_1_522' title='bbox 2588 2240 2645 2291; x_wconf 93' lang='lat' dir='ltr'>et</span> <span class='ocrx_word' id='word_1_523' title='bbox 2694 2237 2817 2307; x_wconf 87' lang='lat' dir='ltr'>ipse</span> <span class='ocrx_word' id='word_1_524' title='bbox 2867 2237 3034 2292; x_wconf 91' lang='lat' dir='ltr'>fuerit</span> <span class='ocrx_word' id='word_1_525' title='bbox 3081 2237 3326 2293; x_wconf 84' lang='lat' dir='ltr'>Herodis</span> <span class='ocrx_word' id='word_1_526' title='bbox 3376 2237 3675 2307; x_wconf 89' lang='lat' dir='ltr'>cujusdam</span> 
     </span>
    </p>
   </div>
   <div class='ocr_carea' id='block_1_77' title="bbox 2040 2317 3680 2397">
    <p class='ocr_par' dir='ltr' id='par_1_77' title="bbox 2040 2317 3680 2397">
     <span class='ocr_line' id='line_1_77' title="bbox 2040 2317 3680 2397; baseline 0.005 -22"><span class='ocrx_word' id='word_1_527' title='bbox 2040 2321 2211 2391; x_wconf 87' lang='lat' dir='ltr'>filius,</span> <span class='ocrx_word' id='word_1_528' title='bbox 2237 2323 2437 2394; x_wconf 90' lang='lat' dir='ltr'>templi</span> <span class='ocrx_word' id='word_1_529' title='bbox 2465 2317 2747 2394; x_wconf 90' lang='lat' dir='ltr'>Apollinis</span> <span class='ocrx_word' id='word_1_530' title='bbox 2769 2325 2970 2381; x_wconf 90' lang='lat' dir='ltr'>editui.</span> <span class='ocrx_word' id='word_1_531' title='bbox 2995 2326 3096 2380; x_wconf 87' lang='lat' dir='ltr'>Hic</span> <span class='ocrx_word' id='word_1_532' title='bbox 3122 2326 3427 2397; x_wconf 89' lang='lat' dir='ltr'>Antipater</span> <span class='ocrx_word' id='word_1_533' title='bbox 3447 2329 3518 2383; x_wconf 92' lang='lat' dir='ltr'>ab</span> <span class='ocrx_word' id='word_1_534' title='bbox 3551 2328 3680 2384; x_wconf 91' lang='lat' dir='ltr'>Idu-</span> 
     </span>
    </p>
   </div>
   <div class='ocr_carea' id='block_1_78' title="bbox 2041 2410 3681 2486">
    <p class='ocr_par' dir='ltr' id='par_1_78' title="bbox 2041 2410 3681 2486">
     <span class='ocr_line' id='line_1_78' title="bbox 2041 2410 3681 2486; baseline 0.005 -22"><span class='ocrx_word' id='word_1_535' title='bbox 2041 2410 2183 2465; x_wconf 89' lang='lat' dir='ltr'>mcis</span> <span class='ocrx_word' id='word_1_536' title='bbox 2219 2410 2544 2468; x_wconf 92' lang='lat' dir='ltr'>latronibus</span> <span class='ocrx_word' id='word_1_537' title='bbox 2574 2419 2783 2485; x_wconf 89' lang='lat' dir='ltr'>captus</span> <span class='ocrx_word' id='word_1_538' title='bbox 2811 2414 3116 2470; x_wconf 90' lang='lat' dir='ltr'>admodum</span> <span class='ocrx_word' id='word_1_539' title='bbox 3153 2429 3314 2486; x_wconf 87' lang='lat' dir='ltr'>puer,</span> <span class='ocrx_word' id='word_1_540' title='bbox 3358 2417 3681 2486; x_wconf 90' lang='lat' dir='ltr'>permansit</span> 
     </span>
    </p>
   </div>
   <div class='ocr_carea' id='block_1_79' title="bbox 2041 2500 3681 2575">
    <p class='ocr_par' dir='ltr' id='par_1_79' title="bbox 2041 2500 3681 2575">
     <span class='ocr_line' id='line_1_79' title="bbox 2041 2500 3681 2575; baseline 0.005 -22"><span class='ocrx_word' id='word_1_541' title='bbox 2041 2512 2170 2554; x_wconf 90' lang='lat' dir='ltr'>cum</span> <span class='ocrx_word' id='word_1_542' title='bbox 2205 2500 2582 2572; x_wconf 77' lang='lat' dir='ltr'>pradonibus,</span> <span class='ocrx_word' id='word_1_543' title='bbox 2609 2518 2714 2573; x_wconf 92' lang='lat' dir='ltr'>pro</span> <span class='ocrx_word' id='word_1_544' title='bbox 2736 2518 2804 2557; x_wconf 91' lang='lat' dir='ltr'>eo</span> <span class='ocrx_word' id='word_1_545' title='bbox 2830 2503 2983 2573; x_wconf 91' lang='lat' dir='ltr'>quod</span> <span class='ocrx_word' id='word_1_546' title='bbox 3004 2508 3168 2575; x_wconf 90' lang='lat' dir='ltr'>pater</span> <span class='ocrx_word' id='word_1_547' title='bbox 3184 2503 3310 2572; x_wconf 91' lang='lat' dir='ltr'>ejus</span> <span class='ocrx_word' id='word_1_548' title='bbox 3334 2504 3415 2559; x_wconf 88' lang='lat' dir='ltr'>rei</span> <span class='ocrx_word' id='word_1_549' title='bbox 3443 2503 3681 2561; x_wconf 88' lang='lat' dir='ltr'>familia-</span> 
     </span>
    </p>
   </div>
   <div class='ocr_carea' id='block_1_80' title="bbox 2043 2587 3679 2665">
    <p class='ocr_par' dir='ltr' id='par_1_80' title="bbox 2043 2587 3679 2665">
     <span class='ocr_line' id='line_1_80' title="bbox 2043 2587 3679 2665; baseline 0.005 -25"><span class='ocrx_word' id='word_1_550' title='bbox 2043 2587 2124 2642; x_wconf 90' lang='lat' dir='ltr'>ris</span> <span class='ocrx_word' id='word_1_551' title='bbox 2156 2587 2346 2659; x_wconf 84' lang='lat' dir='ltr'>inOpia</span> <span class='ocrx_word' id='word_1_552' title='bbox 2381 2589 2559 2646; x_wconf 79' lang='lat' dir='ltr'>tilium</span> <span class='ocrx_word' id='word_1_553' title='bbox 2585 2592 2870 2647; x_wconf 88' lang='lat' dir='ltr'>redimere</span> <span class='ocrx_word' id='word_1_554' title='bbox 2893 2608 3002 2647; x_wconf 91' lang='lat' dir='ltr'>non</span> <span class='ocrx_word' id='word_1_555' title='bbox 3030 2598 3250 2664; x_wconf 90' lang='lat' dir='ltr'>posset.</span> <span class='ocrx_word' id='word_1_556' title='bbox 3289 2593 3497 2648; x_wconf 84' lang='lat' dir='ltr'>Verum</span> <span class='ocrx_word' id='word_1_557' title='bbox 3534 2607 3679 2665; x_wconf 88' lang='lat' dir='ltr'>puer</span> 
     </span>
    </p>
   </div>
   <div class='ocr_carea' id='block_1_81' title="bbox 2043 2675 3678 2752">
    <p class='ocr_par' dir='ltr' id='par_1_81' title="bbox 2043 2675 3678 2752">
     <span class='ocr_line' id='line_1_81' title="bbox 2043 2675 3678 2752; baseline 0.005 -23"><span class='ocrx_word' id='word_1_558' title='bbox 2043 2675 2333 2733; x_wconf 87' lang='lat' dir='ltr'>latronum</span> <span class='ocrx_word' id='word_1_559' title='bbox 2350 2679 2466 2735; x_wconf 89' lang='lat' dir='ltr'>vita</span> <span class='ocrx_word' id='word_1_560' title='bbox 2482 2684 2541 2735; x_wconf 92' lang='lat' dir='ltr'>et</span> <span class='ocrx_word' id='word_1_561' title='bbox 2558 2681 2816 2736; x_wconf 88' lang='lat' dir='ltr'>moribus</span> <span class='ocrx_word' id='word_1_562' title='bbox 2831 2681 3158 2751; x_wconf 90' lang='lat' dir='ltr'>institutus,</span> <span class='ocrx_word' id='word_1_563' title='bbox 3178 2684 3437 2752; x_wconf 79' lang='lat' dir='ltr'>Hyrcano</span> <span class='ocrx_word' id='word_1_564' title='bbox 3451 2682 3678 2738; x_wconf 90' lang='lat' dir='ltr'>cuidam</span> 
     </span>
    </p>
   </div>
   <div class='ocr_carea' id='block_1_82' title="bbox 2040 2765 3682 2841">
    <p class='ocr_par' dir='ltr' id='par_1_82' title="bbox 2040 2765 3682 2841">
     <span class='ocr_line' id='line_1_82' title="bbox 2040 2765 3682 2841; baseline 0.005 -23"><span class='ocrx_word' id='word_1_565' title='bbox 2040 2765 2371 2822; x_wconf 64' lang='lat' dir='ltr'>Iudaeorum</span> <span class='ocrx_word' id='word_1_566' title='bbox 2407 2769 2666 2839; x_wconf 86' lang='lat' dir='ltr'>pontifici</span> <span class='ocrx_word' id='word_1_567' title='bbox 2704 2770 3001 2825; x_wconf 88' lang='lat' dir='ltr'>familiaris</span> <span class='ocrx_word' id='word_1_568' title='bbox 3031 2770 3298 2827; x_wconf 78' lang='lat' dir='ltr'>efficitur.</span> <span class='ocrx_word' id='word_1_569' title='bbox 3333 2773 3416 2827; x_wconf 82' lang='lat' dir='ltr'>Ex</span> <span class='ocrx_word' id='word_1_570' title='bbox 3448 2786 3561 2841; x_wconf 91' lang='lat' dir='ltr'>quo</span> <span class='ocrx_word' id='word_1_571' title='bbox 3584 2786 3682 2826; x_wconf 90' lang='lat' dir='ltr'>na-</span> 
     </span>
    </p>
   </div>
   <div class='ocr_carea' id='block_1_83' title="bbox 2046 2856 3682 2932">
    <p class='ocr_par' dir='ltr' id='par_1_83' title="bbox 2046 2856 3682 2932">
     <span class='ocr_line' id='line_1_83' title="bbox 2046 2856 3682 2932; baseline 0.006 -25"><span class='ocrx_word' id='word_1_572' title='bbox 2046 2856 2138 2908; x_wconf 89' lang='lat' dir='ltr'>tus</span> <span class='ocrx_word' id='word_1_573' title='bbox 2166 2859 2259 2908; x_wconf 91' lang='lat' dir='ltr'>est</span> <span class='ocrx_word' id='word_1_574' title='bbox 2290 2857 2565 2927; x_wconf 84' lang='lat' dir='ltr'>Herodes,</span> <span class='ocrx_word' id='word_1_575' title='bbox 2604 2858 2695 2913; x_wconf 84' lang='lat' dir='ltr'>hic</span> <span class='ocrx_word' id='word_1_576' title='bbox 2726 2856 2794 2890; x_wconf 82' lang='grc'>³⁴⁹</span> <span class='ocrx_word' id='word_1_577' title='bbox 2825 2858 2920 2929; x_wconf 93' lang='lat' dir='ltr'>qui</span> <span class='ocrx_word' id='word_1_578' title='bbox 2954 2858 3275 2916; x_wconf 90' lang='lat' dir='ltr'>Salvatoris</span> <span class='ocrx_word' id='word_1_579' title='bbox 3313 2860 3682 2932; x_wconf 89' lang='lat' dir='ltr'>temporibus</span> 
     </span>
    </p>
   </div>
   <div class='ocr_carea' id='block_1_84' title="bbox 2045 2940 2778 3015">
    <p class='ocr_par' dir='ltr' id='par_1_84' title="bbox 2045 2940 2778 3015">
     <span class='ocr_line' id='line_1_84' title="bbox 2045 2940 2778 3015; baseline 0.012 -22"><span class='ocrx_word' id='word_1_580' title='bbox 2045 2940 2171 3011; x_wconf 83' lang='lat' dir='ltr'>fuit,</span> <span class='ocrx_word' id='word_1_581' title='bbox 2209 2945 2399 3015; x_wconf 28' lang='lat' dir='ltr'>ngl‘lzee</span> <span class='ocrx_word' id='word_1_582' title='bbox 2432 2945 2778 3003; x_wconf 82' lang='lat' dir='ltr'>Africanus.&quot;</span> 
     </span>
    </p>
   </div>
   <div class='ocr_carea' id='block_1_85' title="bbox 2119 3030 3685 3109">
    <p class='ocr_par' dir='ltr' id='par_1_85' title="bbox 2119 3030 3685 3109">
     <span class='ocr_line' id='line_1_85' title="bbox 2119 3030 3685 3109; baseline 0.003 -20"><span class='ocrx_word' id='word_1_583' title='bbox 2119 3030 2217 3099; x_wconf 79' lang='grc' dir='ltr'>(Η.</span> <span class='ocrx_word' id='word_1_584' title='bbox 2248 3049 2322 3089; x_wconf 85' lang='lat' dir='ltr'>m.</span> <span class='ocrx_word' id='word_1_585' title='bbox 2359 3041 2414 3090; x_wconf 91' lang='lat' dir='ltr'>et</span> <span class='ocrx_word' id='word_1_586' title='bbox 2446 3036 2524 3090; x_wconf 90' lang='grc' dir='ltr'>Η.</span> <span class='ocrx_word' id='word_1_587' title='bbox 2560 3037 2656 3108; x_wconf 82' lang='lat' dir='ltr'>R.)</span> <span class='ocrx_word' id='word_1_588' title='bbox 2708 3039 2869 3092; x_wconf 89' lang='lat' dir='ltr'>Anno</span> <span class='ocrx_word' id='word_1_589' title='bbox 2901 3038 2972 3092; x_wconf 89' lang='lat' dir='ltr'>ab</span> <span class='ocrx_word' id='word_1_590' title='bbox 2999 3038 3153 3093; x_wconf 91' lang='lat' dir='ltr'>Urbe</span> <span class='ocrx_word' id='word_1_591' title='bbox 3184 3038 3416 3094; x_wconf 90' lang='lat' dir='ltr'>condita</span> <span class='ocrx_word' id='word_1_592' title='bbox 3465 3038 3685 3109; x_wconf 90' lang='lat' dir='ltr'>septin-</span> 
     </span>
    </p>
   </div>
   <div class='ocr_carea' id='block_1_86' title="bbox 2044 3123 3682 3197">
    <p class='ocr_par' dir='ltr' id='par_1_86' title="bbox 2044 3123 3682 3197">
     <span class='ocr_line' id='line_1_86' title="bbox 2044 3123 3682 3197; baseline 0 -16"><span class='ocrx_word' id='word_1_593' title='bbox 2044 3124 2387 3196; x_wconf 84' lang='lat' dir='ltr'>gentesimo,</span> <span class='ocrx_word' id='word_1_594' title='bbox 2426 3123 2519 3193; x_wconf 89' lang='lat' dir='ltr'>qui</span> <span class='ocrx_word' id='word_1_595' title='bbox 2560 3128 2650 3180; x_wconf 92' lang='lat' dir='ltr'>est</span> <span class='ocrx_word' id='word_1_596' title='bbox 2681 3125 3003 3181; x_wconf 84' lang='lat' dir='ltr'>Ptholomei</span> <span class='ocrx_word' id='word_1_597' title='bbox 3032 3126 3275 3181; x_wconf 91' lang='lat' dir='ltr'>Dionisii</span> <span class='ocrx_word' id='word_1_598' title='bbox 3315 3130 3461 3197; x_wconf 61' lang='lat' dir='ltr'>28W,</span> <span class='ocrx_word' id='word_1_599' title='bbox 3497 3127 3682 3182; x_wconf 91' lang='lat' dir='ltr'>incer-</span> 
     </span>
    </p>
   </div>
   <div class='ocr_carea' id='block_1_87' title="bbox 2046 3214 3679 3287">
    <p class='ocr_par' dir='ltr' id='par_1_87' title="bbox 2046 3214 3679 3287">
     <span class='ocr_line' id='line_1_87' title="bbox 2046 3214 3679 3287; baseline 0.001 -18"><span class='ocrx_word' id='word_1_600' title='bbox 2046 3219 2169 3271; x_wconf 90' lang='lat' dir='ltr'>tum</span> <span class='ocrx_word' id='word_1_601' title='bbox 2203 3215 2354 3269; x_wconf 90' lang='lat' dir='ltr'>unde</span> <span class='ocrx_word' id='word_1_602' title='bbox 2382 3218 2692 3269; x_wconf 88' lang='lat' dir='ltr'>concretus</span> <span class='ocrx_word' id='word_1_603' title='bbox 2720 3214 3025 3285; x_wconf 89' lang='lat' dir='ltr'>plurimam</span> <span class='ocrx_word' id='word_1_604' title='bbox 3056 3214 3225 3270; x_wconf 89' lang='lat' dir='ltr'>Urbis</span> <span class='ocrx_word' id='word_1_605' title='bbox 3258 3220 3483 3287; x_wconf 89' lang='lat' dir='ltr'>partem</span> <span class='ocrx_word' id='word_1_606' title='bbox 3529 3215 3679 3285; x_wconf 85' lang='lat' dir='ltr'>ignis</span> 
     </span>
    </p>
   </div>
   <div class='ocr_carea' id='block_1_88' title="bbox 2046 3304 3687 3373">
    <p class='ocr_par' dir='ltr' id='par_1_88' title="bbox 2046 3304 3687 3373">
     <span class='ocr_line' id='line_1_88' title="bbox 2046 3304 3687 3373; baseline 0.001 -14"><span class='ocrx_word' id='word_1_607' title='bbox 2046 3304 2289 3369; x_wconf 90' lang='lat' dir='ltr'>invasit;</span> <span class='ocrx_word' id='word_1_608' title='bbox 2324 3317 2428 3358; x_wconf 92' lang='lat' dir='ltr'>nec</span> <span class='ocrx_word' id='word_1_609' title='bbox 2463 3317 2729 3373; x_wconf 90' lang='lat' dir='ltr'>umquam</span> <span class='ocrx_word' id='word_1_610' title='bbox 2764 3308 2932 3359; x_wconf 90' lang='lat' dir='ltr'>antea</span> <span class='ocrx_word' id='word_1_611' title='bbox 2979 3306 3145 3359; x_wconf 90' lang='lat' dir='ltr'>tanto</span> <span class='ocrx_word' id='word_1_612' title='bbox 3194 3304 3461 3360; x_wconf 89' lang='lat' dir='ltr'>incendio</span> <span class='ocrx_word' id='word_1_613' title='bbox 3492 3319 3687 3360; x_wconf 91' lang='lat' dir='ltr'>corre-</span> 
     </span>
    </p>
   </div>
   <div class='ocr_carea' id='block_1_89' title="bbox 2046 3391 3687 3464">
    <p class='ocr_par' dir='ltr' id='par_1_89' title="bbox 2046 3391 3687 3464">
     <span class='ocr_line' id='line_1_89' title="bbox 2046 3391 3687 3464; baseline 0.001 -18"><span class='ocrx_word' id='word_1_614' title='bbox 2046 3397 2203 3464; x_wconf 90' lang='lat' dir='ltr'>ptam</span> <span class='ocrx_word' id='word_1_615' title='bbox 2231 3392 2606 3447; x_wconf 48' lang='lat' dir='ltr'>et&#39;vastatam</span> <span class='ocrx_word' id='word_1_616' title='bbox 2638 3391 2932 3448; x_wconf 89' lang='lat' dir='ltr'>civitatem</span> <span class='ocrx_word' id='word_1_617' title='bbox 2967 3392 3178 3449; x_wconf 89' lang='lat' dir='ltr'>ferunt.</span> <span class='ocrx_word' id='word_1_618' title='bbox 3223 3395 3360 3448; x_wconf 84' lang='lat' dir='ltr'>Nam</span> <span class='ocrx_word' id='word_1_619' title='bbox 3407 3397 3687 3463; x_wconf 86' lang='lat' dir='ltr'>quatuor-</span> 
     </span>
    </p>
   </div>
   <div class='ocr_carea' id='block_1_90' title="bbox 2047 3480 3688 3552">
    <p class='ocr_par' dir='ltr' id='par_1_90' title="bbox 2047 3480 3688 3552">
     <span class='ocr_line' id='line_1_90' title="bbox 2047 3480 3688 3552; baseline -0.001 -15"><span class='ocrx_word' id='word_1_620' title='bbox 2047 3481 2232 3537; x_wconf 91' lang='lat' dir='ltr'>decim</span> <span class='ocrx_word' id='word_1_621' title='bbox 2266 3480 2421 3536; x_wconf 86' lang='lat' dir='ltr'>vicos</span> <span class='ocrx_word' id='word_1_622' title='bbox 2452 3481 2578 3550; x_wconf 86' lang='lat' dir='ltr'>ejus</span> <span class='ocrx_word' id='word_1_623' title='bbox 2606 3487 2963 3552; x_wconf 90' lang='lat' dir='ltr'>eonsunptos</span> <span class='ocrx_word' id='word_1_624' title='bbox 2994 3482 3367 3538; x_wconf 87' lang='lat' dir='ltr'>dicunt.Hinc</span> <span class='ocrx_word' id='word_1_625' title='bbox 3398 3481 3516 3551; x_wconf 90' lang='lat' dir='ltr'>jam</span> <span class='ocrx_word' id='word_1_626' title='bbox 3568 3481 3688 3537; x_wconf 91' lang='lat' dir='ltr'>bel-</span> 
     </span>
    </p>
   </div>
   <div class='ocr_carea' id='block_1_91' title="bbox 2047 3569 3682 3642">
    <p class='ocr_par' dir='ltr' id='par_1_91' title="bbox 2047 3569 3682 3642">
     <span class='ocr_line' id='line_1_91' title="bbox 2047 3569 3682 3642; baseline 0.002 -18"><span class='ocrx_word' id='word_1_627' title='bbox 2047 3569 2164 3626; x_wconf 91' lang='lat' dir='ltr'>lum</span> <span class='ocrx_word' id='word_1_628' title='bbox 2188 3569 2359 3627; x_wconf 90' lang='lat' dir='ltr'>civile</span> <span class='ocrx_word' id='word_1_629' title='bbox 2399 3570 2684 3626; x_wconf 85' lang='lat' dir='ltr'>successit</span> <span class='ocrx_word' id='word_1_630' title='bbox 2735 3571 3123 3627; x_wconf 86' lang='lat' dir='ltr'>execrandum</span> <span class='ocrx_word' id='word_1_631' title='bbox 3175 3586 3241 3628; x_wconf 88' lang='lat' dir='ltr'>ac</span> <span class='ocrx_word' id='word_1_632' title='bbox 3288 3570 3682 3642; x_wconf 89' lang='lat' dir='ltr'>lamentabile,</span> 
     </span>
    </p>
   </div>
   <div class='ocr_carea' id='block_1_92' title="bbox 2051 3658 3751 3729">
    <p class='ocr_par' dir='ltr' id='par_1_92' title="bbox 2051 3658 3751 3729">
     <span class='ocr_line' id='line_1_92' title="bbox 2051 3658 3751 3729; baseline 0.002 -16"><span class='ocrx_word' id='word_1_633' title='bbox 2051 3659 2203 3729; x_wconf 90' lang='lat' dir='ltr'>quod</span> <span class='ocrx_word' id='word_1_634' title='bbox 2238 3658 2419 3728; x_wconf 89' lang='lat' dir='ltr'>magis</span> <span class='ocrx_word' id='word_1_635' title='bbox 2443 3658 2557 3727; x_wconf 86' lang='lat' dir='ltr'>jam</span> <span class='ocrx_word' id='word_1_636' title='bbox 2591 3659 2807 3715; x_wconf 91' lang='lat' dir='ltr'>dudum</span> <span class='ocrx_word' id='word_1_637' title='bbox 2837 3659 3304 3716; x_wconf 89' lang='lat' dir='ltr'>dissensionibus</span> <span class='ocrx_word' id='word_1_638' title='bbox 3335 3676 3401 3716; x_wconf 92' lang='lat' dir='ltr'>ac</span> <span class='ocrx_word' id='word_1_639' title='bbox 3437 3659 3683 3716; x_wconf 89' lang='lat' dir='ltr'>molitio-</span> <span class='ocrx_word' id='word_1_640' title='bbox 3731 3663 3751 3689; x_wconf 89' lang='lat'><strong><em>&#39;</em></strong></span> 
     </span>
    </p>
   </div>
   <div class='ocr_carea' id='block_1_93' title="bbox 2052 3747 3687 3819">
    <p class='ocr_par' dir='ltr' id='par_1_93' title="bbox 2052 3747 3687 3819">
     <span class='ocr_line' id='line_1_93' title="bbox 2052 3747 3687 3819; baseline 0 -18"><span class='ocrx_word' id='word_1_641' title='bbox 2052 3748 2220 3803; x_wconf 89' lang='lat' dir='ltr'>nibus</span> <span class='ocrx_word' id='word_1_642' title='bbox 2246 3749 2580 3818; x_wconf 88' lang='lat' dir='ltr'>parabatur,</span> <span class='ocrx_word' id='word_1_643' title='bbox 2611 3764 2721 3817; x_wconf 92' lang='lat' dir='ltr'>quo</span> <span class='ocrx_word' id='word_1_644' title='bbox 2748 3752 2944 3819; x_wconf 89' lang='lat' dir='ltr'>preter</span> <span class='ocrx_word' id='word_1_645' title='bbox 2963 3748 3328 3804; x_wconf 89' lang='lat' dir='ltr'>calamitates</span> <span class='ocrx_word' id='word_1_646' title='bbox 3344 3764 3470 3818; x_wconf 71' lang='lat' dir='ltr'>quae</span> <span class='ocrx_word' id='word_1_647' title='bbox 3493 3748 3550 3803; x_wconf 92' lang='lat' dir='ltr'>in</span> <span class='ocrx_word' id='word_1_648' title='bbox 3567 3747 3687 3804; x_wconf 90' lang='lat' dir='ltr'>bel-</span> 
     </span>
    </p>
   </div>
   <div class='ocr_carea' id='block_1_94' title="bbox 2052 3836 3685 3909">
    <p class='ocr_par' dir='ltr' id='par_1_94' title="bbox 2052 3836 3685 3909">
     <span class='ocr_line' id='line_1_94' title="bbox 2052 3836 3685 3909; baseline 0.001 -19"><span class='ocrx_word' id='word_1_649' title='bbox 2052 3836 2123 3892; x_wconf 89' lang='lat' dir='ltr'>lis</span> <span class='ocrx_word' id='word_1_650' title='bbox 2144 3836 2507 3905; x_wconf 88' lang='lat' dir='ltr'>aeciderunt,</span> <span class='ocrx_word' id='word_1_651' title='bbox 2532 3836 2707 3892; x_wconf 90' lang='lat' dir='ltr'>etiam</span> <span class='ocrx_word' id='word_1_652' title='bbox 2733 3838 2960 3894; x_wconf 88' lang='lat' dir='ltr'>fortuna</span> <span class='ocrx_word' id='word_1_653' title='bbox 2986 3837 3438 3909; x_wconf 85' lang='lat' dir='ltr'>populiRomani</span> <span class='ocrx_word' id='word_1_654' title='bbox 3465 3841 3685 3893; x_wconf 89' lang='lat' dir='ltr'>mutata</span> 
     </span>
    </p>
   </div>
   <div class='ocr_carea' id='block_1_95' title="bbox 2053 3925 3687 3998">
    <p class='ocr_par' dir='ltr' id='par_1_95' title="bbox 2053 3925 3687 3998">
     <span class='ocr_line' id='line_1_95' title="bbox 2053 3925 3687 3998; baseline 0 -17"><span class='ocrx_word' id='word_1_655' title='bbox 2053 3930 2164 3981; x_wconf 89' lang='lat' dir='ltr'>est.</span> <span class='ocrx_word' id='word_1_656' title='bbox 2198 3926 2334 3979; x_wconf 84' lang='lat' dir='ltr'>Nam</span> <span class='ocrx_word' id='word_1_657' title='bbox 2369 3925 2599 3982; x_wconf 90' lang='lat' dir='ltr'>rediens</span> <span class='ocrx_word' id='word_1_658' title='bbox 2628 3927 2822 3982; x_wconf 72' lang='lat' dir='ltr'>Cmsar</span> <span class='ocrx_word' id='word_1_659' title='bbox 2852 3927 3038 3983; x_wconf 88' lang='lat' dir='ltr'>victor</span> <span class='ocrx_word' id='word_1_660' title='bbox 3076 3942 3149 3982; x_wconf 89' lang='lat' dir='ltr'>ex</span> <span class='ocrx_word' id='word_1_661' title='bbox 3200 3926 3400 3998; x_wconf 90' lang='lat' dir='ltr'>Gallia,</span> <span class='ocrx_word' id='word_1_662' title='bbox 3450 3925 3687 3982; x_wconf 90' lang='lat' dir='ltr'>decerni</span> 
     </span>
    </p>
   </div>
   <div class='ocr_carea' id='block_1_96' title="bbox 2055 4013 3692 4087">
    <p class='ocr_par' dir='ltr' id='par_1_96' title="bbox 2055 4013 3692 4087">
     <span class='ocr_line' id='line_1_96' title="bbox 2055 4013 3692 4087; baseline 0.002 -20"><span class='ocrx_word' id='word_1_663' title='bbox 2055 4013 2164 4068; x_wconf 93' lang='lat' dir='ltr'>sibi</span> <span class='ocrx_word' id='word_1_664' title='bbox 2199 4014 2426 4068; x_wconf 88' lang='lat' dir='ltr'>absenti</span> <span class='ocrx_word' id='word_1_665' title='bbox 2460 4014 2669 4069; x_wconf 89' lang='lat' dir='ltr'>iterum</span> <span class='ocrx_word' id='word_1_666' title='bbox 2701 4017 3067 4071; x_wconf 88' lang='lat' dir='ltr'>consulatum</span> <span class='ocrx_word' id='word_1_667' title='bbox 3100 4015 3520 4087; x_wconf 91' lang='lat' dir='ltr'>poposcit;sed</span> <span class='ocrx_word' id='word_1_668' title='bbox 3553 4030 3692 4071; x_wconf 91' lang='lat' dir='ltr'>con-</span> 
     </span>
    </p>
   </div>
   <div class='ocr_carea' id='block_1_97' title="bbox 2054 4100 3690 4173">
    <p class='ocr_par' dir='ltr' id='par_1_97' title="bbox 2054 4100 3690 4173">
     <span class='ocr_line' id='line_1_97' title="bbox 2054 4100 3690 4173; baseline 0.001 -18"><span class='ocrx_word' id='word_1_669' title='bbox 2054 4100 2371 4156; x_wconf 90' lang='lat' dir='ltr'>tradictum</span> <span class='ocrx_word' id='word_1_670' title='bbox 2396 4107 2487 4156; x_wconf 93' lang='lat' dir='ltr'>est</span> <span class='ocrx_word' id='word_1_671' title='bbox 2509 4102 2561 4157; x_wconf 93' lang='lat' dir='ltr'>ei</span> <span class='ocrx_word' id='word_1_672' title='bbox 2585 4116 2614 4156; x_wconf 90' lang='lat' dir='ltr'>a</span> <span class='ocrx_word' id='word_1_673' title='bbox 2642 4103 2912 4159; x_wconf 88' lang='lat' dir='ltr'>Marcello</span> <span class='ocrx_word' id='word_1_674' title='bbox 2933 4104 3195 4173; x_wconf 88' lang='lat' dir='ltr'>consule,</span> <span class='ocrx_word' id='word_1_675' title='bbox 3213 4104 3690 4159; x_wconf 85' lang='lat' dir='ltr'>annitentePom-</span> 
     </span>
    </p>
   </div>
   <div class='ocr_carea' id='block_1_98' title="bbox 2055 4189 3697 4262">
    <p class='ocr_par' dir='ltr' id='par_1_98' title="bbox 2055 4189 3697 4262">
     <span class='ocr_line' id='line_1_98' title="bbox 2055 4189 3697 4262; baseline 0.002 -19"><span class='ocrx_word' id='word_1_676' title='bbox 2055 4190 2182 4260; x_wconf 90' lang='lat' dir='ltr'>peio</span> <span class='ocrx_word' id='word_1_677' title='bbox 2213 4194 2269 4244; x_wconf 92' lang='lat' dir='ltr'>et</span> <span class='ocrx_word' id='word_1_678' title='bbox 2305 4190 2521 4245; x_wconf 90' lang='lat' dir='ltr'>Catone</span> <span class='ocrx_word' id='word_1_679' title='bbox 2551 4189 2637 4259; x_wconf 66' lang='lat'>35°,</span> <span class='ocrx_word' id='word_1_680' title='bbox 2666 4189 2982 4262; x_wconf 88' lang='lat' dir='ltr'>jussusque</span> <span class='ocrx_word' id='word_1_681' title='bbox 3014 4198 3103 4248; x_wconf 90' lang='lat' dir='ltr'>est</span> <span class='ocrx_word' id='word_1_682' title='bbox 3134 4193 3324 4248; x_wconf 81' lang='lat' dir='ltr'>Caesar</span> <span class='ocrx_word' id='word_1_683' title='bbox 3355 4191 3607 4248; x_wconf 91' lang='lat' dir='ltr'>dimissis</span> <span class='ocrx_word' id='word_1_684' title='bbox 3628 4190 3697 4225; x_wconf 67' lang='lat'><strong>3“</strong></span> 
     </span>
    </p>
   </div>
   <div class='ocr_carea' id='block_1_99' title="bbox 2053 4276 3697 4345">
    <p class='ocr_par' dir='ltr' id='par_1_99' title="bbox 2053 4276 3697 4345">
     <span class='ocr_line' id='line_1_99' title="bbox 2053 4276 3697 4345; baseline 0.004 -14"><span class='ocrx_word' id='word_1_685' title='bbox 2053 4276 2413 4333; x_wconf 90' lang='lat' dir='ltr'>exercitibus</span> <span class='ocrx_word' id='word_1_686' title='bbox 2445 4278 2681 4332; x_wconf 85' lang='lat' dir='ltr'>Romam</span> <span class='ocrx_word' id='word_1_687' title='bbox 2704 4279 2902 4334; x_wconf 89' lang='lat' dir='ltr'>venire</span> <span class='ocrx_word' id='word_1_688' title='bbox 2928 4297 2942 4345; x_wconf 87' lang='lat'><strong>;</strong></span> <span class='ocrx_word' id='word_1_689' title='bbox 2967 4285 3024 4333; x_wconf 95' lang='lat' dir='ltr'>et</span> <span class='ocrx_word' id='word_1_690' title='bbox 3047 4295 3119 4334; x_wconf 89' lang='lat' dir='ltr'>ex</span> <span class='ocrx_word' id='word_1_691' title='bbox 3150 4278 3405 4336; x_wconf 81' lang='lat' dir='ltr'>Marcelli</span> <span class='ocrx_word' id='word_1_692' title='bbox 3437 4278 3697 4337; x_wconf 90' lang='lat' dir='ltr'>consulis</span> 
     </span>
    </p>
   </div>
   <div class='ocr_carea' id='block_1_100' title="bbox 2056 4364 3692 4439">
    <p class='ocr_par' dir='ltr' id='par_1_100' title="bbox 2056 4364 3692 4439">
     <span class='ocr_line' id='line_1_100' title="bbox 2056 4364 3692 4439; baseline 0.002 -17"><span class='ocrx_word' id='word_1_693' title='bbox 2056 4366 2408 4422; x_wconf 88' lang='lat' dir='ltr'>auctoritate</span> <span class='ocrx_word' id='word_1_694' title='bbox 2444 4366 2511 4421; x_wconf 90' lang='lat' dir='ltr'>ad</span> <span class='ocrx_word' id='word_1_695' title='bbox 2545 4364 2804 4435; x_wconf 79' lang='lat' dir='ltr'>legiones</span> <span class='ocrx_word' id='word_1_696' title='bbox 2839 4382 2964 4437; x_wconf 70' lang='lat' dir='ltr'>qua:</span> <span class='ocrx_word' id='word_1_697' title='bbox 2995 4368 3150 4439; x_wconf 91' lang='lat' dir='ltr'>apud</span> <span class='ocrx_word' id='word_1_698' title='bbox 3195 4368 3489 4426; x_wconf 87' lang='lat' dir='ltr'>Luceriam</span> <span class='ocrx_word' id='word_1_699' title='bbox 3525 4372 3692 4425; x_wconf 87' lang='lat' dir='ltr'>erant</span> 
     </span>
    </p>
   </div>
   <div class='ocr_carea' id='block_1_101' title="bbox 2057 4454 3698 4529">
    <p class='ocr_par' dir='ltr' id='par_1_101' title="bbox 2057 4454 3698 4529">
     <span class='ocr_line' id='line_1_101' title="bbox 2057 4454 3698 4529; baseline 0.002 -20"><span class='ocrx_word' id='word_1_700' title='bbox 2057 4456 2250 4511; x_wconf 92' lang='lat' dir='ltr'>Gneus</span> <span class='ocrx_word' id='word_1_701' title='bbox 2281 4455 2589 4526; x_wconf 77' lang='lat' dir='ltr'>Pompeius</span> <span class='ocrx_word' id='word_1_702' title='bbox 2620 4470 2748 4510; x_wconf 91' lang='lat' dir='ltr'>cum</span> <span class='ocrx_word' id='word_1_703' title='bbox 2784 4454 3025 4526; x_wconf 90' lang='lat' dir='ltr'>imperio</span> <span class='ocrx_word' id='word_1_704' title='bbox 3057 4458 3268 4513; x_wconf 92' lang='lat' dir='ltr'>missus</span> <span class='ocrx_word' id='word_1_705' title='bbox 3301 4462 3413 4514; x_wconf 91' lang='lat' dir='ltr'>est.</span> <span class='ocrx_word' id='word_1_706' title='bbox 3446 4459 3698 4529; x_wconf 88' lang='lat' dir='ltr'>Propter</span> 
     </span>
    </p>
   </div>
   <div class='ocr_carea' id='block_1_102' title="bbox 2058 4542 3702 4615">
    <p class='ocr_par' dir='ltr' id='par_1_102' title="bbox 2058 4542 3702 4615">
     <span class='ocr_line' id='line_1_102' title="bbox 2058 4542 3702 4615; baseline 0.002 -15"><span class='ocrx_word' id='word_1_707' title='bbox 2058 4559 2225 4615; x_wconf 90' lang='lat' dir='ltr'>quam</span> <span class='ocrx_word' id='word_1_708' title='bbox 2260 4542 2526 4613; x_wconf 90' lang='lat' dir='ltr'>injuriam</span> <span class='ocrx_word' id='word_1_709' title='bbox 2560 4544 2753 4599; x_wconf 64' lang='lat' dir='ltr'>Caesar</span> <span class='ocrx_word' id='word_1_710' title='bbox 2781 4558 2844 4599; x_wconf 92' lang='lat' dir='ltr'>se</span> <span class='ocrx_word' id='word_1_711' title='bbox 2874 4545 3124 4600; x_wconf 89' lang='lat' dir='ltr'>contulit</span> <span class='ocrx_word' id='word_1_712' title='bbox 3157 4546 3506 4603; x_wconf 87' lang='lat' dir='ltr'>Ravennam.</span> <span class='ocrx_word' id='word_1_713' title='bbox 3558 4547 3702 4603; x_wconf 84' lang='lat' dir='ltr'>Mar-</span> 
     </span>
    </p>
   </div>
   <div class='ocr_carea' id='block_1_103' title="bbox 2058 4632 3697 4706">
    <p class='ocr_par' dir='ltr' id='par_1_103' title="bbox 2058 4632 3697 4706">
     <span class='ocr_line' id='line_1_103' title="bbox 2058 4632 3697 4706; baseline 0.001 -17"><span class='ocrx_word' id='word_1_714' title='bbox 2058 4647 2164 4690; x_wconf 88' lang='lat' dir='ltr'>cus</span> <span class='ocrx_word' id='word_1_715' title='bbox 2188 4632 2540 4689; x_wconf 89' lang='lat' dir='ltr'>Antoniuset</span> <span class='ocrx_word' id='word_1_716' title='bbox 2565 4632 2806 4690; x_wconf 87' lang='lat' dir='ltr'>Publius</span> <span class='ocrx_word' id='word_1_717' title='bbox 2828 4632 3082 4704; x_wconf 91' lang='lat' dir='ltr'>Cassius,</span> <span class='ocrx_word' id='word_1_718' title='bbox 3104 4634 3323 4690; x_wconf 90' lang='lat' dir='ltr'>tribuni</span> <span class='ocrx_word' id='word_1_719' title='bbox 3359 4635 3566 4706; x_wconf 87' lang='lat' dir='ltr'>plebis,</span> <span class='ocrx_word' id='word_1_720' title='bbox 3590 4651 3697 4706; x_wconf 90' lang='lat' dir='ltr'>pro</span> 
     </span>
    </p>
   </div>
   <div class='ocr_carea' id='block_1_104' title="bbox 2063 4721 3701 4792">
    <p class='ocr_par' dir='ltr' id='par_1_104' title="bbox 2063 4721 3701 4792">
     <span class='ocr_line' id='line_1_104' title="bbox 2063 4721 3701 4792; baseline 0.004 -17"><span class='ocrx_word' id='word_1_721' title='bbox 2063 4722 2285 4778; x_wconf 84' lang='lat' dir='ltr'>Caesare</span> <span class='ocrx_word' id='word_1_722' title='bbox 2308 4721 2758 4792; x_wconf 89' lang='lat' dir='ltr'>intercedentes,</span> <span class='ocrx_word' id='word_1_723' title='bbox 2786 4736 2816 4776; x_wconf 94' lang='lat' dir='ltr'>a</span> <span class='ocrx_word' id='word_1_724' title='bbox 2843 4721 3082 4778; x_wconf 88' lang='lat' dir='ltr'>Lentulo</span> <span class='ocrx_word' id='word_1_725' title='bbox 3101 4723 3345 4780; x_wconf 90' lang='lat' dir='ltr'>consule</span> <span class='ocrx_word' id='word_1_726' title='bbox 3365 4725 3527 4781; x_wconf 88' lang='lat' dir='ltr'>curia</span> <span class='ocrx_word' id='word_1_727' title='bbox 3550 4725 3701 4781; x_wconf 85' lang='lat' dir='ltr'>foro-</span> 
     </span>
    </p>
   </div>
   <div class='ocr_carea' id='block_1_105' title="bbox 2061 4810 3700 4883">
    <p class='ocr_par' dir='ltr' id='par_1_105' title="bbox 2061 4810 3700 4883">
     <span class='ocr_line' id='line_1_105' title="bbox 2061 4810 3700 4883; baseline 0.002 -16"><span class='ocrx_word' id='word_1_728' title='bbox 2061 4824 2171 4880; x_wconf 92' lang='lat' dir='ltr'>que</span> <span class='ocrx_word' id='word_1_729' title='bbox 2205 4810 2502 4882; x_wconf 89' lang='lat' dir='ltr'>probibiti,</span> <span class='ocrx_word' id='word_1_730' title='bbox 2540 4810 2609 4866; x_wconf 91' lang='lat' dir='ltr'>ad</span> <span class='ocrx_word' id='word_1_731' title='bbox 2640 4811 2919 4867; x_wconf 67' lang='lat' dir='ltr'>Caesarem</span> <span class='ocrx_word' id='word_1_732' title='bbox 2954 4812 3199 4883; x_wconf 89' lang='lat' dir='ltr'>profecti</span> <span class='ocrx_word' id='word_1_733' title='bbox 3247 4817 3400 4883; x_wconf 91' lang='lat' dir='ltr'>sunt,</span> <span class='ocrx_word' id='word_1_734' title='bbox 3449 4813 3700 4870; x_wconf 90' lang='lat' dir='ltr'>Curione</span> 
     </span>
    </p>
   </div>
   <div class='ocr_carea' id='block_1_106' title="bbox 2060 4897 3696 4971">
    <p class='ocr_par' dir='ltr' id='par_1_106' title="bbox 2060 4897 3696 4971">
     <span class='ocr_line' id='line_1_106' title="bbox 2060 4897 3696 4971; baseline 0.004 -17"><span class='ocrx_word' id='word_1_735' title='bbox 2060 4897 2231 4955; x_wconf 91' lang='lat' dir='ltr'>simul</span> <span class='ocrx_word' id='word_1_736' title='bbox 2255 4898 2545 4971; x_wconf 76' lang='lat' dir='ltr'>Caelioque</span> <span class='ocrx_word' id='word_1_737' title='bbox 2567 4899 2996 4957; x_wconf 90' lang='lat' dir='ltr'>comitantibus.</span> <span class='ocrx_word' id='word_1_738' title='bbox 3026 4902 3219 4958; x_wconf 63' lang='lat' dir='ltr'>Caesar</span> <span class='ocrx_word' id='word_1_739' title='bbox 3241 4916 3371 4958; x_wconf 92' lang='lat' dir='ltr'>cum</span> <span class='ocrx_word' id='word_1_740' title='bbox 3406 4901 3696 4959; x_wconf 90' lang='lat' dir='ltr'>militibus</span> 
     </span>
    </p>
   </div>
   <div class='ocr_carea' id='block_1_107' title="bbox 2063 4987 3698 5062">
    <p class='ocr_par' dir='ltr' id='par_1_107' title="bbox 2063 4987 3698 5062">
     <span class='ocr_line' id='line_1_107' title="bbox 2063 4987 3698 5062; baseline 0.003 -19"><span class='ocrx_word' id='word_1_741' title='bbox 2063 5002 2210 5058; x_wconf 88' lang='lat' dir='ltr'>quos</span> <span class='ocrx_word' id='word_1_742' title='bbox 2242 4987 2495 5043; x_wconf 89' lang='lat' dir='ltr'>habebat</span> <span class='ocrx_word' id='word_1_743' title='bbox 2525 4994 2728 5045; x_wconf 89' lang='lat' dir='ltr'>contra</span> <span class='ocrx_word' id='word_1_744' title='bbox 2762 4989 3006 5061; x_wconf 88' lang='lat' dir='ltr'>patriam</span> <span class='ocrx_word' id='word_1_745' title='bbox 3052 4990 3230 5062; x_wconf 92' lang='lat' dir='ltr'>venit,</span> <span class='ocrx_word' id='word_1_746' title='bbox 3279 4996 3336 5046; x_wconf 92' lang='lat' dir='ltr'>et</span> <span class='ocrx_word' id='word_1_747' title='bbox 3397 4990 3698 5048; x_wconf 88' lang='lat' dir='ltr'>Rubicone</span> 
     </span>
    </p>
   </div>
   <div class='ocr_carea' id='block_1_108' title="bbox 2062 5075 3699 5152">
    <p class='ocr_par' dir='ltr' id='par_1_108' title="bbox 2062 5075 3699 5152">
     <span class='ocr_line' id='line_1_108' title="bbox 2062 5075 3699 5152; baseline 0.002 -20"><span class='ocrx_word' id='word_1_748' title='bbox 2062 5075 2294 5133; x_wconf 84' lang='lat' dir='ltr'>ﬂumine</span> <span class='ocrx_word' id='word_1_749' title='bbox 2325 5082 2704 5149; x_wconf 88' lang='lat' dir='ltr'>transmeato,</span> <span class='ocrx_word' id='word_1_750' title='bbox 2739 5094 2873 5135; x_wconf 89' lang='lat' dir='ltr'>mox</span> <span class='ocrx_word' id='word_1_751' title='bbox 2922 5083 2985 5135; x_wconf 92' lang='lat' dir='ltr'>ut</span> <span class='ocrx_word' id='word_1_752' title='bbox 3032 5080 3353 5136; x_wconf 88' lang='lat' dir='ltr'>Ariminum</span> <span class='ocrx_word' id='word_1_753' title='bbox 3405 5078 3474 5113; x_wconf 82' lang='grc'>³⁵³</span> <span class='ocrx_word' id='word_1_754' title='bbox 3519 5080 3699 5152; x_wconf 87' lang='lat' dir='ltr'>venit,</span> 
     </span>
    </p>
   </div>
   <div class='ocr_carea' id='block_1_109' title="bbox 2061 5165 3705 5240">
    <p class='ocr_par' dir='ltr' id='par_1_109' title="bbox 2061 5165 3705 5240">
     <span class='ocr_line' id='line_1_109' title="bbox 2061 5165 3705 5240; baseline 0.002 -19"><span class='ocrx_word' id='word_1_755' title='bbox 2061 5165 2317 5237; x_wconf 90' lang='lat' dir='ltr'>quinque</span> <span class='ocrx_word' id='word_1_756' title='bbox 2336 5166 2613 5223; x_wconf 91' lang='lat' dir='ltr'>cohortes</span> <span class='ocrx_word' id='word_1_757' title='bbox 2636 5182 2781 5238; x_wconf 92' lang='lat' dir='ltr'>quas</span> <span class='ocrx_word' id='word_1_758' title='bbox 2800 5171 2941 5225; x_wconf 90' lang='lat' dir='ltr'>tunc</span> <span class='ocrx_word' id='word_1_759' title='bbox 2959 5167 3116 5225; x_wconf 90' lang='lat' dir='ltr'>solas</span> <span class='ocrx_word' id='word_1_760' title='bbox 3130 5168 3401 5235; x_wconf 87' lang='lat' dir='ltr'>habebat,</span> <span class='ocrx_word' id='word_1_761' title='bbox 3422 5182 3554 5225; x_wconf 90' lang='lat' dir='ltr'>cum</span> <span class='ocrx_word' id='word_1_762' title='bbox 3579 5169 3705 5240; x_wconf 86' lang='lat' dir='ltr'>qui-</span> 
     </span>
    </p>
   </div>
   <div class='ocr_carea' id='block_1_110' title="bbox 2060 5253 3705 5325">
    <p class='ocr_par' dir='ltr' id='par_1_110' title="bbox 2060 5253 3705 5325">
     <span class='ocr_line' id='line_1_110' title="bbox 2060 5253 3705 5325; baseline 0.003 -15"><span class='ocrx_word' id='word_1_763' title='bbox 2060 5254 2187 5325; x_wconf 89' lang='lat' dir='ltr'>bus,</span> <span class='ocrx_word' id='word_1_764' title='bbox 2242 5258 2303 5311; x_wconf 91' lang='lat' dir='ltr'>ut</span> <span class='ocrx_word' id='word_1_765' title='bbox 2354 5253 2550 5312; x_wconf 90' lang='lat' dir='ltr'>Livius</span> <span class='ocrx_word' id='word_1_766' title='bbox 2596 5254 2678 5312; x_wconf 89' lang='lat' dir='ltr'>ait</span> <span class='ocrx_word' id='word_1_767' title='bbox 2724 5257 2926 5314; x_wconf 89' lang='lat' dir='ltr'>orbem</span> <span class='ocrx_word' id='word_1_768' title='bbox 2971 5261 3266 5314; x_wconf 87' lang='lat' dir='ltr'>teararum</span> <span class='ocrx_word' id='word_1_769' title='bbox 3315 5257 3563 5316; x_wconf 88' lang='lat' dir='ltr'>adortus</span> <span class='ocrx_word' id='word_1_770' title='bbox 3610 5264 3705 5317; x_wconf 90' lang='lat' dir='ltr'>est</span> 
     </span>
    </p>
   </div>
   <div class='ocr_carea' id='block_1_111' title="bbox 1670 5439 2349 5505">
    <p class='ocr_par' dir='ltr' id='par_1_111' title="bbox 1670 5439 2349 5505">
     <span class='ocr_line' id='line_1_111' title="bbox 1670 5439 2349 5505; baseline 0.003 -7"><span class='ocrx_word' id='word_1_771' title='bbox 1670 5439 1907 5499; x_wconf 77' lang='lat' dir='ltr'>VARUE</span> <span class='ocrx_word' id='word_1_772' title='bbox 1946 5442 2349 5505; x_wconf 86' lang='lat' dir='ltr'>LECTIONES.</span> 
     </span>
    </p>
   </div>
   <div class='ocr_carea' id='block_1_112' title="bbox 366 5581 2726 5656">
    <p class='ocr_par' dir='ltr' id='par_1_112' title="bbox 366 5581 2726 5656">
     <span class='ocr_line' id='line_1_112' title="bbox 366 5581 2726 5656; baseline -0.001 -14"><span class='ocrx_word' id='word_1_773' title='bbox 366 5581 435 5622; x_wconf 78' lang='grc'>⁸⁴²</span> <span class='ocrx_word' id='word_1_774' title='bbox 474 5595 797 5654; x_wconf 87' lang='lat' dir='ltr'>renumque</span> <span class='ocrx_word' id='word_1_775' title='bbox 836 5585 886 5639; x_wconf 79' lang='grc'>4.</span> <span class='ocrx_word' id='word_1_776' title='bbox 929 5585 1141 5656; x_wconf 43' lang='grc' dir='ltr'>9οη10,</span> <span class='ocrx_word' id='word_1_777' title='bbox 1185 5594 1411 5656; x_wconf 71' lang='lat' dir='ltr'>semper</span> <span class='ocrx_word' id='word_1_778' title='bbox 1459 5583 1602 5656; x_wconf 69' lang='lat' dir='ltr'>fere</span> <span class='ocrx_word' id='word_1_779' title='bbox 1670 5582 1740 5618; x_wconf 80' lang='grc'>³⁴³</span> <span class='ocrx_word' id='word_1_780' title='bbox 1793 5588 2054 5647; x_wconf 89' lang='lat' dir='ltr'>morinos</span> <span class='ocrx_word' id='word_1_781' title='bbox 2102 5591 2152 5645; x_wconf 84' lang='grc'>4.</span> <span class='ocrx_word' id='word_1_782' title='bbox 2198 5586 2448 5645; x_wconf 89' lang='lat' dir='ltr'>marinas</span> <span class='ocrx_word' id='word_1_783' title='bbox 2499 5589 2585 5641; x_wconf 91' lang='grc'>10.</span> <span class='ocrx_word' id='word_1_784' title='bbox 2640 5587 2726 5641; x_wconf 95' lang='grc'>11.</span> 
     </span>
    </p>
   </div>
   <div class='ocr_carea' id='block_1_113' title="bbox 2804 5584 3707 5648">
    <p class='ocr_par' dir='ltr' id='par_1_113' title="bbox 2804 5584 3707 5648">
     <span class='ocr_line' id='line_1_113' title="bbox 2804 5584 3707 5648; baseline 0.008 -7"><span class='ocrx_word' id='word_1_785' title='bbox 2804 5584 2873 5619; x_wconf 75' lang='grc'>³⁸⁸</span> <span class='ocrx_word' id='word_1_786' title='bbox 2919 5585 3014 5644; x_wconf 77' lang='lat' dir='ltr'>ita</span> <span class='ocrx_word' id='word_1_787' title='bbox 3053 5587 3219 5646; x_wconf 77' lang='lat' dir='ltr'>codd.</span> <span class='ocrx_word' id='word_1_788' title='bbox 3297 5586 3366 5623; x_wconf 76' lang='grc'>⁸⁸⁸</span> <span class='ocrx_word' id='word_1_789' title='bbox 3423 5587 3585 5648; x_wconf 75' lang='lat' dir='ltr'>deest</span> <span class='ocrx_word' id='word_1_790' title='bbox 3627 5592 3707 5648; x_wconf 87' lang='lat'>9°.</span> 
     </span>
    </p>
   </div>
   <div class='ocr_carea' id='block_1_114' title="bbox 296 5650 3705 5726">
    <p class='ocr_par' dir='ltr' id='par_1_114' title="bbox 296 5650 3705 5726">
     <span class='ocr_line' id='line_1_114' title="bbox 296 5650 3705 5726; baseline 0.002 -12"><span class='ocrx_word' id='word_1_791' title='bbox 296 5658 366 5695; x_wconf 76' lang='grc'><strong>⁸⁸⁸</strong></span> <span class='ocrx_word' id='word_1_792' title='bbox 393 5655 615 5726; x_wconf 88' lang='lat' dir='ltr'>herode</span> <span class='ocrx_word' id='word_1_793' title='bbox 645 5650 815 5726; x_wconf 57' lang='grc' dir='ltr'>115οο.</span> <span class='ocrx_word' id='word_1_794' title='bbox 859 5658 942 5711; x_wconf 90' lang='grc'>10.</span> <span class='ocrx_word' id='word_1_795' title='bbox 987 5650 1089 5726; x_wconf 27' lang='grc' dir='ltr'>ΑῘ⁴⁷</span> <span class='ocrx_word' id='word_1_796' title='bbox 1126 5650 1321 5726; x_wconf 69' lang='lat' dir='ltr'>Syrico</span> <span class='ocrx_word' id='word_1_797' title='bbox 1347 5656 1425 5709; x_wconf 75' lang='lat'>9°.</span> <span class='ocrx_word' id='word_1_798' title='bbox 1459 5650 1612 5714; x_wconf 68' lang='lat' dir='ltr'>corr.</span> <span class='ocrx_word' id='word_1_799' title='bbox 1657 5656 1837 5718; x_wconf 86' lang='lat' dir='ltr'>sirico</span> <span class='ocrx_word' id='word_1_800' title='bbox 1860 5660 1959 5719; x_wconf 70' lang='lat' dir='ltr'>vel</span> <span class='ocrx_word' id='word_1_801' title='bbox 2000 5660 2190 5723; x_wconf 84' lang='lat' dir='ltr'>serico</span> <span class='ocrx_word' id='word_1_802' title='bbox 2233 5664 2283 5718; x_wconf 81' lang='lat'>:5.</span> <span class='ocrx_word' id='word_1_803' title='bbox 2364 5655 2434 5693; x_wconf 69' lang='grc' dir='ltr'><em>³η</em></span> <span class='ocrx_word' id='word_1_804' title='bbox 2490 5656 2723 5715; x_wconf 89' lang='lat' dir='ltr'>arabias</span> <span class='ocrx_word' id='word_1_805' title='bbox 2771 5659 2850 5714; x_wconf 76' lang='grc' dir='ltr'>9ο.</span> <span class='ocrx_word' id='word_1_806' title='bbox 2894 5654 2963 5692; x_wconf 76' lang='grc'>³⁸⁸</span> <span class='ocrx_word' id='word_1_807' title='bbox 3009 5658 3060 5720; x_wconf 85' lang='lat' dir='ltr'>is</span> <span class='ocrx_word' id='word_1_808' title='bbox 3103 5662 3180 5719; x_wconf 83' lang='lat'>9°.</span> <span class='ocrx_word' id='word_1_809' title='bbox 3258 5658 3330 5695; x_wconf 76' lang='lat'>&quot;°</span> <span class='ocrx_word' id='word_1_810' title='bbox 3367 5665 3602 5721; x_wconf 89' lang='lat' dir='ltr'>cattone</span> <span class='ocrx_word' id='word_1_811' title='bbox 3651 5665 3705 5722; x_wconf 72' lang='grc' dir='ltr'>ὅ.</span> 
     </span>
    </p>
   </div>
   <div class='ocr_carea' id='block_1_115' title="bbox 299 5722 1537 5788">
    <p class='ocr_par' dir='ltr' id='par_1_115' title="bbox 299 5722 1537 5788">
     <span class='ocr_line' id='line_1_115' title="bbox 299 5722 1537 5788; baseline -0.004 1"><span class='ocrx_word' id='word_1_812' title='bbox 299 5728 368 5767; x_wconf 73' lang='grc'>³⁸⁸</span> <span class='ocrx_word' id='word_1_813' title='bbox 424 5725 662 5788; x_wconf 88' lang='lat' dir='ltr'>nonnisi</span> <span class='ocrx_word' id='word_1_814' title='bbox 719 5724 775 5784; x_wconf 89' lang='lat' dir='ltr'>d.</span> <span class='ocrx_word' id='word_1_815' title='bbox 831 5728 908 5784; x_wconf 86' lang='lat'>9°.</span> <span class='ocrx_word' id='word_1_816' title='bbox 984 5722 1055 5761; x_wconf 78' lang='grc'>⁸⁸³</span> <span class='ocrx_word' id='word_1_817' title='bbox 1103 5722 1443 5783; x_wconf 70' lang='lat' dir='ltr'>ar&#39;riminum</span> <span class='ocrx_word' id='word_1_818' title='bbox 1486 5729 1537 5785; x_wconf 74' lang='grc' dir='ltr'>δ.</span> 
     </span>
    </p>
   </div>
  </div>
