3932 6410
349 461 470 528 643

1514 447 2000 512 EKKEHARDI
2043 442 2606 510 URAUGIENSIS
2697 434 2710 444 ’

3647 437 3768 504 644

352 579 491 652 quid
525 577 678 632 facto
711 587 858 644 opus
885 573 1062 639 esset,
1099 566 1356 638 edocuit,
1407 567 1721 638 deplorans
1758 567 2000 637 injurias
2033 570 2083 625 Α
2118 597 2229 652 que
2259 581 2487 653 direpta
2522 585 2680 636 sum,
2715 581 2867 636 (13333
2902 584 3036 636 sum,
3059 575 3117 634 ίη
3139 593 3210 635 eo
3243 577 3443 651 pmlio
3464 577 3768 650 pompeia-

349 682 509 736 suas,
528 678 761 722 causam
784 657 1717 728 bellicivilisprorcstitucndisin
1752 657 2000 728 patriam

349 754 602 813 tribunis
631 765 760 808 esse
791 752 1052 805 testatus
1079 752 1189 802 est.
1225 746 1362 801 lnde
1413 760 1518 816 per
1562 744 1872 800 Antonium
1915 759 2004 801 se-

262 834 268 838 ’
353 851 507 918 ptem
530 843 804 900 cohortes
827 854 955 910 qme
979 837 1132 908 apud
1153 835 1479 892 Sulmonem
1503 833 1572 866 ³⁵³
1599 837 1998 904 morabantur,

353 951 382 993 a
406 932 675 991 Lucretio
699 928 946 998 accepit,
977 931 1098 982 tres
1123 925 1401 994 legiones,
1429 939 1558 994 quae
1583 938 1710 978 cum
1744 921 2000 978 Domicio

349 1021 502 1096 apud
534 1017 904 1076 Cornificium
922 1015 1320 1084 morabantur,
1343 1014 1410 1068 ad
1430 1027 1566 1068 suas
1594 1017 1790 1083 partes
1815 1015 2003 1066 trans-

349 1112 526 1171 misit.
564 1107 848 1166 Consules
879 1120 1020 1161 vero
1047 1120 1175 1160 cum
1213 1104 1368 1158 Gneo
1416 1099 1708 1172 Pompeio,
1759 1105 2000 1154 senatus

349 1200 536 1260 omnis
563 1203 741 1268 atque
775 1195 1044 1252 universa
1077 1191 1356 1248 nobilitas
1386 1205 1456 1245 ex
1488 1191 1642 1246 Urbe
1677 1188 1902 1257 fugiens
1941 1191 2000 1243 et

349 1292 404 1348 in
455 1287 716 1345 Greciam
767 1284 1080 1350 transiens,
1138 1282 1291 1352 apud
1339 1278 1717 1350 Dyrrachium
1786 1275 2000 1333 bellum

349 1384 558 1437 contra
593 1378 878 1432 Caesarem
909 1372 1216 1444 parabant,
1248 1384 1363 1439 quo
1403 1367 1568 1423 multi
1620 1366 1864 1423 orientis
1915 1381 2002 1421 re-

347 1483 454 1538 ges
479 1467 548 1501 ³⁸⁸
578 1480 708 1522 cum
742 1461 978 1519 auxiliis
1025 1459 1470 1516 conveniebant.
1517 1459 1710 1513 Caesar
1758 1469 1999 1511 vacuam

346 1559 562 1616 Urbem
594 1555 919 1625 ingressus,
955 1550 1302 1606 dictatorem
1329 1562 1390 1602 se
1419 1546 1573 1616 fecit,
1614 1550 2000 1615 negatamque

347 1647 466 1704 sibi
498 1661 570 1702 ex
617 1642 826 1701 aerario
876 1639 1180 1712 pecuniam
1234 1636 1436 1692 fractis
1488 1635 1710 1690 foribus
1767 1634 1996 1703 invasit,

351 1734 685 1811 protulitex
706 1746 774 1788 eo
797 1729 922 1785 auri
949 1728 1140 1800 pondo
1163 1729 1319 1795 4135,
1346 1723 1570 1794 argenti
1593 1723 1785 1796 pondo
1819 1737 2002 1795 prope

348 1826 647 1895 nongenta
681 1819 856 1876 milia.
889 1816 1026 1873 Inde
1056 1815 1214 1871 venit
1236 1813 1566 1880 Massiliam,
1593 1812 1661 1868 ad
1687 1827 1856 1882 quam
1899 1812 2000 1866 ob-

350 1911 718 1988 pugnandam
741 1907 1086 1964 Trebonium
1107 1920 1234 1960 cum
1258 1903 1452 1958 tribus
1476 1901 1802 1991 legionibus
1827 1899 1999 1956 relin-
2027 1931 2080 1991 B

349 2016 557 2075 quens,
591 2000 660 2056 ad
693 1994 1002 2067 Hispanias
1025 1991 1350 2060 contendit,
1393 2005 1536 2060 quas
1581 1990 1786 2045 Lucius
1839 1991 1998 2044 Afra-

349 2093 482 2149 nius
505 2095 564 2147 et
589 2090 813 2144 Marcus
834 2083 1171 2140 Petrcinset
1194 2083 1416 2136 Marcus
1441 2080 1642 2148 Varro,
1660 2078 1996 2149 Pompeiani

351 2181 554 2244 duces,
589 2175 954 2248 optinebant,
986 2171 1183 2240 ibique
1226 2168 1426 2225 multis
1451 2151 1666 2239 praal‘iis
1705 2167 1994 2222 Petreium

349 2275 409 2328 et
433 2255 727 2324 Afranium
752 2263 1082 2333 superatos,
1103 2257 1424 2328 composita
1441 2255 1729 2328 pactione,
1748 2255 1993 2325 dimisit,

351 2352 726 2422 inulteriore,
769 2363 908 2405 vero
951 2346 1226 2416 Histiania
1267 2345 1412 2400 duas
1449 2343 1709 2412 legiones
1740 2357 1768 2398 a
1805 2343 1996 2398 Marco

351 2443 608 2501 Varrone
637 2438 922 2510 suscepit.
955 2434 1235 2492 Similiter
1255 2438 1312 2488 ct
1338 2434 1516 2488 duces
1540 2431 1666 2500 ejus
1700 2431 1872 2487 Curio
1897 2433 1997 2486 Ca-

351 2539 547 2590 tonem
578 2527 773 2584 Sicilia
815 2523 1062 2598 expulit,
1115 2522 1378 2577 Valerius
1430 2522 1654 2576 Cottam
1707 2519 1992 2591 Sardinia,

349 2622 571 2678 Varrus
591 2619 950 2674 Tuberonem
977 2611 1169 2668 Africa
1190 2610 1384 2680 ejeeit.
1413 2611 1624 2676 Ctesar,
1651 2609 1996 2680 compositis

353 2711 529 2766 rebus
561 2707 706 2776 suis,
741 2701 1116 2774 Dyrrachium
1140 2700 1301 2757 venit
1331 2705 1388 2754 et
1414 2699 1746 2769 Pompeium
1773 2699 1995 2754 frustra

351 2797 654 2856 obsidione
676 2793 878 2852 cinxit.
903 2805 1032 2846 cum
1057 2789 1342 2844 illi‘maria
1372 2793 1658 2859 paterent.
1687 2787 1996 2858 Pompeius

351 2885 658 2944 castellum
691 2879 978 2952 quoddam
1015 2877 1156 2932 mari
1190 2875 1601 2952 propinquum,
1623 2875 1994 2946 ubiprcsidia

351 2974 597 3034 Caesaris
620 2974 808 3040 erant,
833 2967 1068 3036 evertit,
1112 2971 1170 3021 ct
1188 2965 1402 3019 milit‘es
1425 2965 1658 3019 occidit.
1689 2966 1998 3020 Cmsarau-

349 3070 490 3134 tem,
517 3061 734 3118 omissa
775 3056 1098 3124 obsidione,
1152 3054 1223 3110 ad
1272 3053 1604 3124 Pompeium
1656 3054 1944 3109 convertit
1980 3072 1994 3121 ;

347 3154 675 3223 Torquatus
697 3163 836 3205 vero
871 3158 1258 3218 prorumpens
1285 3158 1552 3200 aversum
1586 3142 1654 3176 “'5
1693 3158 1724 3199 c
1747 3143 1997 3212 vestigio

351 3241 615 3298 insectus
643 3241 754 3294 est.
791 3237 874 3292 lta
909 3233 1154 3292 Caesaris
1189 3232 1403 3288 milites
1444 3232 1679 3304 ancipiti
1734 3230 1994 3304 periculo

347 3328 563 3399 territi,
595 3327 720 3400 ipso
751 3327 980 3381 Cmsare
1011 3323 1226 3378 frustra
1277 3321 1620 3392 obsistente,
1676 3322 1949 3390 fugerunt
1978 3339 1993 3389 ;
2029 3293 2078 3356 (ἶ

347 3418 530 3476 evasit
559 3421 753 3472 tamen
779 3416 994 3484 Caesar,
1021 3411 1154 3483 quia
1179 3418 1350 3467 nocte
1375 3409 1800 3466 interveniente
1832 3413 1997 3468 Pom-

345 3509 516 3582 peius
530 3505 694 3577 sequi
710 3503 913 3560 noluit.
933 3502 1294 3582 Dixitantem
1312 3502 1520 3571 Caesar,
1537 3515 1645 3556 nec
1659 3501 1995 3572 Pompeium

347 3580 499 3655 scire
530 3595 787 3665 vincere,
817 3597 875 3649 et
908 3591 1003 3648 illa
1040 3580 1262 3646 tantum
1297 3590 1390 3645 die
1423 3604 1484 3646 se
1511 3590 1659 3646 vinci
1707 3591 1989 3661 potuisse.

347 3688 502 3744 Caesa
535 3689 670 3742 sunt
703 3683 756 3738 in
789 3698 856 3738 eo
890 3681 1089 3753 przelio
1120 3683 1259 3735 4000
1288 3679 1532 3734 militum
1567 3679 1833 3749 Caesaris,
1865 3695 1997 3736 cen-

346 3775 612 3834 turiones
633 3777 721 3842 22,
747 3771 977 3842 equites
1005 3769 1239 3824 Romani
1273 3767 1608 3838 complures
1644 3785 1658 3834 ;
1692 3783 1882 3824 ctesus
1906 3771 1992 3824 est

345 3863 424 3920 ibi
450 3865 648 3931 Saeva,
685 3859 930 3915 Ctesaris
954 3856 1120 3912 miles
1153 3855 1531 3923 fortissimus,
1567 3856 1733 3925 cujus
1765 3862 1993 3913 scutum

346 3956 579 4010 centum
614 3949 819 4020 viginti
856 3947 1070 4002 ictibus
1099 3945 1342 4017 petitum
1377 3945 1552 4001 fuisse
1585 3945 1818 4001 dicitur.
1857 3947 1993 4002 Inde

348 4041 530 4098 citato
553 4039 780 4109 agmine
807 4038 998 4092 Caesar
1023 4050 1125 4106 per
1145 4035 1394 4106 Epyrum
1421 4033 1474 4089 in
1497 4034 1844 4090 Thessaliam
1870 4051 1994 4107 per-

349 4131 524 4202 rexit,
554 4127 866 4200 Pompeius
888 4139 1026 4182 vero
1056 4140 1185 4181 cum
1221 4123 1484 4180 maximis
1527 4125 1710 4196 copiis
1757 4129 1996 4183 secutus

347 4224 460 4290 est,
479 4217 812 4288 bellumque
830 4214 1200 4272 commissum
1225 4218 1336 4269 est.
1359 4213 1568 4269 Videre
1595 4212 1992 4284 ibietgemere

347 4311 498 4378 erat,
520 4309 858 4364 contractas
881 4305 1266 4360 Romanorum
1293 4301 1450 4358 vires
1474 4302 1528 4358 in
1557 4303 1779 4374 campis
1819 4304 1994 4360 Phar-

276 4440 281 4446 .
344 4397 542 4454 salicis
571 4394 642 4451 ad
674 4394 1022 4450 occisionem
1056 4397 1312 4449 mutuam
1347 4391 1706 4462 constitisse,
1743 4407 1906 4463 quas,
1943 4393 1992 4448 si

347 4485 658 4544 concordia
675 4483 946 4552 rexisset,
970 4481 1112 4538 nulli
1139 4480 1356 4554 populi,
1385 4479 1526 4536 nulli
1551 4495 1719 4550 rcges
1745 4481 1896 4536 ferre
1925 4479 1994 4514 ³⁵⁸

348 4575 698 4651 potuissent.
735 4575 984 4630 Fuerunt
1018 4570 1166 4627 enim
1201 4586 1272 4625 ex
1301 4575 1469 4640 parte
1528 4569 1784 4639 Pompeii
1835 4574 1992 4627 octo-

2117 674 2532 726 norumlzlooo.
2575 669 2951 726 centuriones
2996 671 3088 722 33.‘
3133 667 3440 739 Pompeius
3509 665 3760 736 fugiens,

2117 758 2171 814 in
2201 759 2353 815 ostio
2384 759 2557 814 Penei
2589 758 2776 814 amnis
2809 757 3138 814 onerariam
3183 755 3370 812 navim
3421 762 3649 826 nactus,
3700 755 3763 810 in

2117 843 2306 898 Asiam
2329 842 2586 911 transiit,
2613 840 2746 898 inde
2767 856 2869 914 per
2883 843 3129 913 Cyprum
3148 839 3550 896 Alexandriam
3565 838 3762 910 petiit,

2115 936 2234 987 uta
2271 946 2406 1001 rege
2437 930 2689 1002 .Egypti,
2730 931 2823 986 cui
2878 934 3041 986 tutor
3088 929 3208 1001 ipse
3257 943 3285 984 a
3331 932 3534 984 senatu
3585 927 3763 985 datus

2114 1019 2300 1076 fuerat
2329 1025 2568 1092 propter
2583 1019 2897 1090 juvenilem
2923 1019 3050 1089 ejus
3068 1022 3320 1086 aetatem,
3349 1017 3641 1089 acciperet
3665 1031 3766 1072 au-

2113 1107 2272 1164 xilia.
2303 1107 2410 1174 Qui
2436 1109 2727 1164 fortunam
2753 1107 2935 1176 magis
2961 1121 3130 1178 quam
3155 1105 3468 1163 amicieiam
3492 1109 3755 1175 secutus,

2112 1197 2334 1252 occidit
2368 1197 2725 1268 Pompeium,
2760 1199 3053 1268 caputque
3076 1195 3202 1267 ejus
3219 1199 3276 1250 et
3299 1192 3527 1251 anulum
3543 1191 3756 1250 Caesari

2115 1284 2293 1340 misit.
2321 1284 2543 1350 Quibus
2573 1285 2930 1357 conspectis,
2964 1285 3152 1340 Caesar
3181 1282 3354 1340 etiam
3376 1281 3640 1339 lacrimas
3669 1281 3760 1338 fu-

2113 1373 2272 1430 disse
2305 1374 2542 1444 dicitur,
2580 1374 2724 1430 tanti
2750 1373 2858 1429 viri
2884 1374 3116 1430 intuens
3137 1378 3332 1444 caput,
3355 1369 3550 1442 generi
3572 1384 3759 1442 quon-

2110 1461 2238 1518 dam
2273 1463 2451 1532 sui,et
2475 1464 2816 1519 inundatum
2837 1462 3120 1520 odoribus
3151 1461 3456 1532 imperavit
3481 1460 3751 1516 cremari.

2113 1553 2368 1624 Pompeii
2404 1568 2551 1608 uxor
2580 1553 2800 1624 filiique
2833 1553 3123 1622 fugerunt,
3172 1556 3366 1607 cetera
3407 1547 3750 1621 Pompeiana

2112 1639 2322 1696 classis
2356 1641 2585 1712 direpta
2619 1647 2732 1710 est,
2766 1641 3038 1697 omnibus
3063 1639 3238 1710 quiin
3270 1653 3337 1695 ea
3360 1641 3522 1694 erant
3545 1637 3754 1693 crude-

2111 1726 2332 1784 lissime
2348 1729 2675 1784 trucidatis.
2696 1728 2849 1784 fbiet
2866 1726 3180 1798 Pompeius
3206 1725 3504 1796 Bythinius
3519 1723 3752 1781 occisus

2111 1822 2222 1887 cst,
2251 1816 2528 1873 Lentulus
2571 1832 2708 1873 vero
2757 1817 2844 1872 vir
2891 1813 3216 1872 consularis
3262 1813 3414 1886 opud
3456 1812 3751 1869 Pelusium

2113 1904 2462 1962 interfectus
2486 1909 2597 1962 est.
2627 1907 2840 1975 Caasar,
2866 1903 3206 1976 compositis
3231 1902 3379 1974 apud
3400 1899 3749 1958 Thessaliam

2113 1995 2309 2064 rebus,
2364 1994 2772 2051 Alexandriam
2818 1993 2998 2064 venit,
3052 1993 3150 2048 ubi
3203 1991 3456 2048 Achillas
3499 1989 3614 2046 dux
3659 2003 3751 2047 re-

2107 2083 2238 2154 gius
2267 2084 2355 2154 ³⁸⁸,
2390 2083 2564 2140 semel
2599 2084 2858 2140 imbutus
2889 2081 3148 2153 Pompeii
3178 2081 3476 2152 sanguine,
3510 2079 3749 2136 Caesaris

2110 2187 2339 2244 quoque
2372 2187 2571 2230 necem
2604 2172 3013 2228 meditabatur.
3043 2172 3180 2226 Nam
3202 2170 3402 2241 jussus
3423 2168 3747 2226 exercitum

2107 2261 2201 2319 cui
2243 2268 2476 2334 preerat
2509 2261 2807 2318 dimittere
2831 2275 3015 2333 prope
3036 2263 3214 2315 20000
3235 2263 3604 2328 armatorum,
3630 2270 3746 2312 non

2109 2351 2278 2406 modo
2309 2351 2554 2422 sprevit,
2589 2365 2790 2407 verum
2823 2350 2997 2406 etiam
3033 2349 3213 2405 aciem
3249 2347 3478 2404 direxit.
3513 2347 3572 2402 In
3617 2345 3746 2418 ipso

2109 2439 2310 2512 przelio
2341 2440 2497 2508 regia
2517 2439 2728 2496 classis
2759 2439 2828 2496 ad
2858 2443 3075 2494 terram
3101 2433 3644 2505 subductajubetur
3666 2434 3748 2492 in-

2107 2527 2297 2584 cendi.
2335 2530 2410 2583 Ea
2453 2529 2677 2584 flamma
2709 2543 2839 2584 cum
2871 2534 3096 2599 partem
3129 2539 3358 2597 quoque
3399 2523 3558 2580 urbis
3587 2521 3747 2580 inva-

2107 2617 2302 2683 sisset,
2323 2620 2559 2686 400,000
2580 2616 2862 2672 librorum
2878 2615 3158 2688 proximis
3187 2615 3336 2671 forte
3365 2611 3590 2672 aedibus
3607 2626 3747 2669 con-

2109 2706 2228 2763 dita
2252 2706 2498 2777 exussit,
2526 2706 2822 2776 singulare
2840 2706 3102 2778 profecto
3128 2704 3538 2760 monimentum
3559 2700 3740 2758 studii

2107 2810 2379 2866 curaeque
2410 2795 2709 2866 majorum,
2746 2794 2841 2866 qui
2879 2799 2967 2851 tot
2999 2799 3276 2864 tantaque
3309 2791 3618 2849 illustrium
3657 2789 3742 2847 in-

2106 2885 2409 2954 geniorum
2444 2899 2622 2956 opera
2652 2888 3090 2954 congesserant.
3127 2885 3340 2940 Postea
3369 2882 3556 2939 Caasar
3587 2879 3745 2936 insu-

2109 2974 2221 3029 lam
2255 2974 2349 3030 ubi
2383 2974 2608 3030 Pharus
2640 2978 2730 3029 est
2764 2973 2916 3044 cepit
2953 2991 2968 3040 ;
3001 2987 3070 3029 eo
3103 2971 3358 3029 Achillas
3401 2985 3530 3028 cum
3578 2969 3748 3026 Gabi-

2109 3063 2300 3118 nianis
2333 3063 2617 3119 militibus
2648 3064 2846 3128 venit;
2875 3062 3076 3132 ingens
3100 3076 3286 3134 pugna
3311 3059 3742 3128 commissaest,

2111 3166 2314 3221 magna
2350 3151 2428 3207 ibi
2463 3153 2920 3209 Caesarianorum
2955 3151 3198 3206 militum
3233 3149 3542 3206 multitudo
3596 3147 3751 3204 ceci-

2110 3241 2214 3311 dit,
2253 3256 2453 3297 omnes
2484 3241 2660 3297 etiam
2694 3241 3105 3298 interfectores
3145 3238 3400 3310 Pompeii
3453 3237 3744 3294 interfecti

2109 3336 2266 3386 sunt.
2302 3331 2492 3386 Caesar
2524 3343 2754 3402 quoque
2781 3329 2836 3386 vi
2869 3329 3265 3386 insistentium
3298 3327 3550 3384 hostium
3588 3340 3750 3398 pres-

2108 3433 2229 3488 sus,
2266 3419 2534 3490 scapham
2569 3418 2855 3475 ascendit.
2909 3418 3028 3484 Qua
3063 3433 3195 3474 mox
3245 3416 3500 3489 pondere
3547 3415 3752 3472 subse-

2110 3505 2411 3574 quentium
2441 3511 2682 3574 gravata
2715 3519 2778 3560 ac
2811 3517 3020 3575 mersa,
3057 3517 3159 3576 per
3198 3502 3484 3559 ducentos
3536 3515 3747 3574 passus

2108 3593 2180 3648 ad
2208 3593 2416 3664 navim,
2453 3607 2564 3649 una
2596 3608 2765 3650 manu
2798 3593 3046 3664 elevata,
3083 3607 3194 3665 qua
3241 3597 3436 3648 cartas
3482 3589 3740 3661 tenebat,

2108 3681 2362 3738 natando
2396 3681 2683 3754 pervenit.
2717 3685 2845 3739 Mox
2876 3681 3064 3739 navali
3107 3681 3425 3738 certamine
3453 3679 3740 3753 pulsatus,

2109 3785 2309 3840 magna
2347 3771 2627 3828 felicitate
2649 3771 2894 3828 classem
2929 3771 3142 3842 regiam
3178 3775 3274 3827 aut
3306 3770 3598 3843 depressit
3643 3769 3740 3824 aut

2107 3860 2279 3930 cepit.
2317 3859 2722 3916 Alexandrinis
2757 3861 3094 3933 petentibus
3118 3874 3311 3930 regem
3331 3856 3601 3928 reddidit,
3625 3870 3742 3912 mo-

2107 3947 2288 4004 nitum
2324 3949 2594 4018 utmagis
2634 3949 2956 4006 amicieiam
3006 3950 3318 4006 Romanam
3366 3961 3536 4020 quam
3584 3957 3739 4003 arma

2105 4037 2361 4108 experiri
2393 4039 2658 4095 studeret
2686 4038 2772 4094 ³³⁸.
2802 4038 2908 4105 Qui
2943 4044 3156 4109 tamen,
3192 4038 3324 4094 ilico
3355 4042 3419 4093 ut
3454 4035 3596 4092 liber
3615 4034 3743 4101 fuit,

2107 4126 2322 4184 bellum
2346 4127 2564 4199 intulit,
2593 4129 2696 4186 sed
2719 4129 2998 4186 continuo
3021 4144 3149 4186 cum
3182 4132 3304 4184 toto
3328 4125 3593 4184 exercitu
3636 4139 3744 4182 suo

2105 4221 2162 4272 et
2189 4217 2316 4288 ipse
2345 4216 2576 4274 deletus
2606 4221 2716 4274 est.
2746 4219 2884 4274 Nam
2915 4223 2976 4273 et
3003 4221 3182 4275 20000
3225 4215 3520 4274 hominum
3574 4214 3628 4270 in
3673 4227 3744 4270 eo

2107 4305 2260 4362 bello
2292 4307 2630 4362 referuntur
2649 4322 2822 4378 caesa,
2859 4311 3034 4364 12000
3052 4322 3180 4364 cum
3205 4309 3276 4362 70
3296 4304 3484 4376 longis
3505 4301 3745 4360 navibus

2105 4393 2324 4466 dedita,
2359 4395 2668 4466 Quingenti
2699 4411 2772 4453 ex
2791 4397 3118 4454 victoribus
3143 4395 3426 4452 cecidisse
3449 4393 3738 4449 dicuntur.

2105 4485 2226 4539 Rex
2257 4483 2382 4555 ipse
2415 4482 2762 4540 adolescens
2794 4484 3008 4556 scapha
3041 4487 3346 4556 exceptus,
3381 4487 3444 4540 ut
3496 4481 3736 4551 fugeret,

2105 4571 2306 4628 multis
2327 4569 2978 4643 insilientibns,mersua
3001 4576 3362 4643 necatusque
3394 4575 3480 4628 est
3500 4581 3741 4641 ;corpus

343 4667 505 4739 ginta
537 4670 674 4723 octo
708 4662 1006 4730 cohortes,
1040 4659 1300 4732 peditum
1332 4658 1464 4731 plus
1497 4672 1666 4730 quam
1701 4660 1876 4714 40000
1899 4659 1990 4733 ³³⁷,
2021 4665 2074 4728 D
2105 4662 2231 4732 ejus
2263 4662 2332 4718 ad
2363 4661 2506 4718 litus
2541 4660 2902 4731 devolutum,
2936 4660 3148 4718 indicio
3182 4660 3381 4717 loricae
3419 4671 3606 4716 aureae
3653 4671 3745 4714 co-

343 4755 576 4827 equites
605 4754 660 4809 in
692 4751 938 4809 sinistro
969 4765 1152 4805 cornu
1184 4752 1310 4818 600,
1344 4746 1400 4801 in
1425 4747 1634 4802 dextro
1658 4750 1780 4816 500,
1826 4763 1992 4818 reges

339 4849 398 4902 et
423 4849 727 4902 senatores
751 4845 812 4895 et
834 4837 1074 4895 Romani
1096 4836 1326 4907 equites
1355 4835 1608 4907 plurimi,
1629 4851 1700 4892 ex
1716 4842 1882 4908 parte
1901 4852 1994 4894 au-

343 4939 460 4992 tem
485 4931 736 4990 Ctesaris
761 4929 949 4984 minus
972 4942 1142 4998 quam
1168 4928 1237 4981 40
1253 4924 1408 4980 milia
1449 4926 1728 4996 peditum,
1763 4927 1994 4997 equites

344 5022 522 5080 mille.
553 5023 691 5078 Cum
716 5032 828 5091 que
853 5017 952 5074 diu
978 5015 1269 5085 utrimque
1287 5014 1396 5070 sub
1419 5013 1593 5071 dubia
1621 5020 1780 5072 sorte
1809 5015 1997 5072 eaede-

346 5116 570 5178 rentur,
596 5114 773 5181 atque
797 5121 868 5164 ex
892 5105 1001 5162 alia
1027 5109 1193 5176 parte
1207 5104 1518 5176 Pompieus
1535 5103 1755 5161 diceret
1774 5125 1786 5160 :
1805 5106 1997 5163 Parce

343 5199 708 5269 cicibusmec
745 5203 933 5254 tamen
966 5195 1205 5264 faceret,
1239 5208 1310 5249 ex
1341 5193 1448 5249 alia
1483 5207 1622 5250 vero
1653 5195 1844 5250 Cresar
1887 5194 1997 5250 hoc

346 5287 565 5344 faceret
599 5287 751 5358 quod
787 5289 1042 5356 urgeret,
1078 5283 1308 5339 dicens:
1349 5283 1546 5353 Miles,
1573 5285 1809 5356 faciem
1837 5284 1994 5356 feri,

342 5375 582 5433 tandem
605 5375 920 5434 universus
947 5373 1206 5446 Pompeii
1239 5373 1387 5444 fugit
1417 5372 1738 5444 exercitus,
1776 5379 1998 5429 castra-

2101 4751 2326 4822 gnitum
2351 4751 2478 4807 fuit.
2505 4750 2626 4816 Qua
2651 4751 2844 4807 Czesa’r
2865 4750 3271 4808 Alexandriam
3295 4749 3595 4822 premissa,
3625 4761 3741 4803 om-

2103 4855 2208 4896 nes
2239 4838 2664 4896 Alexandrinos
2690 4839 2760 4895 ad
2791 4839 3145 4896 deditionem
3165 4837 3572 4910 deSperatione
3593 4849 3741 4892 com-

2103 4927 2275 5000 pulit,
2319 4942 2678 4999 regnumque
2734 4929 2962 5001 .Egypti
3029 4929 3370 5000 Cleopatrae,
3422 4922 3738 4982 Ptholomei

2104 5017 2313 5089 sorori,
2349 5015 2532 5088 dedit,
2563 5033 2693 5074 cum
2747 5032 2858 5089 qua
2891 5017 3082 5090 stupri
3133 5014 3612 5074 consuetudinem
3650 5011 3744 5069 ha-

2107 5107 2233 5164 buit
2260 5125 2274 5175 ;
2307 5121 2434 5178 quae
2463 5113 2667 5179 postea
2700 5107 2861 5178 regio
2888 5107 3173 5164 comitatu
3222 5106 3435 5162 Urbem
3485 5103 3741 5174 ingressa

2105 5200 2214 5252 est.

2179 5284 2482 5356 Cleopatra
2513 5284 2730 5356 itaque,
2767 5299 2937 5342 soror
2967 5281 3290 5341 Ptholomei
3325 5278 3584 5352 regnavit
3621 5278 3747 5337 Ale-

2106 5373 2366 5432 xandriae
2396 5375 2562 5432 annis
2590 5378 2680 5446 22,
2714 5378 2779 5432 ut
2805 5373 3076 5432 Iordanis
3103 5373 3419 5446 episcopus
3445 5368 3588 5428 dicit
3639 5369 3744 5440 (De

1705 5540 1943 5600 VARLE
1982 5543 2381 5604 LECTIONES.

415 5693 854 5780 mnsﬁlm‘lneln
903 5699 982 5780 ἓξ
1059 5693 1223 5780 .m."
1275 5712 1328 5780 οῖ

343 5773 423 5833 9°.
501 5769 572 5808 ⁸⁵⁸
600 5769 756 5843 regis
783 5773 836 5828 ὅ.
912 5767 982 5804 ⁸⁸³
1029 5769 1334 5829 studerent
1383 5775 1434 5827 δ.

1520 5693 1592 5734 ³⁸³
1640 5711 1885 5757 aversus
1931 5702 1981 5756 5.
2035 5699 2346 5758 adversum
2393 5703 2453 5756 9°
2522 5693 2592 5734 ³⁵⁸
2628 5697 2724 5759 ita
2749 5699 2829 5756 9°.
2867 5697 3034 5756 finire
3085 5695 3137 5771 4,
3181 5701 3234 5754 δ.
3277 5695 3363 5755 to.
3408 5695 3494 5754 11.
3570 5687 3639 5732 ⁸⁵⁷
3673 5689 3738 5754 XI
