3932 6416
283 452 399 517 645

1166 444 1606 513 CHRONICA.
1638 483 1713 493 —
1747 439 2226 507 CHRONICON
2269 438 2802 506 UNIVERSALE

3572 446 3691 511 616

281 602 334 644 r.
370 590 482 659 8.),
542 585 642 643 sed
677 583 1072 643 Tertullianus
1114 583 1319 641 scribit
1363 583 1519 653 (ade.
1562 581 1801 639 ,Ιαιῖιεοε
1833 579 1923 635 ed.
1961 578 2013 637 A
2044 577 2237 633 caedes
2269 575 2458 633 vietor
2490 575 2717 632 exstitit
2750 577 2983 643 Caesar;
3017 579 3208 634 castra
3243 590 3441 637 eorum
3457 580 3687 654 direpta

284 677 526 747 Semler,
559 677 625 745 ll,
663 690 723 746 p.
762 677 866 731 296
889 674 1080 746 )quod
1104 677 1375 743 regnaret
1409 672 1575 728 annis
1599 676 1823 726 tantum
1839 674 1926 735 20,

284 766 487 822 dicens
518 778 644 820 eam
672 777 1067 833 conregnassc
1101 764 1361 831 Augusto
1392 761 1559 817 annis
1597 764 1682 829 13,
1717 760 1932 829 ipsum-

285 867 397 925 que
425 857 630 924 postea
655 865 931 920 regnasse
960 850 1091 906 aliis
1105 849 1306 920 43,ᾳυὶ
1341 855 1475 906 sunt
1502 853 1569 904 56
1604 846 1847 917 Augusti
1862 845 1933 879 ³⁶⁰

283 940 465 1011 Regni
497 945 691 996 autem
723 939 1048 1009 CleOpatrze
1081 937 1217 993 licet
1240 942 1324 992 tot
1355 937 1485 992 anni
1517 936 1698 993 fuisse
1738 934 1932 990 dican-

285 1036 401 1100 tur,
436 1028 495 1084 in
524 1027 729 1084 ordine
761 1031 951 1084 tamen
985 1040 1184 1095 regum
1220 1040 1331 1081 non
1394 1024 1526 1096 plus
1591 1038 1758 1094 quam
1818 1022 1933 1078 duo

283 1121 718 1189 computantur,
753 1115 885 1186 quia
915 1114 1103 1171 tercio
1154 1114 1281 1184 ejus
1312 1127 1461 1170 anno
1518 1114 1692 1168 Gaius
1744 1110 1934 1167 Julius
1974 1166 1981 1173 ,

284 1208 481 1264 Caesar
510 1206 827 1261 Romanum
855 1203 1107 1273 arripuit
1137 1203 1461 1273 imperium.
1527 1201 1713 1270 (Joao.
1776 1201 1821 1256 Ζ.
1864 1199 1931 1269 l.)

281 1297 443 1351 Hanc
474 1293 763 1365 siquidem
790 1294 1156 1363 Cleopatram
1189 1296 1393 1363 postea
1412 1292 1708 1346 Romanus
1723 1288 1933 1345 ductor

284 1383 569 1440 Antonius
601 1382 931 1452 suscipiens
967 1394 1191 1451 suoque
1221 1380 1412 1449 lateri,
1472 1383 1670 1450 spreta
1729 1390 1932 1433 sorore

285 1471 610 1541 Octaviani,
644 1470 1011 1539 consocians,
1046 1473 1251 1525 contra
1276 1468 1433 1525 cives
1476 1468 1742 1539 proprios
1770 1465 1932 1521 dimi-

284 1560 472 1618 cavit.
504 1559 681 1625 Quem
716 1559 1070 1615 Octavianus
1094 1560 1391 1627 Augustus
1416 1573 1446 1613 c
1487 1556 1737 1611 rtamiue
1764 1568 1933 1625 supe-

284 1663 426 1706 rans
457 1649 512 1705 in
527 1649 764 1705 Actiaco
794 1647 986 1717 litore,
1008 1652 1289 1717 utrosque
1313 1646 1542 1717 jugales
1557 1645 1752 1713 coegit
1779 1648 1842 1700 ut
1869 1656 1933 1699 se

284 1738 454 1810 ipsos
486 1738 839 1809 perimerent
875 1754 889 1801 ;
924 1737 1125 1807 sicque
1157 1749 1617 1805 regnumeorum
1640 1733 1694 1788 in
1728 1734 1933 1789 Roma-

283 1841 493 1883 norum
513 1825 582 1859 ³⁸³
612 1825 915 1896 imperium
948 1825 1199 1893 devenit,
1229 1825 1325 1881 ubi
1351 1828 1411 1879 et
1438 1836 1619 1893 usque
1650 1822 1935 1877 hactenus

2045 669 2201 731 sunt,
2236 667 2537 735 sexaginta
2567 666 2861 736 elephanti
2888 665 3064 737 capti.
3086 667 3225 722 Cato
3258 682 3385 724 sese
3402 670 3552 739 apud
3570 672 3689 726 Uti-

2042 768 2168 809 cam
2205 753 2647 810 venenooceidit
2675 770 2689 819 ;
2728 755 2875 809 Juba
2900 754 3239 823 percussori
3266 756 3533 827 jugulum
3550 759 3688 814 dato

2044 840 2246 912 precio
2278 842 2517 913 prebuit
2548 838 3051 909 ;Pctreiusg'ladio
3075 856 3139 897 se
3159 841 3227 875 ³⁸⁸
3253 845 3537 915 perfodit;
3570 848 3691 903 Sci-

2047 928 2140 999 pio
2174 928 2229 983 in
2260 929 2411 999 navi,
2440 944 2550 1000 qua
2584 929 2655 986 ad
2714 930 3019 1002 Hispanias
3063 931 3306 1001 fugiens,
3368 938 3543 989 vento
3593 950 3691 990 co-

2045 1018 2302 1087 actus,in
2329 1018 2595 1074 Affricam
2640 1019 3037 1089 rediit,semct
3082 1020 3592 1091 ipsumjugulavit.
3627 1024 3686 1079 In

2044 1107 2244 1167 eadem
2279 1107 2407 1161 navi
2441 1107 2615 1163 etiam
2671 1109 3000 1177 Torquatus
3057 1108 3290 1165 occisus
3343 1116 3455 1165 est.
3497 1111 3690 1167 Caesar

2045 1196 2299 1266 Pompeii
2328 1197 2509 1265 Magni
2546 1196 3093 1267 nepotesﬁliamqne
3132 1195 3201 1229 ³⁸⁷
3230 1198 3583 1269 Pompeiam,
3616 1200 3693 1255 si-

2046 1284 2279 1354 mulque
2311 1300 2439 1341 cum
2474 1284 3061 1356 bisFaustum,Syllze
3087 1286 3363 1355 lilium,et
3395 1287 3689 1344 Petreium

2045 1388 2111 1428 ac
2143 1373 2625 1442 Afraniumjussit
2660 1373 2868 1429 occidi.
2892 1375 3257 1430 Postannum
3294 1376 3528 1432 Romam
3559 1392 3688 1433 cum

2046 1466 2299 1531 quatuor
2328 1462 2639 1534 triumphis
2687 1463 3013 1533 ingressus,
3066 1467 3275 1533 quarto
3318 1465 3573 1520 dictator
3630 1470 3686 1520 et

2045 1550 2246 1606 consul
2280 1555 2516 1607 creatus
2539 1556 2649 1621 est,
2683 1552 2980 1621 totiusque
3012 1552 3174 1619 regni
3202 1554 3592 1609 monarchiam
3609 1570 3692 1610 so-

2047 1637 2137 1694 lus
2161 1639 2500 1710 assumpsit,
2522 1655 2594 1694 ex
2610 1654 2722 1710 quo
2747 1639 3019 1695 continua
3051 1641 3325 1697 Romanis
3371 1647 3691 1698 nascuntur

2045 1724 2622 1797 imperia.Disposito
2654 1727 2850 1797 itaque
2875 1743 2938 1783 ac
2964 1733 3309 1798 recuperato
3325 1729 3407 1785 rei
3442 1729 3691 1800 publicae
3798 1744 3803 1749 '

2046 1818 2225 1883 statu,
2261 1815 2539 1871 continuo
2580 1815 2635 1870 in
2666 1816 2999 1887 Hispaniam
3021 1822 3223 1872 contra
3266 1818 3480 1874 Gncum
3524 1821 3691 1875 Pom-

286 1919 346 1972 et
390 1928 576 1985 usque
608 1914 663 1969 in
724 1913 893 1969 finem
942 1914 1139 1970 mundi
1186 1912 1506 1969 secundum
1564 1910 1931 1983 prophetiam
1964 1930 2015 1989 B
2047 1904 2241 1974 peium
2260 1909 2317 1959 et
2343 1906 2579 1961 Sextum
2600 1906 2955 1977 Pompeium,
3000 1906 3150 1962 filios
3178 1907 3434 1989 Pompeii
3478 1909 3683 1979 Magni,

286 2003 546 2061 Danielis
576 2002 739 2073 regni
792 2001 1040 2058 debetur
1072 2001 1393 2060 successio.

336 2103 474 2150 Alex.
527 2103 666 2150 Rom.

403 2187 426 2236 1

396 2269 435 2326 2

402 2362 433 2413 3
644 2362 667 2412 1
818 2359 1135 2414 Romanum
1163 2357 1341 2430 coepit
1401 2356 1705 2428 imperium
1735 2357 1935 2414 Gaium

290 2445 510 2504 Julium
530 2446 839 2502 Caesarem.

399 2540 434 2592 8
651 2540 674 2591 1
830 2534 1052 2605 (Hii-zu.)
1084 2534 1438 2590 Octavianus
1466 2532 1557 2604 ⁸⁶²,
1591 2533 1687 2604 qui
1733 2538 1936 2605 postea

291 2613 626 2687 appellatus
654 2617 743 2670 est
777 2616 1094 2684 Augustus,
1130 2614 1286 2670 filius
1319 2615 1502 2670 Actize
1552 2614 1773 2670 sororis
1798 2614 1936 2671 Julii

296 2702 568 2773 Caesaris,
596 2703 858 2772 regnavit
888 2708 1022 2773 post
1051 2703 1264 2759 Julium
1297 2704 1462 2759 annis
1490 2704 1580 2769 56,
1613 2717 1645 2758 a
1686 2718 1800 2774 quo
1830 2704 1941 2760 Ro-

290 2789 448 2846 mani
480 2788 773 2860 principes
804 2788 1081 2860 appellati
1113 2796 1249 2846 sunt
1281 2789 1532 2859 augusti.

400 2880 472 2935 17
655 2883 722 2934 10
867 2880 949 2932 Ex
976 2876 1045 2910 ³⁶²
1077 2879 1184 2934 hoc
1225 2883 1509 2949 tempore,
1540 2879 1837 2947 videlicet,
1869 2894 1942 2934 ex

292 2967 523 3023 decimo
553 2981 705 3025 anno
734 2968 974 3037 Augusti
1006 2982 1245 3037 regnum
1303 2971 1359 3023 et
1411 2968 1802 3025 sacerdotium
1847 2971 1944 3024 Ju-

296 3057 559 3113 daorum
585 3059 644 3110 et
676 3044 952 3125 christus,
988 3056 1044 3111 id
1076 3061 1165 3112 est
1198 3062 1431 3127 unctus,
1467 3071 1654 3128 usque
1702 3057 1757 3113 in
1817 3072 1946 3129 pre-

298 3158 442 3201 sens
464 3150 695 3215 tempus
729 3144 1239 3215 defecit,Hyrcano
1274 3145 1806 3216 poutiliceconsilio
1838 3147 1947 3201 An-

2048 1994 2365 2064 profectus,
2400 1994 2579 2050 multa
2605 1994 2754 2050 bella
2771 2000 2930 2051 sorte
2962 1995 3120 2051 varia
3158 1988 3686 2065 gessitﬂUltimum

2048 2082 2262 2138 bellum
2294 2083 2445 2153 apud
2470 2082 2734 2139 Mundam
2766 2084 2978 2140 ﬂumen
3000 2089 3226 2153 gestum
3246 2089 3358 2155 est,
3377 2085 3472 2141 ubi
3508 2086 3690 2142 tantis

2046 2169 2270 2226 viribus
2296 2171 2631 2227 dimicatum
2653 2176 2741 2228 est
2774 2176 3051 2243 tantaque
3075 2172 3266 2230 czedes
3305 2177 3457 2243 acta,
3496 2178 3554 2230 ut
3576 2175 3693 2230 Cae-

2048 2271 2142 2312 sar
2181 2271 2430 2328 quoque,
2465 2259 2761 2316 veteranis
2775 2259 2949 2316 etiam
2980 2260 3105 2317 suis
3128 2261 3335 2317 cedere
3352 2278 3462 2318 non
3488 2265 3695 2321 erube-

2046 2345 2367 2417 scentibus,
2396 2361 2458 2402 se
2490 2347 2741 2403 voluerit
2775 2348 3064 2420 occidere,
3092 2364 3162 2405 ne
3188 2356 3316 2421 post
3368 2355 3582 2408 tantam
3609 2350 3693 2407 rei

2047 2433 2573 2505 militarisgloriam
2614 2436 2666 2492 in
2701 2440 3054 2508 potestatem
3095 2437 3532 2497 adolescentum
3602 2455 3698 2496 na-

2047 2527 2144 2579 tus
2166 2537 2348 2580 annos
2360 2525 2427 2580 66
2441 2525 2682 2580 veniret.
2710 2526 2967 2597 Denique
2984 2528 3271 2598 reparatis
3290 2529 3431 2599 suis,
3458 2534 3579 2585 tum
3605 2544 3695 2586 su-

2050 2610 2171 2667 bito
2204 2611 2260 2666 in
2292 2613 2481 2681 fugam
2522 2628 2730 2671 versus
2788 2619 2880 2671 est
2916 2616 3210 2672 exercitus
3250 2617 3689 2689 Pompeiorum;

2046 2700 2207 2756 Titus
2236 2702 2520 2759 Labienus
2548 2708 2608 2758 et
2651 2704 2852 2761 Actius
2882 2707 3068 2762 Varus
3103 2705 3160 2761 in
3190 2706 3312 2762 acie
3341 2707 3477 2762 caesi
3503 2711 3639 2765 sunt
3675 2724 3691 2775 ;

2049 2789 2239 2846 Gneus
2288 2791 2595 2863 Pompeius
2623 2807 2755 2849 cum
2781 2799 3015 2849 centum
3074 2795 3373 2864 equitibus
3427 2796 3692 2866 aufugit;

2053 2879 2266 2934 Sextus
2302 2881 2634 2951 Pompeius,
2670 2882 2851 2938 frater
2890 2883 3034 2953 ejus,
3081 2888 3384 2939 contracta
3418 2884 3696 2940 celeriter

2052 2980 2162 3021 non
2199 2982 2373 3038 parva
2411 2968 2815 3025 Lusitanorum
2850 2985 3041 3034 manu,
3072 2985 3428 3040 congressus
3445 2986 3576 3028 cum
3602 2972 3701 3028 Ce-

2054 3054 2237 3122 sonio,
2256 3054 2446 3111 victus
2472 3056 2811 3127 fugiensque
2836 3058 3180 3115 interfectus
3201 3065 3308 3115 est.
3339 3061 3457 3117 Hoc
3480 3059 3696 3116 bellum

2055 3158 2125 3199 eo
2148 3143 2239 3199 die
2264 3148 2455 3200 actum
2487 3148 2573 3200 est
2609 3161 2721 3216 quo
2755 3152 2921 3217 pater
2949 3162 3151 3204 eorum
3172 3149 3480 3220 Pompeius
3502 3150 3575 3205 ab
3598 3150 3702 3205 Ur-

298 3232 486 3303 tigoni
513 3232 711 3289 fratris
742 3233 849 3300 sui,
883 3233 1199 3289 Aristoboli
1234 3232 1356 3304 lilii,
1390 3249 1417 3289 a
1459 3235 1692 3291 Parthis
1747 3239 1942 3306 capto,
1979 3283 2025 3346 Ο
2059 3233 2151 3302 be,
2187 3231 2401 3289 bellum
2430 3237 2723 3303 gesturus,
2767 3240 2935 3291 antea
2960 3236 3285 3305 aufugerat.
3321 3242 3696 3308 quatuorque

304 3327 355 3346 ..ι
394 3321 594 3346 ΑΑᾹΑΜ
642 3321 917 3346 ΔηοεηΑηΛ
971 3336 996 3346 ,ιι
1030 3322 1300 3346 ῠΑκηηηζ.
1348 3338 1411 3346 ,κη
1439 3323 1537 3346 .i..-
1624 3329 1672 3346 ,ςι
1720 3321 1944 3346 11Α..Αι1Α
2059 3319 2223 3346 ,ιη-ηει-
2254 3319 2362 3346 ιιι-ιιι
2391 3320 2600 3346 Lall...“
2638 3322 2801 3346 ,ιζ-,21η
2834 3328 2956 3346 ιΑιΑ-
2994 3324 3127 3346 -..ιηλ
3164 3324 3416 3346 :..n....--2a
3500 3325 3696 3346 11..--..

301 3327 362 3378 et
390 3321 596 3377 eodem
631 3321 920 3390 Antigono
969 3336 999 3376 a
1030 3322 1303 3378 Romanis
1345 3323 1559 3392 occiso,
1621 3329 1677 3378 et
1720 3321 1946 3378 Herode

306 3407 632 3480 alienigena
664 3423 802 3479 rege
832 3409 1179 3466 constituto.

390 3502 480 3555 12
660 3502 726 3555 15
873 3499 1161 3556 Antonius
1178 3503 1234 3554 et
1259 3499 1565 3571 Cle0patra
1583 3498 1949 3570 semetipsos

299 3587 525 3644 Defecit
648 3592 716 3645 16
922 3586 1378 3659 interﬁciunt,et
1412 3591 1691 3661 .Egyptus
1724 3590 1781 3645 in
1819 3603 1950 3659 pro-

338 3691 501 3747 regn.
653 3681 717 3733 17
936 3677 1181 3733 vinciam
1214 3678 1450 3733 redacta
1470 3677 1799 3734 Cornelium
1826 3677 1952 3733 Gal-

338 3764 505 3822 Alex.
642 3769 709 3822 18
926 3764 1044 3821 lum
1080 3765 1325 3837 primum
1356 3766 1953 3837 habuitjudicemRo-

372 3853 444 3888 ⁸⁸³
647 3858 713 3910 56
930 3870 1180 3911 manum.

372 3942 587 4013 (Πιειι.)
619 3942 794 3999 Gaius
813 3942 1003 3999 Julius
1035 3944 1248 4013 Caesar,
1278 3957 1309 3998 a
1365 3960 1479 4014 quo
1518 3944 1758 4000 Romani
1798 3944 1953 4016 prin-

303 4027 468 4100 cipes
496 4042 746 4086 caasares
778 4029 1171 4101 appellantur,
1199 4030 1424 4100 primus
1449 4030 1602 4101 apud
1660 4031 1951 4087 Romanos

302 4116 601 4187 singulare
646 4118 900 4189 arripuit
957 4118 1284 4189 imperium,
1332 4118 1713 4188 regnavitque
1783 4119 1951 4174 annis

304 4206 581 4278 quinque,
613 4208 685 4264 ab
715 4206 863 4263 Urbe
897 4206 1133 4263 condita
1164 4205 1399 4263 70503“.
1424 4207 1525 4278 (H.
1569 4208 1791 4280 m.)Ilic
1848 4208 1953 4262 ita-

304 4306 415 4364 que
446 4308 724 4352 reversus
761 4296 833 4351 ab
858 4294 1207 4351 Alexandria
1240 4309 1347 4366 per
1412 4295 1653 4366 Syriam,
1698 4297 1954 4351 Pharna-

305 4396 450 4453 cem,
486 4382 815 4439 Metridatis
848 4383 1029 4453 Magni
1068 4382 1266 4453 lilium,
1299 4381 1460 4453 vicit,
1480 4384 1833 4454 Romamque
1865 4399 1954 4440 re-

303 4484 559 4541 gressus,
596 4472 780 4529 tercio
809 4486 871 4528 se
886 4472 1237 4555 dictatorem
1251 4471 1623 4528 etconsulem
1650 4472 1792 4528 fecit
1820 4488 1950 4529 cum

305 4558 497 4617 Marco
518 4558 745 4616 :Emilio
772 4560 984 4633 Lepido
999 4560 1094 4631 qui
1121 4561 1399 4630 magister
1433 4560 1677 4617 militum
1707 4561 1950 4619 eicausa

2058 3319 2225 3375 annis
2254 3319 2363 3376 hoc
2389 3320 2603 3376 bellum
2635 3322 2803 3378 civile
2834 3328 2961 3380 toto
2990 3324 3130 3379 orbe
3163 3324 3447 3380 intonuit.
3499 3325 3698 3381 Caesar

2059 3409 2277 3478 itaque,
2308 3408 2763 3467 belliscivilibus
2784 3415 2906 3467 toto
2924 3412 3696 3483 orbecompositis,Romam

2058 3496 2294 3553 rediens
2322 3512 2496 3566 agerc
2527 3498 2877 3560 insolentius
2903 3499 2971 3532 3“
3001 3500 3177 3571 coepit
3225 3504 3433 3556 contra
3458 3514 3703 3557 consue-

2063 3585 2321 3642 tudinem
2356 3588 2624 3644 Romanm
2658 3586 2969 3644 libertatis.
3007 3589 3144 3645 Cum
3177 3603 3316 3658 ergo
3350 3590 3599 3645 honores
3630 3603 3705 3646 ex

2061 3690 2160 3731 sua
2196 3674 2499 3732 voluntate
2534 3676 2953 3747 prestaret,qui
2987 3680 3155 3732 antea
3191 3677 3528 3733 ferebantur
3552 3693 3580 3733 a
3614 3693 3706 3750 po-

2059 3762 2219 3834 pulo,
2254 3778 2361 3820 nec
2387 3764 2612 3820 senatui
2634 3764 2704 3820 ad
2722 3780 2784 3821 se
2816 3765 3072 3822 venienti
3098 3766 3703 3839 assurgeret,aliaque

2061 3852 2219 3922 regia
2251 3857 2306 3908 et
2339 3867 2484 3923 pene
2507 3854 2810 3925 tyrannica
2837 3856 3074 3925 faceret,
3096 3854 3462 3925 conjuratum
3488 3862 3581 3912 est
3642 3856 3699 3912 in

2059 3955 2190 3997 eum
2224 3955 2253 3996 a
2289 3940 2632 3997 ducentiset
2659 3946 2729 3999 60
2751 3942 2837 3999 vel
2869 3942 3118 4015 amplius
3158 3944 3530 4002 senatoribus
3546 3945 3707 4017 equi-

2061 4029 2334 4099 tibusque
2367 4030 2943 4103 Romanis.Precipui
2976 4032 3130 4088 inter
3162 4031 3571 4102 conjuratores
3588 4033 3709 4089 fue-

2059 4122 2193 4173 runt
2225 4117 2339 4173 duo
2382 4115 2566 4186 Bruti,
2585 4133 2657 4173 ex
2686 4133 2902 4187 genere
2946 4119 3105 4176 illius
3154 4120 3430 4191 Brutiqui
3482 4121 3707 4193 primus

2061 4205 2260 4262 consul
2300 4206 2483 4261 fuerat
2513 4206 2705 4261 Roma)
2735 4221 3020 4279 regesque
3061 4209 3389 4280 expulerat,
3409 4216 3465 4266 et
3491 4209 3708 4269 Gneius

2062 4293 2299 4351 Cassius
2327 4299 2386 4350 et
2419 4293 2702 4351 Servilius
2728 4296 2925 4353 Casca.
2982 4297 3238 4362 Quadam
3277 4298 3458 4369 igitur
3488 4300 3581 4355 die
3616 4314 3710 4357 se-

2061 4388 2201 4439 natu
2234 4383 2289 4438 in
2309 4383 2470 4439 curia
2495 4389 2873 4454 congregato,
2892 4400 3020 4441 cum
3037 4387 3231 4443 Caesar
3259 4387 3709 4459 advenisset,vi-

2060 4472 2205 4543 ginti
2228 4472 2421 4529 tribus
2436 4472 2647 4529 cultris
2671 4474 2979 4530 senatoriis
2993 4475 3299 4532 confossus
3317 4482 3427 4547 est,
3453 4492 3705 4548 moxque

2063 4565 2336 4619 auctores
2357 4562 2536 4619 caedis
2554 4561 2780 4618 strictis
2800 4562 3151 4634 pugionibus
3176 4563 3230 4619 in
3256 4564 3602 4635 Capitolium
3617 4581 3707 4623 se-

306 4644 617 4706 dictaturae
647 4654 784 4705 ante
818 4664 1028 4705 annum
1062 4650 1271 4706 fuerat.
1334 4649 1551 4706 Deinde
1583 4649 1640 4705 in
1698 4651 1948 4708 Africam
1980 4641 2032 4700 D
2061 4656 2388 4708 cesserunt.
2448 4651 2702 4707 Turbato
2730 4650 2967 4723 populo,
3018 4650 3114 4707 diu
3174 4650 3564 4710 deliberatum
3613 4660 3709 4713 est

307 4737 608 4805 profectus
635 4742 747 4808 est,
802 4738 899 4794 ubi
960 4737 1184 4794 infinita
1245 4740 1632 4795 Romanorum
1674 4739 1951 4797 nobilitas

307 4838 434 4881 cum
451 4827 597 4883 Juba
630 4842 765 4897 rege
797 4827 1157 4884 Mauritaniae
1189 4830 1342 4899 apud
1374 4829 1661 4900 Thapsum
1705 4829 1812 4885 sibi
1834 4829 1951 4886 bel-

308 4912 425 4971 lum
440 4919 843 4988 reparaverat.
865 4918 1052 4974 Duces
1065 4921 1256 4974 autem
1277 4918 1513 4974 Romani
1529 4921 1693 4974 erant
1713 4918 1952 4976 Publius

312 5001 613 5061 Cornelius
649 5005 863 5077 Scipio,
881 5018 953 5061 ex
991 5006 1401 5076 antiquissimo
1417 5021 1630 5077 genere
1663 5005 1951 5078 Scipionis

310 5091 586 5165 Africani,
622 5093 718 5165 qui
742 5094 916 5151 etiam
940 5110 1107 5152 socer
1120 5094 1567 5167 MarciPompeii
1584 5096 1793 5166 fuerat,
1811 5097 1951 5153 Mar-

309 5192 414 5236 cus
446 5182 714 5239 Petreius
742 5181 1065 5255 Varrus'“,
1090 5186 1316 5241 Marcus
1348 5184 1585 5241 Portius
1615 5184 1776 5257 Cato,
1846 5186 1952 5243 Lu-

309 5265 436 5326 cius
449 5269 755 5329 Cornelius
786 5273 1058 5344 Faustus,
1076 5273 1245 5345 Syllae
1269 5273 1577 5331 dictatoris
1602 5273 1775 5333 filius.
1809 5276 1951 5332 Con-

312 5358 400 5412 tra
431 5357 540 5417 hos
586 5360 900 5420 commisso
932 5361 1155 5435 praelio,
1212 5367 1346 5435 post
1396 5365 1609 5422 multas
1654 5364 1950 5423 hominum

2064 4743 2260 4796 utrum
2276 4738 2621 4811 Capitolium
2653 4754 2784 4796 cum
2808 4739 3145 4797 auctoribus
3177 4739 3355 4797 caedis
3392 4744 3709 4812 oporteret

2065 4827 2314 4900 incendi,
2347 4843 2564 4900 corpus
2594 4827 2721 4899 ejus
2757 4833 2986 4901 raptum
3021 4829 3289 4902 populus,
3351 4830 3550 4887 dolore
3606 4831 3710 4888 sti-

2063 4917 2338 4988 mulatus,
2374 4917 2429 4973 in
2464 4917 2590 4973 foro
2622 4917 2962 4989 fragmentis
2985 4917 3363 4977 tribunalium
3392 4934 3457 4977 ac
3481 4921 3709 4978 subsel-

2062 5006 2274 5063 liorum
2308 5006 2610 5063 cremavit.
2646 5008 2860 5063 Eadem
2914 5022 3054 5064 vero
3102 5012 3270 5065 nocte
3303 5024 3430 5080 quae
3486 5009 3708 5069 caedem

2062 5094 2188 5166 ejus
2217 5095 2529 5167 precessit,
2547 5095 2878 5168 Calpurnia,
2899 5112 3043 5154 uxor
3061 5096 3209 5168 ejus,
3234 5097 3381 5155 vidit
3414 5098 3471 5155 in
3487 5100 3710 5159 somnis

2062 5198 2191 5242 eum
2224 5184 2555 5241 confossum
2583 5185 2929 5244 vulneribus
2967 5187 3022 5242 in
3053 5186 3180 5245 sinu
3195 5202 3300 5244 suo
3319 5187 3517 5259 jacere
3542 5206 3557 5257 ;
3580 5203 3711 5247 ora-

2062 5274 2408 5344 vitqueeum
2432 5288 2503 5330 ne
2521 5288 2686 5330 mane
2709 5275 2896 5332 abiret
2920 5276 2976 5332 in
2990 5280 3277 5345 senatum;
3293 5276 3501 5335 sedhic
3521 5279 3712 5351 auspi-

2061 5361 2283 5425 ciorum
2299 5362 2477 5420 verba
2503 5376 2657 5435 saepe
2672 5364 2995 5437 negligens,
3030 5366 3382 5439 contempsit
3396 5368 3707 5445 somnium,

1663 5532 1899 5595 VARIA'Z
1938 5536 2339 5597 LECTIONES.

314 5664 815 5778 m’tges‘tuf.”
832 5674 1403 5778 εἮέὶωθψιξὲιιιειξαηαξζ
1435 5683 1687 5778 1ο.ν11;⁷
1715 5682 1784 5778 ξεί
1821 5680 2539 5778 οιζρφβῃωῃξκξξίμξζως,
2962 5688 3050 5749 11.
3100 5684 3171 5727 ³⁸³
3218 5692 3281 5752 D.
3318 5708 3366 5755 r.
3401 5708 3452 5757 a.
3520 5693 3642 5758 des.
3672 5701 3706 5759 8

430 5746 569 5808 add.
605 5763 755 5808 anno
783 5757 835 5810 δ.
866 5749 938 5787 ³⁸⁸
961 5746 1137 5812 verus
1157 5756 1208 5811 4.
1241 5752 1309 5789 ³⁸⁸
1339 5768 1405 5814 se
1431 5770 1495 5828 ε.
1532 5761 1583 5815 δ.
1617 5755 1687 5793 ³⁸⁷
1715 5756 1786 5814 M.
1819 5756 1996 5818 ﬁliam
2020 5746 2074 5835 p.
2109 5762 2474 5835 nepotesque
2508 5762 2559 5817 δ.
2593 5754 2665 5793 ³⁸⁸
2692 5759 2731 5818 i.
2765 5771 2817 5817 a.
2847 5761 2899 5817 ὅ.
