3932 6430
326 352 444 415 647

1498 347 1983 412 EKKEHARDI
2026 347 2579 411 URAUGIENSIS

3538 392 3547 403 .
3619 350 3738 411 648

333 488 419 544 rei
452 491 642 543 autem
678 484 947 557 probavit
981 490 1247 542 eventus.
1284 486 1432 539 Ante
1492 500 1707 556 paucos
1742 499 1973 555 quoque
2006 484 2058 543 A
2088 486 2182 539 sta
2207 482 2365 540 crede
2383 482 2598 539 delevit
2631 502 2645 551 ;
2682 481 3035 541 Octavianus
3059 485 3511 542 Ctesareatenus
3542 489 3737 541 castra

332 576 459 633 dies
492 578 635 632 bove
657 590 726 630 ex
751 590 908 630 more
938 579 1210 643 mactata,
1242 590 1343 629 cor
1372 574 1425 629 in
1460 574 1611 629 extis
1656 589 1767 630 non
1786 579 1871 629 est
1890 590 1977 630 rc-

331 670 458 737 pert
471 683 495 719 ti
508 680 577 719 m.
614 664 777 729 Quod
801 680 929 719 cum
956 665 1242 735 Spurinna
1260 679 1513 733 aruspex
1532 664 1973 733 pronunciasset

332 753 383 808 ei
415 754 484 809 ad
510 752 642 807 vilic
666 752 988 823 periculum
1026 754 1342 823 pertinere.
1373 755 1565 807 Cir-sar
1599 767 1817 807 memor
1840 769 1976 808 con-

333 841 564 896 stantize
594 841 674 896 ait
705 841 1084 911 :Mimris,si
1112 841 1207 897 bes
1230 857 1344 897 non.
1366 856 1464 897 cer
1486 841 1677 896 habet.
1719 842 1825 896 Sed
1845 858 1975 898 mox

328 931 464 986 vitae
487 929 612 998 ejus
635 929 914 985 ﬁnisfuit.
939 931 1093 985 Idem
1121 930 1404 1001 Spurinna
1442 936 1575 985 ante
1602 946 1819 1001 paucos
1855 932 1973 988 fere

330 1034 511 1074 annos
542 1018 727 1074 eidem
763 1019 977 1074 Ctesari
1004 1019 1251 1084 dixerat,
1273 1021 1565 1076 cavendas
1593 1021 1644 1075 ci
1693 1021 1975 1077 csseldus

327 1107 580 1163 Martias.
617 1107 739 1173 Quo
771 1108 864 1161 die
892 1108 1040 1173 viso,
1071 1108 1152 1162 ait
1206 1110 1507 1179 Spurinnae
1554 1112 1782 1166 Czesar:
1826 1112 1974 1167 [dies

324 1196 858 1252 Jllartz'z'eenermzt.
882 1196 983 1251 Illo
1008 1198 1303 1267 respondit
1330 1199 1483 1255 :Scd
1502 1201 1756 1254 nom/mn.
1781 1200 1974 1257 trans-

322 1286 541 1342 ierit-nt.
564 1286 776 1341 Eodem
803 1284 896 1339 die
921 1286 1115 1341 Caesar
1147 1288 1576 1358 confossusest,
1598 1289 1816 1358 virque
1842 1289 1974 1344 nul-

324 1372 416 1429 lus
448 1387 717 1444 umquam
745 1374 926 1442 magis
953 1375 1122 1430 bellis
1145 1376 1376 1431 enituit.
1408 1377 1541 1445 Ejus
1560 1378 1846 1446 siquidem
1871 1378 1973 1435 du—

324 1467 421 1518 ctu
455 1463 730 1519 undecies
760 1469 993 1520 centum
1019 1465 1330 1534 nonaginta
1360 1464 1474 1520 duo
1502 1466 1654 1521 milia
1675 1466 1969 1523 hominum

324 1566 473 1607 cmsa
501 1557 655 1608 sunt.
688 1553 825 1607 Nam
860 1558 1139 1623 quantum
1196 1553 1366 1608 bellis
1411 1554 1686 1610 civilibus
1730 1556 1968 1626 fuderit,

327 1647 607 1696 annotare
631 1641 834 1696 noluit.
860 1641 1049 1709 Signis
1073 1642 1707 1713 collatisquinquagics
1733 1644 1970 1700 dimica-

324 1729 429 1798 vit,
462 1730 713 1784 Marcum
738 1730 1069 1786 Marcellum
1105 1731 1267 1786 solus
1295 1746 1737 1802 supergressus,
1773 1734 1868 1803 qui
1903 1738 1970 1789 39

325 1817 550 1873 vicibus
586 1819 773 1874 fuerat
807 1818 1123 1889 prreliatus.
1174 1820 1256 1874 Ad
1307 1822 1413 1875 hoc
1466 1821 1661 1877 nullus
1720 1822 2053 1908 celeriusB

326 1907 586 1978 scripsit,
616 1900 783 1963 nemo
818 1909 1075 1964 velocius
1097 1908 1258 1977 legit,
1287 1917 1603 1977 quaternas
1631 1911 1804 1965 etiam
1852 1913 1972 1983 epi-

329 1995 515 2052 stolas
538 1996 709 2052 simul
738 1997 1009 2053 dictavit.
1030 2000 1224 2053 Tanta)
1252 1998 1355 2053 fuit
1382 1999 1680 2061 bonitatis.
1730 2006 1792 2055 ut
1825 2017 1969 2071 quos

326 2086 505 2141 armis
540 2086 874 2157 subegerat,
908 2086 1215 2142 clementia
1251 2088 1432 2157 magis
1470 2089 1706 2144 vicerit.
1751 2089 1839 2142 ³⁸9.
1868 2092 1971 2146 Eo-

325 2173 454 2229 dem
489 2179 750 2245 tempore
772 2177 966 2232 Roma}
1007 2180 1131 2232 tres
1166 2176 1337 2231 simul
1368 2178 1558 2232 exorti
1581 2178 1738 2233 soles
1776 2180 1971 2251 paula-

326 2262 427 2316 tim
456 2262 508 2317 in
526 2264 769 2320 eundem
786 2266 983 2320 orbem
1002 2265 1289 2333 cojerunt.
1326 2267 1483 2321 Inter
1499 2270 1693 2323 cetera
1739 2283 1970 2338 quoque

327 2356 599 2422 portenta
630 2368 758 2423 qua:
794 2353 1152 2410 toto37°orbc
1183 2356 1328 2410 facta
1364 2359 1520 2423 sunt,
1558 2356 1733 2411 bosin
1764 2359 1972 2413 subur-

326 2442 473 2497 bano
504 2442 699 2499 Romae
723 2443 791 2498 ad
825 2445 1334 2501 arantemlocutus
1362 2450 1477 2515 est,
1517 2446 1733 2501 frustra
1781 2462 1842 2502 se
1876 2464 1971 2503 ur-

321 2531 470 2600 geri,
501 2546 614 2588 non
639 2532 790 2589 enim
814 2534 1123 2604 frumenta,
1153 2535 1254 2591 sed
1302 2536 1563 2591 homines
1598 2537 1758 2592 brevi
1811 2537 1971 2593 defu-

324 2625 509 2677 turos.

394 2710 748 2767 Octavianus
772 2715 983 2782 Czesar,
1004 2714 1099 2783 qui
1120 2719 1323 2785 postea
1349 2720 1648 2783 Augustus
1664 2720 1751 2770 est
1775 2717 1969 2789 appel-

324 2797 498 2868 latus,
534 2815 563 2855 a
579 2814 690 2870 quo
704 2804 761 2855 et
784 2802 1060 2871 deinceps
1078 2803 1463 2872 imperatores
1490 2806 1877 2862 Romanorum
1902 2806 1968 2839 δτι

327 2888 556 2955 augusti
581 2887 722 2942 dicti
746 2892 901 2957 sunt,
923 2891 1367 2957 regnavitannis
1399 2897 1483 2960 δῦ,
1520 2898 1587 2949 12
1622 2910 1750 2949 cum
1796 2898 1969 2950 Anto-

322 2974 419 3029 nio
447 2979 505 3029 et
536 2975 769 3046 Lepido,
797 2977 961 3033 solus
990 2994 1129 3034 vero
1161 2983 1227 3033 44
1251 2980 1358 3048 (Cf.
1392 2984 1596 3052 Ηιειι.).
1620 2984 1725 3047 (Η.
1747 2986 1968 3054 m.)IIic

324 3063 563 3119 Octavio
596 3070 761 3135 patre
795 3073 1066 3121 senatore
1088 3068 1674 3137 genitus,matcrnum
1696 3087 1880 3140 genus
1896 3075 1967 3129 ab

322 3154 496 3208 {Enca
530 3170 634 3225 per
661 3155 869 3211 Juliam
888 3157 1158 3212 familiam
1182 3160 1429 3215 sortitus
1455 3164 1563 3227 est,
1585 3161 1740 3215 ﬁlius
1762 3164 1961 3232 Artize,

324 3242 548 3298 sororis
578 3243 995 3315 .IuliiCzesaris,
1024 3261 1192 3315 quem
1227 3247 1323 3302 ille
1339 3248 1641 3319 adeptavit
1688 3250 1738 3303 in
1762 3250 1960 3321 filium,

320 3347 448 3387 cum
473 3347 585 3387 non
617 3333 861 3389 haberet
886 3336 1205 3406 proprium,
1231 3342 1288 3391 et
1308 3340 1665 3393 tes’amento
1691 3339 1964 3395 heredem

320 3421 557 3492 reliquit
588 3438 1096 3494 nomenquesuum
1132 3427 1283 3481 ferro
1310 3427 1966 3497 jussit.Interfcctoigi-

322 3514 420 3565 tur
434 3513 659 3568 Cmsare
679 3512 1052 3569 372avunculo
1077 3529 1204 3583 suo,
1231 3531 1358 3570 cum
1378 3516 1624 3586 primum
1648 3518 1965 3573 rediensab

322 3598 625 3669 Apollonia
661 3602 1317 3671 Urbemingrederctur,
1338 3603 1475 3660 hera
1507 3605 1959 3676 circitertcrcia,

322 3693 566 3758 repente
598 3688 818 3759 liquide
841 3705 905 3745 ac
928 3706 1074 3760 puro
1108 3707 1313 3746 sereno
1337 3693 1405 3747 ad
1433 3694 1686 3763 speciem
1709 3695 1963 3751 caelestis

320 3790 493 3832 arcus
524 3778 723 3832 orbem
740 3778 879 3833 solis
903 3780 1102 3833 ambiit
1136 3779 1414 3845 circulus,
1435 3781 1597 3850 quasi
1641 3798 1770 3838 eum
1788 3784 1964 3854 potis-

322 3867 529 3921 simum
554 3867 608 3921 in
657 3868 871 3923 mundo
926 3868 1229 3939 solumque
1272 3870 1660 3926 clarissimum
1724 3873 1778 3928 in
1821 3876 1963 3931 orbe

316 3959 695 4027 monstraret,
727 3957 898 4027 cujus
952 3962 1214 4029 tempore
1239 3961 1576 4016 nasciturus
1630 3967 1808 4033 esset,
1865 3964 1961 4033 qui

312 4044 499 4115 ipsum
523 4044 703 4101 solem
751 4044 911 4102 solus
941 4048 1333 4123 mundumque
1364 4055 1550 4106 totum
1610 4057 1666 4107 et
1729 4053 1961 4109 fecisset

310 4136 370 4189 et
390 4139 638 4202 regeret.

383 4224 545 4279 Anno
570 4223 766 4294 itaque
788 4226 860 4281 ab
891 4226 1045 4281 Urbe
1081 4227 1314 4283 condita
1340 4233 1444 4284 709
1469 4228 1779 4286 interfecto
1803 4229 1958 4286 Julio

312 4311 560 4381 Ctesare,
600 4312 749 4368 bella
770 4314 963 4370 civilia
989 4322 1258 4385 reparata
1304 4321 1460 4373 sunt.
1502 4319 1959 4375 Percussoribus

311 4400 462 4455 enim
497 4402 744 4457 Ctesaris
762 4403 988 4459 favebat
1007 4410 1247 4461 senatus
1273 4408 1583 4473 ;Antonius
1607 4413 1801 4464 autem
1822 4422 1958 4463 con-

312 4489 538 4561 su1,qui
580 4497 706 4547 erat
741 4494 993 4564 partium
1022 4496 1284 4563 Caesaris,
1334 4497 1609 4553 civilibus
1653 4498 1823 4553 bellis
1853 4512 1957 4553 eos

2088 572 2428 628 custodivit.
2462 572 2723 628 Secunda
2756 574 3040 629 adversus
3064 574 3374 630 Antonium
3409 587 3600 644 pugna
3624 588 3738 628 ma-

2087 676 2216 729 gna:
2238 662 2530 732 utrimque
2557 669 2786 731 strages
2802 664 2969 718 factae
2985 666 3141 732 sunt,
3167 662 3398 718 Hircius
3416 662 3621 718 consul
3641 678 3735 719 oc-

2087 751 2541 820 ciditnr,Czesar
2554 752 2799 807 victoria
2822 751 3391 823 potitur;consulum
3406 752 3731 807 occisorum

2086 843 2336 910 uterque
2353 841 2656 896 exercitus
2684 841 3000 897 Octaviano
3020 840 3231 896 Ctesari
3251 840 3541 896 subditur.
3559 843 3734 896 Anto-

2086 927 2219 983 nius
2246 929 2502 999 fugatus,
2530 931 2743 985 amisso
2764 930 3050 996 exercitu,
3067 928 3414 997 confugitad
3434 928 3727 1000 Lepidum,

2088 1018 2183 1087 qui
2217 1024 2358 1074 tunc
2392 1020 2671 1088 magister
2703 1019 2962 1090 equitum
3002 1019 3244 1075 Caesaris
3283 1018 3489 1089 fuerat,
3518 1024 3578 1074 et
3608 1022 3726 1074 tum

2084 1107 2330 1163 militum
2366 1108 2567 1177 copias
2598 1107 2851 1178 grandes
2906 1108 3176 1164 habebat.
3212 1109 3256 1162 A
3286 1122 3399 1177 quo
3422 1112 3727 1178 susceptus

2083 1200 2193 1259 est,
2220 1194 2936 1265 ipsoqueinterveniente,
2973 1197 3164 1251 Cresar
3211 1195 3431 1266 recepit
3483 1210 3610 1250 eum
3666 1194 3721 1249 in

2083 1284 2353 1355 gratiam,
2389 1291 2564 1355 atque
2595 1286 2669 1340 ob
2693 1286 2861 1340 fidem
2896 1284 3287 1340 reconciliatae
3319 1284 3523 1353 gratiae
3549 1283 3722 1339 filiam

2084 1373 2210 1442 ejus
2243 1374 2294 1428 in
2317 1373 2747 1430 matrimonium
2773 1373 2840 1407 ³⁷⁸
2857 1374 3105 1431 sortitus
3135 1377 3226 1428 est
3253 1392 3268 1441 ;
3293 1377 3352 1428 et
3375 1377 3437 1428 ut
3474 1372 3725 1429 vindica-

2087 1466 2493 1533 turuspatrem
2518 1466 2863 1527 C:esarem;a
2891 1478 3004 1534 quo
3022 1466 3542 1534 pertestamentum
3555 1461 3725 1518 heres

2085 1551 2403 1623 adoptatus
2434 1554 2651 1621 fuerat,
2678 1553 2915 1608 Romam
2930 1568 3057 1608 cum
3088 1550 3723 1619 exercitutendebat,et

2082 1658 2211 1698 cum
2250 1642 2501 1698 Antonio
2525 1657 2590 1697 ac
2609 1641 2820 1712 Lepido
2843 1656 2962 1697 rem
2990 1640 3278 1712 publicam
3302 1640 3474 1696 armis
3491 1640 3727 1695 tenebat

2083 1734 2142 1785 et
2174 1727 2242 1761 ³⁷³
2276 1734 2545 1784 senatum
2574 1728 3029 1799 proscripserat.
3057 1728 3310 1796 Cumque
3340 1741 3533 1783 rumor
3559 1725 3727 1782 defu-

2084 1824 2214 1875 tura
2241 1817 2675 1889 proscriptione
2703 1818 2754 1872 in
2791 1818 2945 1873 Urbe
2968 1820 3135 1872 ortus
3167 1825 3343 1885 esset,
3361 1815 3530 1871 Gaius
3557 1816 3724 1871 Tora-

2084 1923 2193 1964 nus
2223 1906 2291 1940 ³⁷⁸
2325 1907 2410 1962 vir
2431 1907 2729 1978 pretorius
2747 1905 2919 1962 nichil
2947 1906 3062 1961 tale
3087 1905 3413 1975 suapicans,
3431 1904 3725 1960 incursan-

2084 1999 2244 2053 tibus
2278 1997 2586 2060 militibus,
2615 1997 2670 2051 in
2704 1997 2875 2051 domo
2898 2010 3005 2052 sua
3029 1995 3372 2051 interfectus
3394 1993 3721 2064 est,aliique

2083 2087 2420 2158 complures
2454 2085 2521 2119 ³⁷⁷
2546 2085 2772 2142 nobiles
2798 2085 3071 2141 trucidati
3098 2089 3253 2141 sunt.
3280 2085 3389 2140 Sed
3445 2097 3513 2139 ne
3552 2083 3725 2139 incir-

2082 2177 2438 2247 cumscripta
2473 2175 2665 2231 czedes
2689 2175 3030 2231 effrenatius
3055 2180 3347 2244 ageretur,
3377 2178 3476 2231 132
3496 2176 3724 2229 senato-

2084 2282 2209 2321 rum
2241 2265 2469 2321 nomina
2496 2266 2552 2319 in
2577 2264 2771 2320 tabula
2792 2264 3091 2335 proposita
3118 2267 3272 2331 sunt,
3308 2263 3547 2335 primum
3564 2261 3724 2332 [cpi-

2083 2355 2137 2409 di
2174 2360 2447 2426 precepto
2470 2359 2525 2410 et
2543 2353 3022 2423 nomine,deinde
3046 2352 3499 2421 Antonii,tercio
3539 2354 3722 2408 Caesa-

2084 2443 2277 2499 ris.Ibi
2304 2444 2593 2499 Antonius
2616 2442 2863 2499 Tullium
2882 2442 3216 2498 Ciceronem
3243 2441 3530 2497 inimicum
3553 2455 3720 2497 suum

2084 2534 2532 2605 proscripserat,
2557 2532 2790 2588 Lucium
2817 2547 3048 2602 quoque
3074 2532 3353 2588 Caesarem
3377 2530 3722 2587 avunculum

2085 2638 2274 2691 suum,
2291 2621 2522 2692 etquod
2549 2621 2957 2691 exaggerando
2980 2620 3189 2676 sceleri
3206 2620 3471 2690 accessit,
3493 2618 3725 2675 viduam

2083 2716 2328 2767 matrem
2364 2712 2721 2783 proscripsit
2754 2755 2767 2777 ,
2804 2711 2881 2765 ibi
2910 2710 3158 2781 Lepidus
3205 2710 3438 2766 Lucium
3486 2707 3724 2764 Paulum

2084 2801 2323 2855 fratrem
2358 2800 2410 2855 in
2445 2800 2691 2855 eundem
2710 2800 3172 2870 proscriptorum
3197 2813 3427 2868 gregem
3451 2796 3719 2866 conjecit;

2082 2890 2413 2960 adjectique
2434 2895 2569 2945 sunt
2595 2895 2797 2960 postea
2827 2889 3063 2957 triginta
3087 2888 3313 2958 equites
3338 2886 3570 2943 Romani
3596 2885 3713 2954 (Cf.

2082 2978 2256 3049 Onus,
2290 2995 2364 3045 γι,
2404 2984 2485 3036 18.
2513 2980 2679 3033 -Η.
2707 2978 3039 3051 m.),Mult:e
3071 2983 3130 3033 et
3165 2976 3335 3033 variae
3381 2975 3576 3031 clades
3620 2974 3720 3032 diu

2081 3074 2227 3123 actae
2248 3072 2403 3136 sunt,
2423 3068 2631 3123 domus
2656 3065 3406 3138 proscriptorum,direptis
3428 3064 3717 3135 omnibus,

2080 3155 2290 3212 dirutte
2323 3157 2710 3211 sunt.[nterea
2740 3157 2952 3212 Brutus
2978 3162 3037 3211 et
3063 3154 3718 3211 Cassiusinterfcctores

2080 3246 2199 3300 Gaii
2235 3246 2501 3315 Caesaris,
2540 3246 2744 3315 ingens
2763 3244 2975 3301 bellum
2992 3250 3298 3300 moverunt
3332 3249 3532 3311 ;erant
3563 3242 3717 3300 enim

2080 3349 2181 3405 per
2207 3335 2595 3392 Macedoniam
2617 3341 2674 3389 ct
2706 3336 2990 3391 orientem
3026 3334 3189 3390 multi
3226 3334 3521 3390 exercitus
3569 3348 3720 3403 quos

2077 3429 2527 3494 occupaverant.
2559 3424 2657 3494 (Η.
2688 3427 2756 3481 R.
2784 3431 2843 3481 et
2866 3425 2943 3480 Η.
2966 3426 3068 3495 m.)
3089 3423 3339 3480 Profecti
3381 3426 3513 3478 sunt
3539 3421 3720 3490 igitur

2077 3518 2280 3568 contra
2315 3529 2413 3568 eos
2438 3514 2791 3569 Octavianus
2818 3516 3011 3569 Caesar
3043 3517 3099 3567 et
3149 3513 3369 3568 Marcus
3410 3510 3715 3581 Antonius,

2078 3603 2291 3673 Lepido
2325 3604 2393 3657 ad
2423 3604 2840 3658 defendendam
2862 3602 3082 3657 Italiam
3107 3606 3463 3663 remanente.
3486 3610 3540 3656 ct
3561 3600 3719 3670 apud

2076 3691 2375 3763 Philippos
2406 3694 2748 3749 Macedoniae
2779 3693 3079 3749 civitatem
3104 3698 3312 3749 contra
3341 3705 3439 3747 eos
3466 3704 3718 3761 pugnan-

2078 3786 2187 3845 tes,
2228 3782 2410 3851 primo
2436 3782 2639 3852 praelio
2664 3783 2957 3838 victisunt
2995 3782 3206 3852 ;pcriit
3271 3785 3456 3837 tamen
3480 3779 3594 3835 dux
3618 3794 3725 3835 no-

2077 3870 2325 3926 bilitatis
2345 3872 2609 3939 Cassius;
2646 3872 2904 3928 secundo
2948 3872 3187 3927 Brutum
3221 3875 3281 3926 et
3310 3869 3587 3924 infinitam
3616 3882 3723 3923 no-

2078 3959 2363 4016 bilitatem
2388 3961 2566 4016 vitam
2588 3961 3108 4027 interfecerunt;ac
3134 3960 3219 4016 sic
3242 3959 3394 4014 inter
3414 3972 3515 4014 eos
3533 3956 3718 4014 divisa

2074 4054 2163 4105 est
2199 4065 2290 4105 res
2322 4050 2574 4121 publica,
2608 4057 2672 4105 ut
2703 4051 2896 4105 Caesar
2934 4048 3279 4120 [Iyspaniam
3311 4051 3368 4103 et
3412 4045 3623 4102 Gallias
3651 4051 3716 4101 et

2072 4137 2294 4193 Italiam
2321 4142 2547 4194 teneret
2582 4138 2867 4195 Antonius
2891 4139 3105 4207 Asiam,
3131 4138 3377 4193 Pontum
3422 4139 3477 4191 et
3528 4134 3721 4190 orien-

2072 4232 2216 4282 tem.
2258 4228 2369 4283 Sed
2404 4228 2459 4282 in
2502 4228 2663 4284 Italia
2724 4227 2941 4283 bellum
2994 4226 3168 4282 civile
3201 4229 3457 4282 moverat
3509 4224 3718 4281 Lucius

2073 4317 2360 4372 Antonius
2378 4316 2601 4386 consul,
2640 4317 2821 4373 frater
2840 4317 2968 4387 ejus
2997 4316 3094 4387 qui
3125 4330 3254 4372 cum
3313 4315 3533 4370 Caesare
3581 4328 3719 4370 con-

2073 4409 2162 4461 tra
2195 4407 2433 4462 Brutum
2457 4411 2515 4462 et
2548 4407 2806 4462 Cassium
2824 4405 3140 4462 dimicavit.
3167 4406 3220 4460 Is
3241 4404 3392 4476 apud
3412 4402 3714 4459 Perusiam

2071 4496 2291 4551 Tusciae
2322 4496 2619 4551 civitatem
2654 4496 2848 4551 victus
2870 4498 2924 4551 et
2956 4499 3165 4567 captus
3188 4499 3299 4562 est,
3347 4492 3449 4550 sed
3480 4506 3586 4548 non
3616 4506 3716 4548 oc-

311 4580 1002 4651 obprimereconabatur.
1029 4587 1178 4654 Ergo
1197 4587 1427 4641 turbata
1446 4602 1506 4641 re
1533 4587 1786 4657 publica,
1806 4588 1957 4642 inter
1986 4589 2041 4652 D
2071 4585 2247 4641 cisus.
2284 4588 2355 4641 At
2388 4587 2582 4642 Romae
2612 4585 2828 4655 Fulvia,
2856 4600 3004 4641 uxor
3034 4583 3290 4654 Antonii,
3348 4597 3550 4639 socrus
3600 4583 3714 4639 Cte-

308 4669 489 4726 multa
520 4671 746 4727 scelera
773 4688 899 4743 qua)
917 4675 1200 4730 Antonius
1224 4675 1532 4731 commisit.
1570 4676 1803 4731 Decium
1828 4678 1960 4733 Bru-

304 4760 429 4815 tum
444 4760 598 4830 apud
612 4761 883 4818 Mutinam
900 4762 1248 4819 absiditione
1261 4764 1572 4819 conclusit.
1592 4766 1703 4820 Pro
1718 4780 1826 4837 qua
1848 4781 1911 4822 re
1926 4782 1957 4823 a

309 4852 513 4904 senatu
537 4848 1047 4920 hostisjuuicatus
1073 4857 1185 4921 est,
1215 4852 1494 4922 missique
1510 4858 1645 4910 sunt
1676 4854 1745 4909 ad
1782 4868 1958 4926 expu-

304 4937 596 5006 gnandum
629 4953 760 4995 eum
786 4940 900 4995 duo
933 4941 1229 5011 consules,
1275 4943 1460 4997 Pansa
1485 4946 1545 4998 et
1590 4943 1842 5015 Hircius,
1896 4950 1954 5000 et

303 5042 435 5084 cum
463 5029 554 5086 his
586 5030 941 5085 Octavianus
964 5029 1325 5099 adolescens,
1357 5037 1532 5089 natus
1555 5049 1738 5090 annos
1760 5033 1829 5067 ³⁷³
1864 5039 1948 5091 17.

303 5116 384 5171 Ex
415 5118 629 5190 quibus
660 5120 841 5175 Pansa
858 5119 1046 5191 primo
1063 5120 1322 5191 veniens,
1342 5122 1457 5193 pilo
1475 5123 1737 5193 graviter
1757 5123 1957 5180 vulne-

299 5211 487 5278 ratur,
520 5212 581 5264 et
604 5208 970 5280 interpositis
1000 5209 1207 5267 diebus
1240 5213 1489 5269 moritur
1516 5231 1531 5281 ;
1558 5213 1794 5270 IIircius
1816 5227 1954 5269 vero

303 5295 547 5369 collega
579 5297 859 5356 auxilium
894 5299 1109 5372 ferens,
1132 5315 1370 5373 magnas
1394 5303 1955 5374 Antoniicopiasva-

2071 4676 2245 4740 saris,
2280 4674 2637 4732 dominatum
2698 4678 2758 4732 ut
2820 4674 3032 4732 mulier
3072 4674 3406 4748 exercebat,
3458 4669 3715 4729 insolens

2071 4765 2244 4821 etiam
2263 4764 2317 4820 in
2341 4779 2441 4821 eos
2470 4780 2574 4836 per
2596 4780 2742 4835 quos
2765 4769 2827 4821 ut
2862 4764 3244 4835 insolesceret
3266 4762 3546 4832 agebatur
3569 4761 3716 4827 ;Cze-

2071 4870 2258 4913 sarem
2285 4870 2516 4927 quoque
2538 4855 2912 4912 contumeliis
2934 4860 2991 4912 et
3026 4854 3255 4911 insidiis
3286 4853 3453 4925 petiit
3476 4866 3535 4917 ;a
3595 4865 3711 4923 quo

2072 4944 2441 5018 propulsata,
2463 4944 2535 5001 ad
2567 4946 2875 5001 Antonium
2904 4944 2958 5001 in
2984 4944 3244 5002 Greciam
3268 4941 3572 5000 concessit.
3598 4942 3718 4995 An-

2070 5035 2264 5091 tonius
2312 5048 2452 5090 vero
2502 5033 2677 5090 etiam
2732 5034 3055 5105 Octaviam,
3124 5046 3382 5089 sororem
3443 5029 3710 5099 Caesaris,

2069 5121 2237 5178 duxit
2270 5136 2528 5177 uxorem.
2566 5121 2801 5177 Interim
2826 5136 2855 5177 a
2882 5122 3058 5177 Sexto
3081 5122 3374 5191 Pompeio,
3398 5117 3717 5174 GneiPom-

2070 5211 2181 5282 peii
2217 5210 2357 5280 filio,
2384 5211 2589 5281 ingens
2613 5210 2826 5268 bellum
2852 5210 2908 5266 in
2952 5207 3146 5267 Sicilia
3195 5213 3541 5266 commotum
3592 5210 3710 5277 est,

2067 5300 2351 5358 adversus
2373 5315 2543 5373 quem
2575 5301 2930 5360 Octavianus
2958 5302 3151 5359 Caesar
3172 5303 3233 5356 et
3278 5299 3504 5356 Marcus
3534 5297 3716 5354 Anto-

1676 5472 1910 5534 VARle
1952 5472 2352 5534 LECTIONES.

382 5618 1310 5702 “"vincgretyel_vicerit_§.~f"°
1338 5641 1500 5685 exeo
1529 5626 1677 5702 9°17}
1734 5643 1780 5685 r.
1839 5628 1976 5702 imp.
2038 5634 2087 5686 δ.
2128 5627 2196 5661 ³⁷³
2252 5626 2405 5697 Julio
2436 5627 2662 5687 Casare
2719 5628 2768 5683 5.
2828 5622 2897 5660 ³⁷³
2949 5637 3134 5683 annos
3188 5636 3244 5681 ιι.
3310 5627 3361 5680 ὕ.
3395 5620 3463 5657 ³⁷⁸
3513 5619 3717 5681 matri—

312 5692 508 5751 monio
530 5699 581 5753 5.
614 5693 684 5729 ³⁷⁸
731 5696 897 5758 deest
913 5700 963 5755 4.
1000 5703 1076 5757 9°.
1106 5697 1176 5734 ³⁷⁸
1201 5699 1460 5758 Thorans
1492 5705 1568 5758 9°.
1602 5690 1670 5735 "7
1722 5714 1893 5774 quam
1921 5690 2124 5775 'plures
2181 5703 2230 5757 5.
2354 5696 2357 5697 ⁷
3056 5704 3057 5707 “
