3932 6418
145 371 284 440 649
1079 370 1520 443 CHRONICA.
1551 410 1629 423 -—
1658 374 2133 440 CHRONICON
2175 370 2701 442 UNIVERSALE
3486 381 3605 445 650

151 513 301 572 nius
333 515 790 584 pugnaverunt;
820 509 924 566 sed
960 524 1071 581 pax
1097 508 1167 543 ³⁷⁸
1198 510 1351 566 inter
1387 524 1490 567 eos
1539 513 1835 582 postremo
1866 509 1923 570 A
1951 524 2263 568 occurrere
2294 512 2583 584 imperans
2616 524 2857 569 uxorem
2886 511 3072 568 duxit.
3105 511 3231 569 Mox
3262 511 3464 582 ingens
3487 513 3605 571 bel-

151 602 484 660 convenit.
521 601 702 668 Quam
732 613 864 655 cum
913 603 1114 670 postea
1162 599 1468 671 Pompeius
1514 602 1834 671 rumperet,
1954 597 2599 671 lumcivilecommovit,
2629 599 3604 673 cogenteCleopatra,dumcupidi-

158 690 447 762 Agrippa
471 691 641 761 jussu
672 688 921 744 Caesaris
947 701 1081 744 cum
1113 701 1182 742 eo
1223 687 1509 758 conﬂixit,
1554 691 1615 743 et
1657 686 1838 751 vicit;
1953 689 2074 742 tate
2093 686 2362 743 muliebri
2385 686 2549 758 cupit
2572 686 2747 742 etiam
2773 686 3607 759 inUrheregnare.Profectus

156 785 424 836 centum
458 776 765 847 sexaginta
784 780 909 832 tres
931 789 1111 833 naves
1134 776 1259 846 ejus
1284 781 1382 832 aut
1403 775 1605 832 mersit
1628 778 1728 831 aut
1751 788 1843 831 ce-
1951 780 2045 830 est
2075 776 2254 844 igitur
2284 777 2478 832 Caesar
2508 791 2537 832 a
2574 775 2896 832 Brundusio
2927 774 3210 831 Calabrize
3241 775 3297 830 in
3347 776 3598 847 Epyrum

157 869 251 941 pit
282 886 300 936 ;
332 866 660 939 Pompeius
685 880 816 922 cum
847 867 913 921 l7
951 864 1048 920 vix
1092 863 1288 935 lapsus
1335 864 1545 920 evasit.
1595 861 1845 935 Lepidus
1953 864 2237 922 adversus
2253 866 2582 935 Antonium,
2608 864 2840 936 quijam
2854 879 3022 921 omne
3037 864 3265 921 Actium
3289 864 3429 923 litus
3452 867 3603 924 clas-

158 968 424 1028 quoque
457 968 661 1025 magna
691 953 897 1023 viginti
930 951 1221 1022 legionum
1254 951 1565 1009 insolentia
1587 955 1841 1021 tumens,
1957 953 2122 1011 sibus
2151 954 2479 1012 obsidebat.
2511 956 2699 1010 Naves
2729 953 2974 1009 Caesaris
3002 958 3167 1009 erant
3201 953 3601 1011 ducentaetri-

157 1058 304 1101 cum
338 1045 676 1101 Messanam
710 1040 997 1097 militibus
1029 1039 1365 1111 permissam
1387 1039 1456 1073 ³⁷⁸
1477 1039 1842 1111 diripuisset,
1954 1040 2113 1111 ginta
2139 1046 2409 1099 rostratas
2431 1047 2492 1098 et
2513 1046 2581 1098 30
2603 1042 2727 1099 sine
2748 1040 2963 1100 rostris
2986 1041 3275 1111 triremes,
3302 1046 3358 1097 et
3374 1047 3509 1099 octo
3526 1043 3601 1099 le-

162 1132 374 1203 ipsum
394 1134 684 1188 Caesarem
708 1130 777 1185 ad
795 1143 856 1185 se
879 1128 1206 1184 venientem
1233 1126 1412 1183 semel
1436 1130 1610 1198 atque
1634 1127 1845 1183 iterum
1955 1130 2160 1199 giones
2190 1130 2366 1187 classi
2391 1129 2779 1203 superpositae
2802 1130 3020 1200 absque
3041 1130 3384 1187 cohortibus
3407 1136 3602 1201 preto-

162 1220 439 1291 sprevit.
475 1234 541 1275 ac
560 1218 761 1290 potius
784 1217 920 1273 telis
940 1215 1139 1288 appeti
1157 1215 1336 1286 jUSSii
1360 1232 1375 1281 ;
1399 1230 1527 1286 qum
1551 1214 1649 1270 ille
1670 1213 1849 1271 colle-
1960 1219 2064 1275 riis
2088 1219 2362 1291 quinque.
2389 1219 2600 1277 Classis
2621 1222 2813 1276 autem
2838 1219 3069 1275 Antonii
3097 1222 3200 1273 170
3220 1220 3449 1275 navium
3467 1221 3597 1291 fuit,

165 1313 268 1365 cta
306 1308 369 1364 in
406 1307 621 1365 laevum
656 1305 958 1362 brachium
987 1305 1221 1361 lacerna
1256 1303 1594 1376 repellendo
1617 1302 1843 1360 vitavit.
1959 1313 2238 1379 quantum
2271 1323 2512 1366 numero
2541 1307 2774 1377 cedens,
2807 1310 3033 1364 tantum
3054 1306 3449 1376 magnitudine
3473 1324 3602 1380 pre-

166 1398 307 1453 Mox
339 1396 611 1452 immisso
640 1409 790 1465 equo
822 1393 893 1450 ad
926 1407 1064 1449 suos
1106 1406 1396 1463 reversus,
1438 1392 1847 1462 instructoque
1957 1395 2217 1463 cellens;
2252 1411 2381 1453 nam
2405 1398 2605 1454 decem
2626 1396 2838 1468 pedum
2861 1394 3173 1451 altitudine
3197 1409 3226 1449 a
3249 1396 3391 1451 mari
3413 1397 3602 1452 exccl»

170 1484 484 1555 exercitu,
519 1485 801 1541 adversus
832 1480 1107 1553 Lepidum
1132 1481 1405 1553 iveniens,
1447 1480 1729 1552 plurimas
1770 1479 1849 1535 le-
1959 1482 2175 1542 lebant.
2210 1487 2512 1542 Famosum
2546 1485 2651 1541 hoc
2682 1484 2897 1541 bellum
2930 1482 3058 1553 fuit,
3088 1484 3161 1540 ab
3203 1484 3343 1539 hora
3398 1485 3599 1555 quinta

168 1576 394 1645 giones
447 1573 598 1644 ejus,
650 1571 856 1643 paucis
906 1570 1256 1641 interfectis,
1306 1570 1363 1626 in
1408 1584 1570 1626 suam
1618 1573 1848 1640 partem

171 1662 449 1720 transire
474 1660 688 1730 coegit.
718 1659 968 1731 Lepidus
988 1658 1590 1729 tandemintelligens,
1613 1672 1728 1729 quo
1743 1671 1848 1714 sua
1958 1676 2089 1718 cum
2119 1663 2387 1733 sequenti
2422 1665 2591 1719 nocte
2624 1662 2679 1717 in
2711 1661 3019 1718 victoriam
3051 1660 3297 1716 Caesaris
3349 1660 3603 1717 declina-

173 1751 422 1809 vanitas
448 1749 739 1819 tenderet,
774 1747 1045 1820 deposito
1069 1746 1503 1818 paludamento,
1524 1750 1849 1817 assumpta-
1957 1750 2061 1807 vit.
2096 1752 2263 1808 Prior
2294 1752 2601 1824 Cleopatra
2634 1750 2833 1821 regina
2855 1753 3071 1806 cum60
3101 1749 3485 1806 velocissimis
3509 1766 3604 1806 na-

176 1854 297 1913 que
326 1841 504 1930 veste
535 1836 714 1930 pulla,
749 1835 1001 1908 supplex
1037 1835 1248 1930 Caesari
1298 1836 1510 1930 factus,
1564 1834 1845 1930 vitamuet
1873 1865 1932 1930 Β
1958 1838 2130 1895 vibus
2161 1838 2308 1908 fugit
2333 1856 2347 1906 ;
2372 1837 2657 1895 Antonius
2680 1850 2931 1930 quoque,
2955 1836 3220 1892 detracto
3243 1836 3453 1907 insigni
3480 1853 3604 1908 pre-

176 1925 719 1998 bonaimpetravit,
738 1928 1024 1997 perpetuo
1037 1923 1271 1995 quidem
1285 1924 1630 1997 emendatus
1643 1922 1843 1980 exilio.
1873 1922 1927 1930 “’
1957 1927 2129 1983 torite
2161 1927 2342 1996 navis,
2378 1926 2690 1996 fugientem
2720 1923 2788 1958 ³³⁸
2809 1929 3052 1981 secutus
3071 1928 3163 1980 est
3188 1939 3447 1980 uxorem.
3469 1924 3604 1981 Illu-

176 2016 287 2089 (Cf.
325 2016 512 2072 Onos.
550 2013 590 2070 ι.
627 2014 665 2070 ι.
696 2013 775 2069 Η.
806 2014 910 2085 m.)
941 2013 1043 2069 His
1074 2012 1445 2083 temporibus
1487 2012 1741 2084 Agrippa
1790 2010 1846 2067 in
1959 2021 2231 2072 cescente
2255 2015 2369 2084 jam
2402 2014 2517 2085 die,
2563 2014 2871 2070 victoriam
2920 2014 3111 2069 Caesar
3156 2015 3597 2070 consummavit.

180 2103 513 2177 Aquitania
542 2116 663 2157 rem
696 2115 977 2173 prospere
1008 2100 1450 2171 egit,etLucius
1464 2097 1849 2156 Ventidius”o
1959 2103 2244 2160 Antonius
2273 2103 2453 2173 igitur
2481 2102 2677 2173 gladio
2706 2117 2769 2159 se
2795 2101 3314 2172 transverberavit,
3340 2116 3406 2157 ac
3430 2102 3601 2158 semi-

180 2193 410 2249 Bassus
440 2191 837 2261 irrumpentes
860 2189 916 2245 in
940 2188 1161 2259 Syriam
1186 2189 1393 2245 Persas
1412 2187 1607 2244 tribus
1630 2186 1849 2258 prmliis
1957 2192 2163 2253 animis
2189 2192 2261 2248 ad
2295 2191 2661 2263 Cleopatram
2681 2190 2738 2245 in
2757 2190 3112 2246 mausoleum
3135 2190 3379 2260 regium,
3407 2191 3461 2245 in
3487 2206 3602 2261 quo

181 2281 352 2350 vicit,
385 2279 742 2336 Parthorum
775 2278 931 2347 regis
960 2275 1169 2333 Orodis
1196 2275 1376 2333 ﬁlium
1409 2274 1726 2346 interfecit,
1774 2289 1846 2331 eo
1958 2296 2021 2337 se
2050 2280 2147 2337 illa
2167 2280 2448 2337 moritura
2471 2279 2837 2348 condiderat,
2863 2277 3128 2350 perlatus
3149 2285 3259 2333 est.
3289 2278 3598 2351 CleOpatra

182 2369 315 2441 ipso
345 2368 447 2424 die
472 2382 588 2438 quo
610 2366 747 2423 olim
773 2365 998 2422 Orodes
1019 2378 1121 2438 per
1145 2364 1353 2421 ducem
1375 2364 1653 2420 Surenam
1683 2363 1847 2420 Cras-
1956 2382 2096 2425 vero
2122 2372 2402 2425 exornata
2434 2367 2686 2424 diversis
2719 2365 3078 2423 ornamentis
3109 2366 3177 2422 ad
3203 2367 3485 2423 Caesarem
3509 2382 3604 2423 ve-

185 2472 313 2515 sum
345 2455 591 2513 occidit.
625 2456 847 2512 Taurus
875 2468 1108 2526 quoque
1137 2452 1385 2510 Caesaris
1413 2452 1711 2524 profectus
1761 2455 1847 2508 to-
1957 2457 2063 2528 nit,
2097 2471 2341 2530 sperans
2369 2472 2499 2513 eum
2520 2460 2582 2512 ut
2606 2460 2841 2512 ceteros
2862 2469 2965 2511 sua
2989 2454 3184 2526 specie
3206 2456 3276 2510 ad
3303 2455 3601 2512 lidibinem

180 2549 301 2603 tam
333 2559 488 2619 pene
518 2544 772 2600 Siciliam
803 2543 959 2599 ferro
990 2544 1440 2615 pertemptatam
1473 2541 1531 2597 in
1564 2540 1734 2597 fidem
1758 2554 1846 2596 re-
1957 2545 2198 2603 illicere.
2230 2546 2340 2602 Sed
2372 2546 2469 2602 ille
2492 2560 2552 2603 se
2586 2545 2737 2601 intra
2770 2543 3116 2616 pudiciciam
3153 2549 3444 2609 coartans,
3475 2559 3600 2601 eam

184 2634 366 2707 cepit.
423 2632 827 2702 Quadraginta
890 2637 1144 2702 quatuor
1200 2629 1463 2699 legiones
1513 2630 1622 2686 sub
1669 2628 1843 2686 unius
1955 2636 2180 2708 sprevit
2210 2639 2271 2691 et
2299 2633 2587 2691 custodiri
2622 2632 2901 2706 precepit.
2940 2634 3123 2704 (Jonn.
3158 2634 3245 2689 De
3270 2647 3322 2689 ν.
3351 2635 3425 2704 s.)
3462 2633 3598 2699 Quae

182 2727 322 2779 tunc
356 2720 432 2755 ⁸⁸³
464 2720 712 2793 imperio
744 2718 989 2776 Caesaris
1013 2722 1199 2774 erant.
1226 2716 1389 2774 Unde
1411 2716 1629 2773 milites
1652 2716 1846 2773 mulii-
1957 2724 2054 2781 ubi
2087 2739 2149 2780 se
2181 2724 2251 2781 ad
2282 2723 2640 2795 triumphum
2664 2722 2888 2779 servari
2912 2720 3223 2792 intellexit,
3249 2736 3279 2777 e
3329 2724 3605 2781 custodia

182 2810 392 2868 tudine
424 2811 655 2866 feroces
688 2808 968 2879 quosdam
1000 2822 1107 2879 pro
1147 2806 1505 2878 accipiendis
1550 2806 1707 2876 agris
1757 2809 1847 2862 tu-
1957 2813 2179 2883 elapsa,
2207 2812 2262 2868 in
2287 2811 2645 2868 mausoleum
2669 2826 2836 2868 suum
2860 2825 2921 2867 se
2946 2809 3190 2880 recepit,
3216 2810 3410 2881 ibique
3434 2815 3605 2869 maxi-

187 2898 411 2956 multus
441 2898 869 2955 excitaverant.
905 2897 1015 2952 Sed
1049 2899 1261 2967 Caesar,
1304 2894 1493 2951 animo
1522 2895 1744 2966 ingens,
1780 2900 1848 2952 20
1961 2916 2105 2972 mos,
2141 2906 2205 2957 ut
2232 2901 2477 2970 solebat,
2511 2901 2712 2978 induta
2743 2899 2961 2970 cultus,
2994 2899 3049 2955 in
3080 2900 3299 2955 referto
3320 2902 3602 2960 odoribus

1959 1588 2142 1644 usque
2165 1574 2469 1645 septimam
2494 1574 2715 1630 incerta
2737 1572 3006 1629 vincendi
3030 1584 3152 1642 spe,
3181 1572 3468 1642 reliquum
3487 1572 3602 1628 diei

189 2987 348 3044 milia
372 2987 628 3043 militum
648 2986 1073 3056 exauctoravit,
1098 2990 1165 3041 30
1181 2983 1336 3041 milia
1349 2998 1651 3041 servorum
1668 2984 1851 3040 domi-

192 3076 283 3133 nis
302 3075 598 3139 restituit,
622 3079 655 3131 6
676 3075 852 3145 milia,
874 3088 1120 3144 quorum
1141 3072 1359 3129 domini
1381 3086 1497 3130 non
1514 3073 1848 3143 exstabant,

193 3164 250 3220 in
278 3178 524 3223 crucem
555 3162 696 3235 egit,
725 3163 842 3233 jam
873 3162 1017 3235 (214)
1054 3165 1174 3218 tum
1211 3160 1279 3193 ⁸⁸⁸
1327 3175 1698 3233 presngnans,
1748 3177 1852 3219 suo

194 3256 459 3325 tempore
480 3252 848 3309 nasciturum
871 3265 1018 3320 esse,
1034 3264 1140 3321 per
1155 3264 1325 3322 quem
1340 3248 1750 3321 superbientes
1767 3265 1854 3306 re-

193 3340 486 3413 primendi
521 3345 583 3396 et
611 3354 809 3397 omnes
843 3339 993 3396 servi
1027 3353 1132 3395 suo
1162 3352 1303 3394 vero
1328 3336 1396 3371 ³⁸³
1425 3337 1658 3394 domino
1682 3339 1855 3395 resti-

193 3428 397 3486 tuendi
430 3432 655 3500 essent,
691 3429 788 3500 qui
821 3432 1014 3484 tamen
1048 3425 1343 3482 dominum
1375 3440 1542 3483 suum
1575 3441 1854 3497 recogno-

193 3523 432 3575 scerent
458 3537 474 3587 ;
512 3518 610 3590 qui
642 3532 782 3574 vero
805 3516 929 3573 sine
947 3516 1179 3572 domino
1201 3514 1622 3585 invenirentur,
1646 3517 1852 3573 mortis

195 3607 488 3679 supplicio
521 3606 890 3678 punirentur.
917 3605 1058 3660 Post
1082 3604 1205 3661 haec
1230 3604 1425 3660 Caesar
1440 3617 1620 3661 ovans
1640 3604 1851 3661 Urbem

196 3694 600 3767 ingressus,ut
621 3694 677 3751 in
712 3698 1060 3767 perpetuum
1079 3692 1403 3751 tribunitiae
1428 3692 1743 3765 potestatis
1762 3708 1854 3752 es-

199 3789 308 3855 set,
338 3799 371 3841 a
404 3788 654 3841 senatus
685 3785 924 3840 decreto
957 3783 1206 3855 accepit.

266 3873 367 3929 His
388 3873 605 3930 diebus
626 3877 790 3929 trans
811 3872 1076 3944 Tyberim
1098 3886 1129 3928 e
1152 3872 1396 3930 taberna
1412 3872 1711 3928 meritoria
1729 3870 1853 3927 fons

199 3959 310 4017 olei
325 3960 397 4018 de
410 3966 574 4018 terra
589 3960 927 4031 exundavit,
945 3974 1013 4017 ac
1026 3974 1131 4032 per
1154 3964 1341 4017 totum
1356 3960 1506 4016 diem
1524 3959 1853 4031 largissime

199 4049 323 4107 rivo
336 4050 528 4122 ﬂuxit,
545 4050 884 4120 significans
898 4050 1007 4106 sub
1021 4052 1308 4121 perpetuo
1324 4049 1657 4121 principatu
1672 4047 1855 4105 nasci-

200 4138 318 4193 turi
348 4138 478 4210 ejus
496 4143 764 4210 tempore
788 4137 1023 4209 Christi,
1051 4141 1176 4194 toto
1195 4137 1310 4207 die,
1337 4137 1393 4193 id
1416 4140 1507 4193 est
1530 4137 1687 4193 omni
1710 4142 1851 4193 tem-

200 4237 362 4299 pore,
395 4226 639 4284 Romani
671 4226 898 4299 imperii
930 4225 1001 4282 de
1030 4225 1261 4297 hospita
1287 4225 1563 4297 largaque
1584 4224 1850 4282 mcclesia

201 4311 328 4372 oleo
342 4315 495 4374 sacri
506 4314 806 4373 crismatis
821 4320 1032 4373 unctos
1048 4314 1451 4372 indesinenter
1467 4328 1851 4387 processuros

205 4400 307 4470 (Cf.
341 4404 518 4463 Onos.
549 4419 628 4475 v1,
670 4404 782 4476 20).

272 4490 373 4560 (Η.
402 4496 510 4567 m.)
546 4492 834 4551 Antonius
866 4497 1081 4564 autem,
1114 4492 1213 4564 qui
1244 4492 1438 4549 Asiam
1469 4497 1531 4548 et
1553 4491 1850 4550 Orientem

1962 2989 2111 3047 solio
2116 2994 2281 3061 juxta
2298 3004 2464 3045 suum
2480 3003 2542 3044 se
2558 2988 2870 3045 collocavit
2888 2987 3220 3057 Antonium;
3235 2989 3604 3061 admotisque

1964 3079 2034 3136 ad
2050 3092 2230 3136 venas
2244 3078 2641 3149 serpentibus,
2666 3077 2749 3133 sic
2773 3081 2959 3133 morte
2976 3077 3140 3146 quasi
3165 3093 3385 3135 sommo
3409 3080 3603 3137 soluta

1966 3171 2080 3237 est,
2111 3166 2331 3221 frustra
2366 3167 2589 3221 Caesare
2613 3164 2787 3220 etiam
2832 3162 3036 3235 psillos
3083 3163 3448 3236 admovente,
3504 3168 3603 3237 qui

1965 3269 2182 3311 venena
2204 3252 2561 3325 serpentium
2584 3267 2615 3309 e
2638 3251 2975 3309 vulneribus
2998 3252 3291 3308 hominum
3315 3269 3604 3323 exsugere

1966 3343 2177 3400 solent.
2214 3342 2308 3398 Sic
2337 3342 2530 3397 Caesar
2552 3340 2902 3396 Octavianus
2926 3339 3273 3396 Alexandria
3299 3343 3442 3398 urbe
3464 3357 3606 3413 opu-

1964 3430 2283 3488 lentissima
2315 3445 2445 3486 cum
2461 3432 2583 3485 tota
2608 3430 2850 3500 Egypto
2874 3429 3097 3499 potitus
3117 3433 3209 3483 est
3234 3447 3247 3493 ;
3274 3431 3606 3500 preposuit-

1965 3535 2076 3593 que
2105 3519 2352 3590 Egypto
2378 3517 2706 3574 Cornelium
2754 3516 2996 3587 Gallum,
3048 3517 3119 3572 de
3167 3532 3279 3587 quo
3324 3518 3602 3587 Virgilius

1964 3608 2192 3666 scribit.
2226 3609 2409 3680 (linea.
2531 3607 2611 3662 H.
2637 3608 2735 3677 R.)
2758 3607 2919 3662 Hunc
2947 3604 3466 3676 primumjudieem
3491 3609 3599 3663 Ro-

1963 3711 2194 3754 manum
2225 3698 2506 3768 Egyptus
2536 3694 2758 3752 habuit.

2036 3785 2138 3856 (Η.
2163 3786 2234 3842 Β.
2260 3789 2316 3840 et
2342 3785 2419 3841 H.
2441 3785 2546 3856 m.)
2572 3786 2734 3839 Anno
2755 3784 2827 3839 ab
2850 3784 2993 3839 urbe
3009 3782 3242 3839 condita
3261 3788 3385 3839 72:5.
3414 3784 3605 3840 Cmsar

1963 3874 2036 3931 ab
2066 3873 2291 3929 oriente
2313 3872 2504 3929 victor
2527 3870 2778 3943 rediens,
2799 3871 2988 3927 Sidus
3006 3871 3263 3927 Januarii
3286 3872 3492 3927 Urbem
3514 3872 3609 3926 tri-

1964 3961 2099 4035 plici
2132 3961 2428 4033 triumpho
2460 3961 2758 4030 ingressus
2789 3964 2897 4030 est,
2952 3960 3144 4017 ductis
3194 3964 3327 4016 ante
3372 3975 3607 4018 currum

1965 4050 2286 4122 Cleopatrae
2316 4048 2543 4115 liberis,
2576 4047 2708 4104 Sole
2737 4052 2794 4103 et
2826 4049 3001 4117 Luna,
3048 4063 3114 4104 ac
3167 4054 3285 4104 tum
3334 4050 3602 4120 primum,

1965 4139 2175 4211 sopitis
2201 4137 2470 4194 omnibus
2490 4135 2763 4192 civilibus
2786 4135 2976 4205 bellis,
2999 4137 3125 4191 Jani
3151 4142 3350 4207 portas
3369 4136 3601 4193 clausit.

1963 4229 2084 4286 Hoc
2112 4226 2205 4283 die
2238 4227 2427 4282 Caesar
2456 4224 2860 4281 consalutatus
2888 4230 2977 4279 est
3011 4227 3307 4294 Augustus
3330 4226 3601 4295 primum,

1963 4331 2032 4375 eo
2053 4315 2207 4387 quod
2231 4312 2523 4386 publicam
2548 4326 2668 4367 rem
2686 4312 2939 4382 auxerit,
2960 4316 3136 4381 atque
3158 4328 3231 4368 ex
3277 4313 3477 4368 eadem
3512 4312 3604 4368 die

1964 4418 2185 4465 summa
2211 4417 2405 4460 rerum
2427 4416 2493 4457 ac
2519 4404 2874 4474 potestatum
2897 4415 3077 4470 penes
3098 4416 3272 4456 unum
3286 4415 3412 4457 esse
3424 4401 3607 4473 coepit

1963 4500 2020 4552 et
2054 4493 2302 4559 mansit;
2335 4491 2488 4563 quod
2522 4490 2687 4545 Croci
2720 4489 3109 4545 mouarchiam
3143 4489 3367 4546 dicunt.

205 4580 461 4656 tenebat,
498 4580 846 4640 Artabanem
876 4581 1161 4639 Armeniae
1194 4595 1389 4652 regem
1429 4580 1762 4654 proditione
1790 4586 1848 4637 et
1880 4580 1935 4644 D
2038 4586 2199 4640 Anno
2220 4580 2485 4653 sequenti
2500 4581 2694 4636 Caesar
2715 4580 3013 4648 Augustus
3029 4578 3602 4649 paruminHyspauia

207 4664 336 4728 dolo
362 4672 566 4745 coepit,
601 4672 935 4743 victumque
966 4675 1241 4743 argentea
1274 4676 1481 4727 catena
1512 4671 1584 4729 ad
1624 4672 1852 4727 confes—

208 4755 425 4817 sionem
436 4762 848 4820 thesaurorum
861 4760 1156 4830 regiorum
1169 4760 1385 4830 coegit;
1400 4762 1853 4831 expugnatoque

208 4848 398 4922 opido,
434 4852 492 4909 in
524 4856 645 4924 quo‘
669 4855 837 4909 erant
872 4850 1156 4921 thesauri,
1192 4863 1456 4920 magnam
1486 4848 1735 4906 abstulit
1757 4864 1855 4906 co-

209 4935 357 5006 piam
387 4942 617 5012 argenti
648 4944 709 4999 et
729 4941 856 4998 auri
878 4938 964 4996 '3‘.
991 4940 1098 5008 Qui
1122 4939 1314 4996 elatus
1338 4938 1605 5011 pecunia,
1634 4938 1853 4996 bellum

208 5022 417 5084 Caesari
440 5029 673 5101 indixit,
699 5033 875 5102 atque
899 5028 1173 5101 Octaviae,
1191 5028 1382 5087 sorori
1399 5028 1667 5100 Caesaris,
1684 5042 1857 5100 repu-

212 5110 363 5173 dium
383 5117 780 5193 denunciavit,
801 5123 859 5177 et
881 5117 1249 5193 Cleopatram
1272 5132 1347 5176 ex
1366 5116 1718 5177 Alexandria
1742 5119 1855 5178 sibi

1961 4688 2070 4750 per
2100 4672 2381 4730 ducentos
2408 4684 2590 4727 annos
2613 4674 2804 4725 actum
2823 4666 3187 4735 intellegens,
3214 4666 3260 4721 si
3286 4666 3607 4722 Cantabros

1962 4769 2021 4821 et
2051 4766 2319 4834 Astures,
2344 4762 2489 4819 duas
2516 4758 2904 4816 ferocissimas
2917 4758 3180 4825 gentesll
3188 4755 3605 4826 yspani.e,suis

1961 4852 2047 4911 uti
2080 4851 2310 4923 legibus
2334 4850 2717 4923 permisisset,
2746 4847 2955 4902 iterum
2975 4844 3099 4900 Jani
3127 4848 3327 4916 portas
3352 4844 3600 4914 aperuit,

1963 4947 2140 5014 atque
2163 4941 2219 4996 in
2245 4939 2567 5011 llyspanias
2588 4938 2711 5009 ipse
2731 4951 2861 4993 cum
2881 4934 3144 4990 exercitu
3172 4933 3467 5006 profectus
3489 4936 3601 4987 est.

1962 5030 2048 5087 Ibi
2078 5043 2209 5086 eum
2240 5028 2394 5100 apud
2423 5029 2802 5083 Tarraconem
2833 5022 2920 5094 ’3“,
2955 5022 3251 5079 citerioris
3297 5018 3604 5091 llyspanize

1964 5118 2194 5190 urbem,
2218 5115 2395 5189 legati
2425 5115 2701 5172 Indorum
2730 5118 2787 5170 et
2822 5113 3123 5183 Scytarum
3153 5108 3242 5180 ³⁸⁷,
3288 5112 3417 5164 toto
3465 5108 3608 5164 orbe

1558 5240 1806 5302 VABLE
1846 5240 2248 5303 LECTIONES.

277 5353 345 5392 ⁸⁷⁸
367 5355 527 5420 deost
548 5364 601 5418 ὅ.
632 5360 712 5417 9°.
741 5361 829 5417 10.
905 5356 976 5393 ³⁷⁸
1005 5355 1171 5419 doth
1194 5361 1245 5415 il.
1323 5353 1395 5392 ”°
1421 5355 1715 5417 vendilius
1743 5361 1805 5415 9°
1875 5356 1947 5393 ³⁸1
1974 5357 2138 5415 deest
2163 5359 2239 5411 9ο.
2276 5354 2312 5412 i.
2344 5357 2387 5410 t.
2422 5356 2474 5412 ii.
2550 5350 2620 5388 ³⁸¹
2648 5355 2790 5410 tunc
2828 5356 2878 5408 δ.
2956 5348 3026 5386 ³⁸⁸
3066 5347 3231 5408 deest
3258 5353 3307 5407 δ.
3354 5345 3422 5383 ⁸⁸⁸
3474 5346 3603 5405 auri

212 5430 269 5483 et
296 5431 522 5503 argenti
555 5436 608 5491 δ.
683 5427 753 5467 ⁸⁸⁸
785 5428 943 5491 deest
970 5431 1048 5489 9°.
1126 5427 1196 5465 ⁸⁸⁸
1224 5432 1593 5489 tarraconam
1622 5433 1675 5488 ti.
1752 5428 1821 5466 ³⁸⁷
1850 5429 2173 5489 scitharum
2206 5432 2257 5482 5.

1779 5554 2025 5615 ΝΟΤΔΕ.

283 5668 424 5745 (ait)
456 5671 598 5734 Jam
624 5703 695 5716 —
711 5670 1083 5748 mirentur
1111 5668 1436 5728 Ekkehardi
1470 5671 1649 5731 verba
1698 5675 1853 5732 sunt.

492 5773 754 5837 PATROL.
802 5770 1011 5834 CLIV.

3302 5756 3373 5823 2'1
