3932 6416
355 362 469 425 651

1516 359 2000 423 EKKEHARDI
2046 359 2607 427 URAUGIENSIS

3655 364 3783 426 652

355 497 723 568 transmisso,
758 496 989 553 tandem
1024 495 1390 566 invenerunt,
1427 497 1895 566 refuderuntque
1953 495 2008 550 in
2040 497 2096 556 A
2126 496 2287 569 ratis,
2311 498 2499 557 victos
2523 500 2594 557 ad
2619 500 2973 557 deditionem
2996 498 3208 569 coegit,
3239 498 3565 554 Armeniam
3590 512 3620 554 a
3642 499 3789 555 Par-

357 590 642 645 Caesarem
665 586 978 644 Alexandri
1005 587 1189 656 Magni
1216 585 1460 656 gloriam
1489 603 1503 653 ;
1529 586 1825 657 quoniam,
1854 584 2009 641 sicut

357 677 518 734 illum
549 678 950 748 Hyspanorum
982 675 1398 746 Gallorumque
1451 674 1668 745 legatio
1715 674 1769 729 in
1820 674 2010 729 medio

355 766 583 823 oriente
600 764 751 837 apud
772 764 1081 836 Babylonia
1093 779 1142 819 m
1159 763 1652 835 contemplatione
1667 763 1829 834 pacis
1842 762 2007 832 adiit,

357 856 437 912 ita
471 855 620 911 hunc
655 852 804 925 apud
834 853 1181 924 Hyspaniam
1213 853 1269 907 in
1303 852 1632 909 occidentis
1653 851 1856 908 ultimo
1879 867 2014 923 sup-

355 943 493 1016 plex
520 942 697 998 Indus
722 947 779 997 et
812 942 979 1013 Scyta
1016 945 1238 999 Boreus
1268 956 1375 1012 pro
1406 956 1548 1012 pace
1582 941 1791 997 oravit.
1818 943 2013 996 Canta-

359 1033 522 1089 brico
551 1032 750 1102 itaque
782 1030 934 1087 bello
960 1044 1064 1102 per
1090 1031 1344 1101 quinque
1364 1045 1547 1085 annos
1571 1031 1859 1097 confecto,
1888 1034 2010 1084 tota

358 1136 468 1193 que
501 1119 791 1193 Hyspania
826 1120 882 1174 in
915 1125 1193 1175 aeternam
1220 1134 1421 1189 pacem
1447 1120 1791 1189 composita,
1821 1120 2013 1173 Caesar

356 1213 591 1267 Romam
624 1211 799 1266 rediit
832 1209 920 1281 ³⁸⁸,
956 1214 1016 1265 et
1045 1210 1409 1265 Cantabrica:
1433 1210 1699 1265 victoria
1737 1210 1884 1265 hunc
1915 1208 2013 1264 ho-

357 1314 553 1357 norem
583 1298 855 1369 contulit,
901 1303 966 1354 ut
1010 1302 1152 1353 tunc
1202 1313 1433 1369 quoque
1482 1303 1684 1369 portas
1734 1297 2012 1353 claustris

353 1388 677 1445 cohiberet.
714 1389 799 1443 Ita
831 1392 967 1443 tunc
998 1386 1254 1443 secundo
1285 1402 1390 1458 per
1437 1390 1742 1455 Caesarem,
1800 1392 2011 1456 quarto

355 1481 485 1549 post
512 1479 725 1533 Urbem
739 1476 1033 1532 conditam
1058 1475 1294 1531 clausus
1315 1481 1408 1531 est
1429 1477 1627 1531 Janus.
1656 1477 1775 1530 Non
1806 1475 1920 1530 ullo
1943 1473 2013 1506 ³⁸³

357 1570 550 1623 autem
580 1570 847 1637 tempore
879 1570 1014 1620 ante
1035 1580 1163 1621 cum
1184 1566 1436 1620 Romana
1463 1579 1557 1620 res
1576 1565 1758 1632 magis
1792 1564 2006 1631 ﬂoruit,

357 1657 571 1728 quippe
593 1656 686 1712 cui
711 1656 837 1727 ipse
861 1658 918 1710 et
945 1668 1051 1726 per
1075 1670 1140 1710 se
1164 1660 1222 1709 et
1239 1655 1533 1725 pcrduces
1549 1669 1614 1709 ac
1634 1654 1857 1722 legatos
1874 1668 2010 1708 suos

358 1744 673 1817 plurimum
695 1744 867 1800 bellis
888 1744 1132 1800 addidit.
1152 1745 1280 1814 Ipse
1297 1758 1543 1812 namque
1561 1758 1661 1813 per
1675 1759 1735 1798 se
1753 1744 2009 1797 Romano

2127 586 2242 643 this
2274 590 2517 661 recepit.
2544 591 2743 647 Parthi
2775 590 2964 663 quasi,
2999 592 3127 645 toto
3163 593 3452 644 terrarum
3482 588 3623 644 orbe
3657 587 3785 643 vel-

2126 675 2345 732 demito
2408 678 2501 733 vel
2568 684 2798 749 pacato,
2854 678 3108 735 omnium
3160 676 3349 732 oculis
3403 681 3779 746 notarentur,

2126 767 2302 834 atque
2336 766 2388 820 in
2422 781 2481 823 se
2510 767 2670 823 solos
2700 767 2889 824 omnis
2920 766 3086 835 vigor
3116 765 3355 821 Romani
3386 765 3611 837 imperii
3647 779 3780 822 ver-

2125 853 2340 911 tendus
2361 861 2538 927 esset,
2567 857 2782 928 quippe
2806 872 2949 927 quos
2973 855 3218 927 pristina
3244 854 3590 911 ulciscendae
3613 855 3782 911 Cras-

2126 942 2302 997 siana:
2333 945 2512 1000 credis
2542 945 2902 1002 conscientia
2927 944 3250 1013 mordebat,
3278 942 3435 997 ultro
3460 943 3619 1013 signa
3644 957 3779 1014 quae

2127 1032 2338 1086 Crasso
2368 1032 2680 1089 interfecto
2710 1033 3080 1090 abstulerant
3119 1032 3190 1087 ad
3225 1034 3505 1086 Caesarem
3538 1031 3780 1086 remise-

2127 1124 2281 1187 runt,
2315 1122 2487 1192 eique
2515 1123 2826 1179 obsidibus
2873 1123 3047 1191 datis,
3099 1121 3322 1176 firmum
3375 1121 3562 1176 fcedus
3615 1119 3774 1175 ﬂdeli

2127 1208 2555 1281 supplicatione
2578 1216 2919 1268 meruerunt
2940 1211 3027 1266 39".
3046 1210 3267 1266 Galatia
3284 1224 3513 1280 quoque
3537 1210 3646 1265 sub
3661 1208 3774 1265 hoc

2128 1299 2425 1369 provincia
2464 1301 2613 1357 facta
2646 1305 2757 1370 est,
2790 1316 2919 1358 cum
2945 1305 3112 1356 antea
3137 1312 3375 1367 regnum
3402 1297 3627 1366 fuisset,
3654 1298 3773 1368 pri-

2128 1401 2371 1459 musque
2405 1403 2531 1444 eam
2565 1390 2791 1446 Marcus
2836 1389 3052 1445 Lollius
3100 1402 3203 1459 pro
3252 1391 3487 1458 pretore
3531 1385 3774 1442 admini-

2128 1478 2358 1531 stravit.
2394 1480 2573 1533 Tanto
2604 1484 2798 1534 autem
2830 1493 3025 1534 amore
3066 1479 3240 1533 etiam
3288 1476 3440 1547 apud
3487 1476 3771 1531 barbaros

2128 1568 2320 1621 Cresar
2353 1570 2650 1633 Augustus
2686 1568 3031 1633 habebatur,
3064 1574 3128 1623 ut
3175 1580 3341 1635 reges
3383 1567 3769 1620 Romanorum

2126 1655 2291 1709 amici
2313 1655 2363 1709 in
2382 1657 2661 1712 honorem
2683 1657 2810 1725 ejus
2840 1657 3114 1711 civitates
3135 1655 3451 1711 conderent
3471 1658 3530 1708 et
3551 1668 3621 1709 ex
3643 1655 3769 1723 ejus

2125 1744 2355 1799 nomine
2389 1747 2685 1801 Cmsareas
2722 1750 3019 1801 vocarent.
3055 1743 3214 1801 Multi
3247 1758 3476 1814 quoque
3508 1757 3676 1812 rcges
3696 1757 3769 1797 ex

358 1834 574 1904 adjecit
604 1833 844 1905 imperio
890 1836 1215 1904 Egyptum,
1249 1832 1641 1897 Cantabriam,
1691 1832 2004 1895 Asturiam,
2043 1854 2094 1913 Β
2125 1834 2323 1899 regnis
2349 1834 2470 1889 suis
2494 1839 2799 1903 venerunt,
2830 1840 2890 1891 ut
2911 1836 2961 1890 ei
2986 1836 3467 1904 obsequerentur,
3488 1836 3545 1887 et
3567 1832 3769 1887 habitu

356 1923 722 1994 Dalmatiam,
757 1922 1130 1991 Pannoniam,
1168 1922 1537 1992 Aquitaniam
1566 1940 1579 1987 ;
1612 1923 1834 1976 Drusus
1872 1935 2009 1975 vero

360 2011 662 2084 privignus
692 2012 843 2082 ejus,
867 2011 1108 2066 Galliam
1133 2011 1517 2079 Rhetiamque
1544 2009 1812 2077 sortitus,
1839 2009 2012 2063 maxi-

356 2116 479 2158 mas
498 2102 964 2170 fortissimasque
978 2104 1185 2170 gentes
1200 2100 1379 2154 armis
1404 2100 1655 2167 subegit,
1675 2099 2007 2169 Susipcces,

355 2190 669 2246 Thccteros
697 2195 756 2246 et
786 2190 1028 2246 Chattos
1060 2189 1129 2221 ³⁹⁰
1160 2188 1513 2260 perdomuit,
1545 2194 1604 2242 et
1637 2194 1796 2243 trans
1824 2188 2009 2242 Albim

358 2279 616 2349 ﬂuvium,
655 2278 751 2349 qui
788 2278 843 2333 in
876 2277 1189 2333 barbarico
1219 2276 1390 2345 longe
1423 2276 1575 2331 ultra
1606 2278 1862 2331 Rhenum
1897 2282 2008 2341 est,

355 2368 671 2437 submovit,
688 2369 1125 2423 Marcomannes
1142 2380 1286 2437 pene
1301 2366 1371 2421 ad
1389 2365 1751 2419 interniciem
1770 2364 2007 2433 delevit,

361 2463 562 2530 postea
593 2458 948 2514 fortissimas
980 2456 1265 2511 nationes.
1304 2456 1516 2525 quibus
1540 2459 1599 2509 et
1622 2459 1829 2509 natura
1856 2454 2012 2509 vires

357 2552 417 2603 et
439 2547 807 2603 consuetudo
829 2545 1252 2617 experientiam
1276 2544 1484 2600 virium
1513 2544 1709 2613 [dabat
1733 2542 1844 2613 3m],
1862 2542 2013 2612 pari-

356 2640 450 2693 ter
478 2651 592 2693 uno
628 2635 802 2704 bello,
837 2634 937 2690 sed
982 2634 1106 2691 suis
1160 2647 1389 2703 aspero,
1443 2632 1763 2704 superavit,
1814 2631 1868 2685 id
1920 2634 2008 2686 est

360 2726 708 2794 Cheruscos,
746 2726 965 2779 Suevos
1010 2727 1070 2778 et
1125 2723 1473 2790 Sieambros,
1529 2735 1774 2791 quorum
1822 2720 2011 2773 virtus

358 2826 427 2870 ac
460 2814 665 2868 feritas
697 2827 771 2867 ex
803 2826 872 2867 eo
902 2810 1266 2867 considerari
1303 2813 1518 2881 potest,
1552 2808 1704 2878 quod
1739 2808 2013 2863 mulieres

359 2915 593 2973 quoque
642 2914 867 2970 eorum,
923 2900 971 2955 si
1020 2898 1251 2969 quando
1300 2902 1583 2970 preventu
1625 2899 2011 2952 Romanorum

361 2991 516 3045 inter
542 2988 805 3060 plaustra
827 3001 932 3043 sua
961 2980 1415 3055 collidebantur,
1444 2985 1854 3041 deﬁcientibus
1880 2984 2011 3041 telis

357 3078 453 3135 vel
485 3077 749 3149 qualibet
779 3091 841 3132 re
872 3091 982 3147 qua
1014 3075 1175 3132 velut
1209 3076 1327 3131 telo
1351 3075 1435 3131 uti
1462 3077 1622 3132 furor
1647 3074 1856 3145 possit,
1883 3088 2015 3143 par-

358 3168 530 3225 vulos
553 3166 723 3237 filios,
749 3165 992 3223 collisos
1016 3164 1193 3235 humi,
1221 3165 1276 3220 in
1301 3165 1554 3221 hostium
1577 3163 2006 3233 orajaciebant.

358 3257 637 3328 Tyberius
659 3260 872 3324 autem,
896 3257 1078 3310 frater
1096 3254 1289 3325 Drusi,
1306 3254 1654 3315 Pannonios,
1684 3268 1832 3307 novo
1851 3258 2008 3307 metu

360 3346 837 3415 intumescentes,
874 3343 1287 3401 cruentissima
1336 3343 1495 3399 crede
1542 3342 1780 3409 delevit,
1837 3340 2013 3394 idem-

360 3450 469 3507 que
500 3436 777 3492 continuo
807 3435 1124 3489 Germanos
1162 3432 1315 3487 bello
1347 3432 1619 3501 arripuit,
1656 3445 1685 3484 e
1711 3430 1922 3498 quibus
1946 3431 2014 3484 40

358 3523 515 3580 milia
546 3523 915 3594 captivorum
947 3522 1137 3578 victor
1168 3520 1413 3575 abduxit
1442 3538 1455 3585 ;
1487 3519 1638 3588 quod
1668 3533 1867 3573 revera
1896 3517 2015 3573 bel-

356 3610 477 3668 lum
502 3611 814 3668 maximum
839 3614 894 3665 et
923 3608 1533 3665 formidolosissimum
1573 3607 1901 3676 quindecim
1937 3605 2015 3660 le-

194 3756 219 3779 _
254 3723 261 3731 -
353 3699 627 3771 gionibus
643 3712 745 3770 per
761 3698 1070 3753 triennium
1084 3701 1310 3765 gestum
1328 3700 1555 3765 est,nec
1573 3697 1690 3750 fere
1706 3695 1883 3750 ullum
1902 3710 2015 3749 ma-

350 3787 449 3858 jus
480 3786 718 3857 bellum,
755 3787 906 3841 sicut
939 3786 1256 3841 Suetonius
1281 3788 1558 3851 testatur,
1586 3788 1710 3853 post
1736 3783 2011 3838 Punicum

358 3875 485 3932 fuit.
522 3876 639 3931 Sub
671 3875 873 3930 eodem
901 3888 1042 3929 vero
1077 3878 1340 3943 tempore
1385 3872 1779 3937 Quintilianus
1827 3872 2011 3927 Varus

354 3969 669 4037 propretor
737 3978 866 4019 cum
929 3963 1119 4018 tribus
1164 3961 1493 4031 legionibus
1544 3970 1703 4016 trans
1754 3963 2009 4017 Rhenum

357 4053 595 4110 ﬂuvium
631 4053 774 4108 mira
808 4051 1080 4123 superbia
1114 4056 1291 4121 atque
1322 4052 1574 4107 avaricia
1614 4052 1663 4105 iu
1708 4052 2009 4119 subjectos

358 4157 552 4212 agens,
591 4157 621 4197 a
654 4141 952 4197 Germanis
994 4140 1421 4196 rebellantibus
1469 4156 1597 4196 cum
1652 4140 1907 4195 tribunis
1950 4144 2011 4195 et

358 4228 687 4301 legionibus
725 4230 956 4286 deletus
985 4234 1092 4285 est.
1138 4230 1317 4295 Quam
1370 4229 1453 4284 rei
1497 4229 1748 4300 publicre
1785 4229 2008 4283 cladem

360 4320 549 4376 Cmsar
573 4322 872 4388 Augustus
898 4318 1488 4387 adeogravitertulit,
1508 4323 1571 4373 ut
1588 4321 1750 4375 veste
1772 4317 2010 4390 capillo-

358 4421 472 4480 que
498 4423 565 4465 ac
589 4408 832 4479 reliquis
858 4407 1179 4477 lugentium
1209 4408 1441 4463 indiciis
1462 4408 1760 4477 deformis,
1786 4412 1840 4462 et
1869 4419 2007 4477 sepe

357 4510 462 4568 per
492 4496 604 4552 vim
639 4496 863 4553 doloris
891 4502 1069 4567 caput
1103 4497 1310 4567 parieti
1343 4496 1647 4565 eollidens,
1684 4496 1962 4551 clamaret
1990 4516 2002 4549 :

2043 3209 2091 3269 C

2127 1922 2403 1989 Romano,
2433 1923 2657 1979 scilicet
2686 1924 2890 1994 togati,
2918 1924 2988 1979 ad
3011 1922 3337 1980 vehiculum
3362 1920 3431 1953 ³⁸⁸
3451 1920 3767 1990 velequum

2125 2010 2249 2079 ejus
2284 2016 2692 2068 cucurrerunt.
2727 2015 2855 2083 Ipse
2887 2017 3079 2068 autem
3114 2011 3256 2068 adeo
3287 2014 3627 2065 exsecratus
3673 2014 3769 2063 est

2124 2100 2348 2163 turbas,
2387 2099 2558 2169 bella,
2597 2100 2948 2167 simultates,
2986 2104 3050 2156 ut
3079 2100 3188 2155 nisi
3226 2099 3401 2168 justis
3450 2098 3519 2153 de
3570 2099 3766 2153 causis

2122 2202 2433 2258 numquam
2458 2190 2615 2257 genti
2644 2188 2814 2245 alicui
2837 2188 3050 2244 bellum
3068 2186 3767 2257 indixerit,jactantisque

2121 2290 2252 2331 esse
2270 2277 2482 2345 ingenii
2508 2277 2860 2333 etlevissimi
2878 2275 3765 2347 dicebat,ardoretriumphandi

2120 2370 2179 2419 et
2210 2366 2285 2419 ob
2317 2366 2571 2421 lauream
2602 2381 2901 2437 coronam,
2955 2366 3008 2421 id
3055 2370 3145 2421 est
3201 2365 3332 2419 folia
3382 2365 3761 2420 infructuosa.

2124 2454 2504 2509 securitatem
2536 2455 2747 2511 civium
2782 2455 2836 2509 in
2870 2454 3180 2511 discrimen
3204 2469 3311 2524 per
3334 2454 3585 2509 incertos
3600 2466 3768 2509 even-

2124 2547 2219 2598 tus
2241 2543 2629 2599 certaminum
2659 2544 3032 2615 precipitare,
3059 2558 3246 2614 neque
3272 2542 3600 2613 imperatori
3617 2543 3767 2597 bono

2123 2630 2431 2700 quicquam
2458 2632 2647 2687 minus
2671 2631 3245 2703 quamtemeritatem
3261 2644 3602 2700 congruere,
3621 2630 3767 2686 satis

2122 2720 2399 2775 celeriter
2434 2721 2556 2776 fieri
2592 2722 2866 2792 quicquid
2902 2735 3204 2777 commune
3231 2720 3301 2754 ³⁹⁹
3329 2724 3654 2790 gereretur,
3681 2735 3769 2776 ar-

2122 2824 2329 2879 maque
2380 2810 2490 2865 nisi
2539 2811 2776 2880 majoris
2831 2810 3206 2867 emolumenti
3256 2824 3358 2881 spe
3408 2822 3767 2880 nequaquam

2121 2896 2401 2952 movenda
2436 2913 2585 2963 esse,
2621 2913 2692 2953 ne
2722 2898 3069 2970 compendio
3097 2898 3279 2969 tenui,
3330 2898 3555 2968 jactura
3606 2896 3767 2967 gravi

2123 2985 2304 3056 petita
2342 2987 2583 3042 victoria
2617 2987 2822 3043 similis
2853 2988 2930 3042 sit
2960 2988 3129 3042 hamo
3159 3002 3339 3043 aureo
3380 2986 3757 3057 piscantibus,

2123 3074 2290 3145 cujus
2313 3077 2548 3147 abrupti
2568 3077 2884 3148 amissique
2908 3077 3322 3133 detrimentum
3336 3074 3495 3132 nullo
3509 3080 3766 3147 captura:

2123 3163 2286 3220 lucro
2314 3165 2546 3235 pensari
2581 3171 2791 3236 potest.
2828 3165 2930 3221 Hic
2954 3167 3152 3236 itaque
3178 3165 3492 3237 inimperio
3517 3165 3760 3237 positus,

2123 3254 2496 3309 tribuniciam
2514 3270 2613 3325 per
2628 3270 2690 3310 se
2706 3260 3055 3325 potestatem
3071 3254 3616 3326 exercuiLDenique
3629 3269 3762 3325 erga

2123 3342 2281 3397 cives
2312 3342 2829 3414 clementissimus,
2863 3345 2917 3399 in
2953 3344 3173 3400 amicos
3201 3344 3396 3399 extitit
3422 3343 3757 3413 ﬁdissimus,

2126 3446 2369 3502 quorum
2403 3432 2665 3503 precipui
2699 3438 2863 3488 erant
2896 3434 3157 3489 Mecenas
3185 3434 3259 3489 ob
3284 3433 3762 3502 taciturnitatem,

2126 3521 2377 3593 Agrippa
2412 3522 2484 3576 ob
2519 3522 2863 3577 modestiam
2889 3522 3226 3593 laborisque
3251 3522 3607 3594 patientiam.
3635 3521 3770 3578 Dili-

2124 3612 2297 3679 gebat
2324 3616 2591 3682 preterea
2606 3612 2908 3681 Virgilium
2926 3612 3308 3682 Flaccumque
3324 3616 3545 3683 poetas,
3565 3610 3769 3668 libera-

2125 3698 2279 3754 libus
2309 3699 2520 3755 studiis
2556 3700 2609 3754 in
2641 3704 2867 3757 tantum
2897 3701 3261 3771 incumbens,
3294 3705 3360 3757 ut
3389 3698 3583 3756 nullus
3612 3715 3681 3756 ne
3709 3701 3764 3755 in

2127 3787 2431 3859 procinctu
2458 3788 2689 3857 quidem
2717 3790 3018 3845 laberetur
3036 3789 3178 3861 dies,
3203 3789 3336 3860 quin
3364 3789 3603 3858 legeret,
3627 3788 3768 3845 scri-

2126 3877 2312 3945 beret,
2340 3876 2610 3933 dictaret.
2645 3879 2821 3945 Leges
2844 3879 2989 3935 alias
3009 3894 3207 3948 novas,
3233 3878 3377 3935 alias
3395 3878 3641 3949 protulit
3665 3895 3763 3935 suo

2125 3966 2355 4020 nomine
2388 3970 2706 4021 correctas.
2749 3968 2919 4022 Auxit
2942 3968 3291 4037 ornavitque
3315 3968 3546 4022 Romam
3572 3968 3764 4023 multis

2122 4054 2404 4115 :ediﬁciis,
2433 4055 2544 4109 isto
2567 4054 2826 4124 glorians
2853 4056 3011 4111 dicto
3040 4075 3051 4109 :
3088 4056 3295 4113 Urbem.
3324 4056 3661 4112 latericiam
3679 4070 3765 4114 re-

2108 4143 2265 4213 peri,
2301 4158 2684 4199 marmoream
2714 4146 3006 4215 relinquo.
3042 4145 3167 4199 Fuit
3201 4144 3355 4198 mitis
3386 4149 3441 4198 et
3474 4148 3676 4215 gratus
3704 4150 3760 4199 et

2124 4231 2315 4287 civifis
2349 4232 2545 4300 animi,
2591 4235 2717 4287 toto
2769 4247 3016 4304 corpore
3063 4232 3324 4304 pulcher,
3372 4234 3473 4288 sed
3525 4233 3762 4288 maxime

2122 4319 2329 4391 oculis,
2364 4336 2609 4391 quorum
2642 4322 2799 4377 acies
2824 4322 3281 4377 clarissimorum
3307 4321 3571 4392 syderum
3595 4322 3759 4378 modo

2120 4410 2411 4468 vibrabat.
2448 4413 2491 4466 A
2525 4411 2696 4481 cujus
2732 4411 2876 4466 facie
2908 4411 3043 4467 dum
3075 4411 3304 4481 quidam
3358 4410 3521 4469 miles
3567 4411 3759 4467 oculos

2122 4504 2441 4571 averteret,
2479 4504 2539 4556 et
2571 4500 3046 4569 interrogaretur
3080 4502 3150 4556 ab
3184 4515 3251 4556 eo
3277 4514 3383 4557 cur
3412 4500 3489 4555 ita
3525 4500 3754 4570 faceret,

360 4586 619 4652 Quintili
649 4585 1004 4626 ³⁹²-³⁹³-³⁹⁶-³⁹⁵
1048 4588 1207 4654 Vare,
1230 4586 1412 4642 redde
1433 4587 1700 4657 legiones.
1730 4588 1787 4640 in
1815 4587 2004 4641 Africa
2036 4589 2090 4650 D
2121 4589 2424 4661 respondit
2459 4610 2471 4644 :
2513 4588 3761 4663 Quiafulme-noculorumluommferrerzon

355 4688 586 4745 quoque
604 4676 822 4731 Cossus
846 4675 961 4731 dux
982 4677 1227 4730 Caesaris
1250 4674 1580 4731 Musolanos
1595 4675 1910 4746 etiGetulos
1927 4676 2006 4732 la-

356 4761 474 4818 tius
495 4768 778 4831 vagantes
802 4764 1015 4818 artatis
1038 4764 1549 4826 ilnibuscoercuit,
1568 4768 1783 4833 atquea
1803 4766 2006 4821 Roma-

354 4851 445 4906 nis
467 4850 752 4907 militibus
775 4850 1152 4907 a“sustinere
1172 4856 1328 4907 metu
1350 4852 1653 4924 compulit.
1681 4852 1814 4909 Piso
1830 4854 2004 4910 etiam

355 4937 642 4995 adversus
656 4938 989 4994 Vindelicos
1002 4938 1217 4994 missus
1237 4943 1347 5009 est,
1374 4938 1587 5010 quibus
1602 4942 1879 5012 subactis,
1896 4942 2007 4999 vic-

353 5029 449 5084 tor
465 5026 537 5083 ad
561 5028 849 5083 Caesarem
871 5026 1213 5096 Lugdunum
1235 5029 1411 5084 venit.
1442 5030 1847 5103 Bosphoranos
1863 5047 2004 5089 vero

351 5114 580 5172 Marcus
608 5116 862 5187 Agrippa
895 5117 1217 5187 superavit,
1248 5122 1309 5173 et
1340 5118 1524 5187 signis
1556 5122 1847 5191 Romanis,
1876 5137 2004 5194 quae

352 5198 439 5259 illi
472 5206 765 5275 quondam
786 5204 895 5262 sub
918 5204 1224 5262 Metridate
1247 5207 1632 5281 sustulerant,
1662 5210 1818 5267 bello
1839 5226 2006 5285 repa-

2106 4693 2365 4752 possum.
2401 4680 2513 4735 Nec
2547 4684 2738 4734 tamen
2769 4679 2861 4735 hic
2885 4684 3087 4736 tantus
3108 4679 3199 4735 vir
3220 4678 3379 4735 vitiis
3400 4678 3605 4735 caruit.
3633 4678 3757 4734 Fuit

2117 4768 2268 4824 enim
2300 4766 2599 4839 paululum
2643 4767 2972 4838 impatiens,
3030 4767 3243 4825 leniter
3288 4766 3618 4837 iracundus,
3667 4781 3759 4823 oc-

2117 4855 2275 4912 culte
2325 4854 2574 4926 invidus,
2630 4855 2819 4927 palam
2883 4856 3187 4928 factiosus,
3241 4855 3571 4913 dominandi
3623 4869 3756 4913 vero

2118 4960 2295 5017 supra
2316 4960 2486 5016 quam
2509 4945 2773 5001 estimari
2803 4947 2989 5017 possit
3013 4946 3280 5019 cupidus,
3308 4945 3448 5003 alczc
3472 4946 3757 5002 lusorstu-

2118 5035 2343 5092 diosus.
2366 5037 2620 5107 Cumque
2643 5040 2800 5093 esset
2823 5036 2936 5093 cibi
2961 5051 3024 5093 ac
3047 5037 3166 5093 vini
3186 5035 3428 5093 multum
3444 5035 3750 5106 abstinens,

2117 5123 2490 5195 aliquatenus
2517 5139 2661 5181 vero
2694 5126 2901 5196 somni,
2938 5139 3126 5197 usque
3158 5126 3231 5183 ad
3269 5123 3527 5195 vulgaris
3568 5128 3754 5181 tamen

2119 5214 2282 5272 famas
2298 5214 2580 5287 probrum
2606 5215 2904 5274 serviebat
2925 5214 3154 5273 libidini
3179 5229 3339 5283 ;nam
3371 5215 3523 5272 inter
3549 5212 3756 5273 duode-

1711 5373 1947 5430 VARle
2002 5374 2404 5433 LECTIONES.

422 5526 493 5565 ⁸⁸³
516 5528 660 5586 adiit
685 5533 763 5587 9°.
842 5530 911 5564 33°
940 5530 1227 5587 Nonnullo
1257 5536 1306 5587 ὅ.
1342 5536 1396 5586 Ως
1429 5546 1579 5588 corr.
1626 5546 1736 5587 non
1789 5532 1909 5588 ullo
1960 5539 2046 5591 10.
2124 5534 2195 5569 ⁸⁹⁰
2242 5536 2448 5593 chatos
2495 5538 2834 5595 9200111108
2883 5544 2933 5595 ὅ.
2970 5542 3162 5597 cattos
3192 5541 3278 5597 10.
3316 5539 3438 5595 H.t
3504 5536 3573 5573 ⁹⁹¹
3606 5537 3763 5597 deest

351 5601 420 5658 in
446 5602 717 5673 omnibus
747 5616 895 5673 quos
920 5604 1049 5661 υίιίί
1074 5603 1241 5673 codd.
1275 5602 1630 5643 39255934395395

352 5674 411 5730 9°
481 5671 551 5707 ⁸⁹⁸
580 5671 908 5743 vegiculum
941 5678 991 5730 5.

1748 5604 2009 5643 inlilinnn
2039 5611 2099 5643 Oc

1079 5604 1241 5659 codd.
1275 5604 1630 5643 “tm-39h”
1663 5604 2009 5673 quintiliane
2039 5611 2115 5662 9°.
2196 5604 2265 5639 3“
2294 5608 2386 5664 ita
2416 5609 2579 5666 codd.
2613 5609 2710 5666 lim

1070 5672 1139 5709 ³⁰⁹
1166 5674 1261 5733 ita
1285 5674 1448 5733 codd.
1482 5674 1645 5748 quod
1671 5676 1975 5732 commode
2010 5677 2231 5750 legitur
2261 5681 2328 5738 in
2356 5681 2518 5738 Hist.
2548 5682 2715 5740 misc.

2196 5604 2265 5639 3“
2294 5608 2386 5664 ita
2416 5609 2579 5666 codd.
2613 5609 2899 5668 limitibus
2928 5611 3230 5668 abstinere
3252 5613 3335 5668 H.
3415 5609 3484 5644 “7
3504 5610 3757 5668 inierunt
