3932 6442
246 400 366 463 653

1136 401 1576 467 CHRONICA.
1608 438 1689 448 —
1716 399 2197 467 CHRONICON
2239 400 2792 468 UMVERSALE.

3547 362 3665 464 654

248 536 359 595 cim
386 535 698 593 catamitos
721 536 1085 610 totidemque
1109 538 1335 610 puellas
1366 535 1653 594 accubare
1686 536 1899 593 solitus
1941 539 1988 599 Α
2017 537 2275 595 Romano
2291 539 2735 595 rexJudaaorum
2750 534 3154 605 constituitur,
3173 535 3554 607 regnavitque
3571 548 3668 593 an'

250 630 415 691 erat;
450 626 679 696 abjecta
711 640 942 697 quoque
1003 642 1184 683 uxore
1216 642 1316 684 sua
1353 627 1676 697 Scribonia,
1706 642 1903 683 amore

251 713 521 784 conjugis
553 712 756 770 alienae
815 730 1144 787 possessus,
1178 716 1416 787 Libiam,
1481 717 1645 788 quasi
1694 718 1906 773 marito

252 803 635 864 concedente.
672 802 785 857 sibi
816 804 1157 872 conjunxit;
1189 805 1358 876 cujus
1390 805 1565 861 Ltbiaa
1591 805 1707 875 jam
1740 810 1908 861 erant

259 889 361 945 ﬁlii
395 892 617 947 Drusus
648 895 706 946 et
730 891 1032 962 Tyberius.
1059 895 1314 963 Cumque
1338 897 1499 949 esset
1522 893 1767 949 luxuriae
1792 907 1912 949 ser-

257 978 445 1048 viens,
480 984 611 1035 erat
639 984 831 1036 tamen
856 979 1118 1048 ejusdem
1142 981 1269 1036 vitii
1290 981 1699 1039 severissimus
1726 982 1906 1051 ultor,

260 1081 425 1123 more
457 1068 753 1125 hominum
807 1068 1167 1140 quorundam
1203 1069 1296 1139 qui
1331 1069 1387 1125 in
1449 1069 1805 1126 ulciscendis
1833 1070 1915 1125 vi-

260 1156 365 1212 tiis
396 1156 612 1226 quibus
644 1157 755 1228 ipsi
816 1156 1194 1213 vehementer
1225 1156 1527 1227 indulgent
1561 1173 1724 1214 acres
1756 1162 1910 1215 sunt.

260 1244 401 1298 Nam
428 1249 659 1315 poetam
684 1245 969 1315 Ovidium,
995 1246 1091 1316 qui
1115 1249 1174 1301 et
1196 1248 1367 1315 Naso,
1398 1262 1500 1318 pro
1523 1262 1593 1303 eo
1615 1246 1768 1317 quod
1789 1249 1916 1302 tres

263 1331 448 1389 libros
477 1333 624 1389 artis
655 1334 953 1390 amatoria:
985 1335 1326 1406 scripserat,
1358 1334 1732 1392 irrevocabili
1763 1335 1919 1391 dam-

262 1422 425 1477 navit
457 1420 652 1478 exilio.
689 1421 1111 1485 Oblectabatur
1137 1423 1311 1478 etiam
1356 1424 1509 1479 omni
1558 1437 1770 1495 genere
1792 1437 1921 1496 spe-

263 1510 651 1581 ctaculorum,
688 1512 966 1584 precipue
1001 1513 1251 1570 ferarum
1285 1512 1579 1583 incognita
1616 1513 1831 1585 Specie.

338 1600 521 1671 Hujus
542 1602 907 1673 temporibus
930 1595 1124 1659 Romae
1149 1602 1445 1674 sapientes
1468 1602 1728 1673 insignes
1748 1605 1916 1658 erant

264 1685 565 1756 Virgilius,
601 1683 874 1744 Horatius
897 1687 1159 1758 Flaccus,
1186 1688 1398 1758 Livius,
1441 1686 1752 1757 Salustius,
1789 1687 1918 1743 Ovi-

268 1771 421 1843 dius,
481 1774 846 1844 Hortensius,
926 1774 1337 1832 Athenodorus
1384 1777 1692 1846 Tharseus,
1773 1774 1916 1829 Sitio

268 1862 721 1921 Alexandrinus.

266 1962 392 2009 Anni
414 1963 635 2023 Augusti.

344 2045 394 2096 1.
431 2042 593 2098 Anno
626 2042 808 2112 igitur
840 2043 1374 2115 septingentesimo
1407 2043 1632 2101 decimo
1663 2058 1691 2099 a
1723 2041 1922 2099 condi-

268 2130 433 2186 tione
455 2131 629 2187 Urbis
651 2132 1005 2189 Octavianus
1025 2136 1218 2190 Caesar
1232 2147 1483 2204 regnare
1507 2132 1703 2204 coepit,
1724 2146 1924 2201 regna-

270 2219 472 2290 vitque
493 2234 623 2276 cum
649 2221 898 2277 Antonio
921 2225 981 2277 et
1006 2222 1223 2295 Lepido
1251 2223 1514 2293 annism,
1535 2225 1741 2293 postea
1762 2219 1923 2277 solus

269 2309 359 2377 44,
393 2308 490 2379 qui
518 2313 659 2366 sunt
691 2310 1110 2381 quinquaginta
1142 2325 1265 2368 sex.
1301 2311 1494 2367 Primo
1550 2314 1742 2367 autem
1775 2323 1924 2365 anno

264 2395 437 2467 jussu
467 2402 706 2455 senatus
759 2399 973 2455 bellum
1007 2400 1315 2458 adversum
1376 2399 1689 2456 Antonium
1721 2398 1920 2467 movit,

270 2498 520 2556 eumque
551 2485 789 2543 devicit.
827 2488 1038 2561 (Ηιεῐι.)
1064 2489 1275 2546 Eodem
1326 2503 1473 2545 anno
1507 2503 1636 2545 cum
1670 2485 1836 2543 multi
1868 2485 1924 2542 in

274 2572 557 2631 ultionem
575 2576 825 2633 Caesaris
841 2577 1275 2650 occiderentur,
1294 2578 1495 2635 Cicero
1509 2577 1565 2632 in
1580 2574 1925 2632 Phormanio

275 2678 385 2722 suo
405 2665 477 2721 ab
499 2665 786 2722 Herennio
815 2670 871 2723 et
901 2667 1109 2724 Publio
1137 2668 1367 2725 occisus
1391 2670 1504 2733 est,
1554 2680 1703 2722 anno
1733 2662 1927 2720 aetatis

281 2768 405 2811 suae
435 2756 520 2810 64.
552 2753 765 2811 Eodem
801 2771 1029 2828 quoque
1050 2771 1198 2812 anno
1222 2756 1462 2813 Ovidius
1495 2756 1643 2810 Naso
1671 2740 1930 2810 nascitur

278 2842 335 2898 in
369 2840 626 2912 Peligne.

348 2934 400 2987 2.
439 2931 676 2989 Curtius
710 2931 982 2990 Salassus
1012 2933 1068 2990 in
1099 2933 1283 2991 insula
1317 2936 1493 2989 Arato
1517 2947 1647 2988 cum
1680 2934 1934 3003 quatuor

282 3019 630 3078 cohortibus
665 3026 913 3079 exustus
943 3026 1031 3079 est
1062 3023 1251 3093 vivus,
1283 3037 1351 3079 eo
1380 3022 1534 3093 quod
1564 3020 1783 3077 tributa
1807 3033 1935 3089 gra-

280 3106 415 3165 vius
436 3108 719 3178 exigeret.

359 3200 409 3253 3.
447 3196 820 3269 Octavianus,
848 3197 1275 3256 interveniente
1299 3201 1527 3269 senatu,
1544 3197 1598 3252 in
1614 3195 1933 3252 amiciciam

287 3284 628 3358 regreditur
657 3302 788 3343 eum
822 3287 1092 3343 Antonio.

357 3377 409 3430 4.
446 3374 793 3432 Corniﬁcius
816 3381 985 3448 poeta
1018 3377 1293 3433 desertus
1322 3392 1351 3433 a
1382 3375 1668 3431 militibus
1688 3372 1932 3443 interiit,

287 3477 435 3535 quos
462 3476 604 3536 sepe
666 3464 957 3534 fugientes
986 3465 1248 3535 galeatos
1304 3465 1539 3537 lepores
1596 3461 1932 3534 appellavit.

287 3553 471 3626 Hujus
500 3568 668 3611 soror
698 3557 826 3611 erat
877 3555 1204 3626 Corniﬁcia,
1238 3553 1407 3625 cujus
1457 3552 1705 3623 insignia
1736 3553 1938 3608 extant

288 3642 730 3714 epigrammata.

365 3754 415 3805 ὅ.
448 3749 711 3806 Secunda
753 3750 1008 3808 secessio
1040 3751 1285 3808 Cmsaris
1321 3754 1380 3807 et
1411 3749 1664 3806 Antonii.

364 3842 415 3894 6.
453 3838 754 3896 Cornelius
796 3841 988 3912 Nepos
1043 3841 1302 3913 scriptor
1360 3839 1694 3911 hystericus
1751 3836 1946 3895 clarus

291 3926 562 3984 habetur.

366 4021 420 4074 7.
453 4017 718 4074 Formius
777 4032 908 4075 cum
942 4018 1060 4075 ﬁlio
1094 4019 1320 4076 Formio
1374 4019 1609 4090 claruit,
1639 4016 1741 4075 sed
1794 4016 1947 4075 ﬁlius

298 4106 628 4165 consularis
659 4110 794 4163 ante
826 4111 1052 4180 patrem
1084 4108 1225 4164 obiit
1251 4107 1338 4164 ‘00.

371 4197 424 4252 8.
458 4197 675 4252 Brutus
704 4206 762 4252 et
793 4196 1045 4268 Cassius,
1091 4197 1315 4267 magnis
1332 4196 1692 4254 exercitibus
1724 4210 1952 4267 compa-

300 4283 465 4357 ratis,
486 4285 640 4357 apud
658 4285 915 4342 Athenas
930 4290 1353 4356 convenerunt,
1371 4290 1674 4357 totamque
1691 4284 1951 4341 Greciam

302 4373 642 4447 depopulati
668 4381 820 4432 sunt.
845 4377 1004 4445 Quos
1027 4377 1219 4433 Caesar
1236 4380 1295 4432 et
1322 4376 1629 4446 Antonius,
1657 4375 1847 4432 denuo
1867 4388 1958 4431 re-

302 4462 625 4535 conciliati,
650 4463 706 4519 in
738 4464 1125 4522 Macedoniam
1152 4464 1447 4536 persecuti
1473 4467 1607 4520 sunt
1631 4462 1777 4519 etad
1807 4476 1958 4519 mor-

305 4556 424 4608 tem
453 4552 896 4624 compulerunt;
927 4567 1075 4623 nam
1104 4553 1156 4608 in
1220 4552 1681 4626 desperationem
1738 4549 1953 4621 adacti,

1967 3257 2016 3319 Ο

2020 627 2108 682 nis
2133 627 2298 684 47‘”.
2327 627 2433 693 Qui
2460 631 2519 684 ut
2553 642 2621 683 se
2665 625 2959 682 Judaeis‘“
2983 626 3167 695 magis
3216 624 3667 697 commendaret,

2021 730 2260 772 uxorem
2297 730 2479 784 suam,
2517 729 2643 785 quae
2678 712 2840 769 [losis
2870 712 3210 781 vocabatur,
3245 711 3315 767 de
3346 726 3455 782 qua
3488 712 3669 769 ﬁlium

2022 804 2253 859 nomine
2280 804 2650 874 Antipatrum
2677 802 2902 871 habuit,
2938 800 3170 871 abjecit,
3194 804 3252 855 et
3286 800 3447 870 regio
3470 799 3671 857 semini

2023 907 2084 949 se
2116 891 2442 962 conjunxit,
2469 890 2761 961 accipiens
2803 888 3189 958 Hariamnem,
3226 888 3399 943 ﬁliam
3430 889 3676 944 Alexan-

2025 981 2134 1051 dri,
2160 980 2261 1035 ﬁlii
2288 979 2626 1049 Aristoboli,
2662 979 2861 1034 fratris
2886 978 3129 1049 Hyrcani
3155 977 3358 1034 summi
3384 977 3676 1049 pontiﬁcis

2026 1076 2084 1126 et
2101 1070 2278 1140 regis,
2306 1083 2475 1140 quam
2502 1071 2913 1139 procreaverat
2939 1067 3087 1122 idem
3111 1064 3438 1121 Alexander
3463 1079 3536 1121 ex
3561 1065 3677 1122 ﬁlia

2026 1158 2273 1229 Hyrcani
2298 1157 2492 1229 patrui
2518 1153 2606 1212 sui
2654 1155 2757 1225 (Cf.
2793 1157 3173 1212 Iliam—.105.
3202 1155 3288 1211 De
3315 1152 3364 1210 ὖ.
3397 1155 3456 1210 .Ῑ.
3494 1169 3531 1223 ι,
3567 1155 3673 1228 11).

2100 1247 2311 1319 (Ηιεη.)
2336 1247 2421 1304 Ab
2453 1248 2562 1303 hoc
2604 1247 2784 1317 igitur
2812 1260 2979 1316 anno,
3031 1243 3127 1315 qui
3158 1247 3249 1300 est
3279 1242 3540 1299 decimus
3574 1244 3680 1300 Oc-

2027 1336 2243 1393 taviani
2275 1337 2522 1392 Czusaris
2552 1340 2610 1393 et
2631 1340 2795 1393 718us
2826 1350 2855 1391 a
2887 1333 3222 1390 conditione
3251 1332 3443 1402 Urbis,
3468 1331 3541 1388 ab
3564 1346 3679 1388 Ol‘l-

2028 1425 2158 1496 gine
2197 1439 2335 1480 vero
2404 1425 2599 1482 mundi
2654 1428 2746 1480 ter
2802 1423 3145 1479 millesimus
3203 1421 3681 1491 nongentesimus

2028 1518 2175 1583 229°,
2211 1528 2452 1582 regnum
2482 1520 2540 1569 et
2595 1513 2986 1570 sacerdotium
3041 1510 3374 1567 Judzeorum
3405 1524 3588 1581 usque
3621 1508 3676 1566 in

2028 1616 2272 1674 presens
2300 1606 2532 1674 tempus
2561 1602 2791 1671 defecit,
2827 1604 2883 1656 et
2915 1599 3194 1669 christus,
3231 1598 3286 1654 id
3320 1602 3409 1654 est
3439 1606 3677 1670 unctus,

2032 1705 2198 1761 quem
2231 1690 2529 1761 Scriptura
2576 1689 2831 1745 Danielis
2862 1686 3172 1757 signiﬁcat,
3209 1686 3379 1742 ﬁnem
3431 1686 3676 1760 accepit.

2033 1778 2184 1847 (Ers.
2210 1779 2290 1834 Η.
2340 1793 2386 1834 e.
2414 1794 2451 1850 ι,
2496 1780 2803 1835 5.—Hnan.
2831 1778 3071 1834 z'nDan.
3107 1778 3285 1849 c.1x.)
3318 1777 3454 1832 Nam
3492 1791 3675 1848 usque

1949 1896 2002 1955 B
2033 1866 2103 1922 ad
2140 1868 2484 1939 Hyrcanum,
2513 1866 3062 1923 AlexandriJamnei
3086 1864 3286 1955 ﬁlium,
3315 1865 3565 1955 judices,
3593 1861 3684 1923 Sa-

2033 1956 2325 2027 cerdotes,
2355 1971 2524 2027 reges
2549 1971 2651 2029 per
2679 1956 3083 2012 successiones
3114 1953 3328 2026 populo
3346 1953 3678 2013 Judaaorum

2034 2046 2406 2117 prefuerunt;
2458 2046 2559 2101 sed
2581 2045 2648 2079 ⁴⁰⁸
2698 2047 3024 2116 Hyrcanum
3059 2045 3242 2101 frater
3272 2042 3499 2101 suus‘°°
3560 2044 3685 2100 Ari-

2035 2133 2305 2190 stobolus
2330 2135 2399 2190 de
2425 2150 2601 2206 regno
2618 2133 3040 2208 expulit,quem
3065 2133 3375 2204 Pompeius
3398 2134 3683 2193 Romano-

2035 2239 2161 2279 rum
2195 2223 2486 2296 princeps,
2550 2226 2778 2281 favente
2836 2222 3146 2295 Antipatro
3190 2220 3438 2278 Herodis
3495 2229 3683 2295 patre,

2036 2312 2322 2382 restituit,
2349 2313 2743 2370 Aristobolum
2762 2327 2903 2370 vero
2921 2313 3158 2368 Romam
3179 2312 3472 2383 captivum
3494 2312 3682 2368 duxit.

2037 2402 2300 2472 Hyrcano
2324 2407 2515 2458 autem
2539 2417 2645 2474 per
2676 2402 2987 2459 consilium
3022 2401 3315 2471 Antigoni,
3343 2400 3442 2455 ﬁlii
3478 2401 3682 2457 fratris

2039 2490 2126 2547 sui
2160 2490 2501 2561 Aristoboli,
2543 2506 2573 2547 a
2601 2491 2835 2549 Parthis
2867 2494 3061 2562 capto,
3089 2489 3408 2560 eodemque
3437 2488 3505 2523 ⁴⁰⁷
3528 2489 3690 2545 Auti-

2038 2594 2187 2650 gono
2218 2579 2275 2635 in
2308 2578 2435 2637 loco
2466 2580 2686 2652 patruti
2720 2581 2791 2635 ab
2822 2579 3038 2636 eisdem
3085 2579 3319 2635 Parthis
3348 2579 3685 2649 subrogato,

2041 2669 2143 2725 sed
2184 2685 2315 2725 mox
2345 2669 2545 2726 eodem
2587 2684 2616 2724 a
2640 2670 2913 2725 Romanis
2946 2682 3049 2724 seu
3081 2668 3151 2723 ab
3186 2668 3407 2724 Herode
3429 2672 3600 2738 capto
3632 2676 3691 2725 et

2043 2760 2376 2829 interfecto,
2401 2758 2872 2831 (llmn.)Herodes
2890 2772 3125 2828 regnum
3147 2758 3392 2830 accepit,
3411 2764 3469 2815 et
3484 2758 3691 2816 exinde

2044 2864 2407 2920 nequaquam
2441 2864 2543 2920 per
2573 2848 3006 2905 successionem
3029 2849 3263 2917 generis
3302 2847 3692 2906 sacerdotalis

2046 2938 2353 3010 pontiﬁces
2368 2938 2677 2994 constituti
2693 2937 2962 3008 sunt,sed
2979 2936 3263 3007 ignobiles
3280 2937 3577 3009 quique,et
3595 2938 3694 2994 alii

2046 3026 2160 3083 alio
2179 3031 2466 3098 tempore,
2492 3025 2753 3083 nonnulli
2773 3040 2913 3083 vero
2945 3039 3051 3097 per
3074 3026 3245 3083 unius
3269 3027 3401 3082 anni
3433 3028 3696 3098 spa‘cium

2046 3115 2138 3171 vel
2192 3094 2478 3172 modicum
2536 3115 2783 3187 amplius
2841 3094 3236 3171 sacerdotium
3294 3094 3699 3173 cineri—ierunt."

2048 3207 2251 3277 Itaque
2278 3205 2533 3262 Herodes
2557 3204 2832 3262 Analcum
2859 3205 3167 3275 quendam,
3193 3204 3262 3262 de
3294 3203 3581 3276 Babylone
3605 3219 3698 3263 ac-

2050 3295 2250 3366 citum,
2288 3294 2619 3366 pontiﬁcem
2667 3293 3008 3361 constituit;
3040 3298 3168 3366 post
3224 3294 3493 3364 exiguum
3553 3311 3695 3353 vero

2046 3383 2330 3455 temporis
2354 3382 2771 3453 Aristobolum,
2800 3383 3037 3438 fratrem
3063 3383 3261 3439 uxoris
3285 3398 3403 3440 suae
3437 3383 3698 3441 Mariam-

2050 3475 2163 3544 nis,
2191 3488 2461 3545 nepotem
2486 3473 2734 3545 Hyrcani
2757 3488 2828 3528 ex
2853 3472 2987 3543 ﬁlia,
3013 3488 3407 3529 successorem
3428 3474 3480 3529 ei
3505 3473 3686 3530 dedit.

2053 3561 2176 3629 Quo
2194 3567 2328 3634 post
2352 3576 2562 3618 annum
2597 3561 3043 3633 consilioipsius
3082 3563 3395 3619 Herodisin
3411 3577 3558 3633 aqua
3583 3563 3700 3620 suf-

2055 3653 2270 3722 focato,
2298 3667 2504 3709 rursus
2527 3651 2922 3708 sacerdotium
2947 3650 3204 3706 reddidit
3226 3650 3472 3719 Analeo;
3496 3652 3700 3724 sicque

2057 3755 2159 3814 per
2190 3740 2455 3798 diversas
2485 3741 2894 3798 successiones
2917 3745 3327 3797 extraneorum
3351 3741 3408 3797 in
3433 3741 3702 3798 sacerdo-

2057 3828 2192 3884 talis
2215 3827 2584 3884 successione
2597 3827 2831 3897 generis
2846 3827 3233 3886 sacerdotium
3250 3828 3459 3884 defecit
3478 3828 3706 3886 Judaeo-

2058 3932 2205 3973 rum.
2252 3918 2390 3983 Quae
2432 3916 2620 3972 omnia
2673 3917 2752 3973 ita
2782 3922 3031 3974 ventura
3059 3917 3299 3988 angelus
3324 3917 3545 3974 Danieli
3574 3932 3705 3989 pre-

2061 4005 2204 4062 dixit
2231 4005 2287 4061 in
2310 4005 2432 4062 haec
2451 4005 2628 4062 verba
2657 4025 2668 4060 :
2698 4006 2819 4062 «Et
2844 4007 2996 4062 scies
3027 4011 3087 4062 et
3113 4006 3421 4077 intelleges
3437 4007 3508 4063 ab
3531 4007 3706 4063 inicio
3758 4042 3782 4061 .

2063 4095 2353 4151 sermonis
2372 4094 2766 4166 respondendi
2798 4095 3196 4153 etaadiﬁcandi
3235 4094 3593 4152 Hierusalem
3612 4111 3707 4153 us-

2064 4199 2174 4256 que
2191 4184 2262 4240 ad
2286 4183 2577 4240 Christum
2617 4183 3178 4242 ducemebdomadaz
3218 4189 3614 4257 septcmetﬁ2,
3648 4190 3708 4241 et

2063 4278 2198 4347 post
2214 4272 2568 4330 ebdomadas
2583 4276 2807 4344 septem
2822 4277 2959 4327 ct6'2
2978 4273 3712 4343 interibitcrisma,ctjudi-

2066 4363 2220 4420 cium
2234 4377 2342 4418 non
2358 4361 2490 4431 erit,
2517 4359 2867 4431 ettemplum
2888 4365 2943 4415 et
2982 4366 3245 4417 sanetum
3260 4367 3713 4434 corrumpctpo-

2068 4452 2413 4526 pulus,duce
2427 4450 2716 4506 veniente.
2732 4470 2758 4499 »
2779 4450 2846 4504 Et
2867 4449 3109 4519 reliqua.
3134 4450 3320 4520 Igitur
3335 4457 3557 4522 septem
3573 4454 3714 4507 et6'2

2071 4541 2428 4612 ebdomada},
2475 4556 2601 4611 qua}
2628 4538 2798 4595 simul
2824 4538 2964 4593 ﬁunt
3016 4543 3102 4609 69,
3139 4540 3353 4594 faciunt
3380 4556 3559 4596 annos
3588 4543 3712 4611 483,

305 4641 676 4699 immaturam
707 4642 816 4700 sibi
850 4646 1097 4699 mortem
1132 4646 1267 4699 ante
1302 4642 1439 4699 belli
1472 4641 1782 4698 terminum
1807 4640 1959 4696 intu-
1984 4628 2039 4689 D
2072 4634 2128 4690 in
2162 4632 2373 4705 quibus
2401 4629 2628 4699 christi,
2659 4629 2714 4685 id
2747 4634 2839 4685 est
2872 4627 3214 4684 sacerdotes
3244 4643 3346 4699 per
3378 4629 3712 4684 unctionem

304 4729 526 4789 lerunt.
560 4732 827 4789 invitatis
860 4733 1072 4805 quippe
1120 4730 1187 4765 ⁴⁰¹
1220 4732 1664 4805 percussoribus
1722 4728 1958 4786 Cassius

308 4824 509 4893 caput,
544 4819 701 4878 latus
731 4820 800 4854 ⁴⁰²
831 4823 1047 4878 Brutus
1078 4822 1333 4895 prebuit.

383 4914 439 4967 9.
471 4910 660 4967 Varus
678 4916 871 4984 poeta,
891 4926 1060 4983 quem
1083 4911 1362 4982 Virgilius
1384 4910 1440 4966 in
1463 4908 1754 4967 Bucolicis
1774 4908 1957 4977 notat,

310 4998 377 5055 in
409 4999 729 5072 Capadocia
758 5001 1024 5058 moritur.

388 5088 475 5146 1'0.
512 5089 773 5146 Herodes
818 5089 1164 5162 alienigena,
1197 5089 1354 5148 ﬁlius
1402 5085 1694 5161 Antipatri
1724 5084 1965 5143 Ydumei

314 5184 379 5236 et
410 5178 676 5253 Cypridis
722 5178 999 5252 Arabitaa,
1056 5179 1339 5237 suadente
1394 5176 1664 5249 Antonio,
1700 5192 1731 5235 a
1761 5176 1967 5233 senatu

2072 4720 2423 4787 consecrati,
2445 4717 3406 4789 regnaveruntabinstaurationet
3444 4716 3581 4788 mpli
3606 4718 3718 4773 sub

2072 4812 2245 4870 Dario
2270 4823 2453 4880 usque
2476 4809 2545 4865 ad
2579 4810 2924 4878 Hyrcanum,
2954 4806 3007 4862 in
3032 4821 3145 4877 quo
3169 4807 3485 4861 novissimo
3507 4806 3719 4862 crisma

2074 4906 2132 4960 et
2150 4900 2550 4959 sacerdocium
2567 4897 2776 4954 defecit
2790 4895 3630 4972 Judaorum.(llisp.z'nDareo.
3643 4899 3720 4968 Ix)

2077 4988 2404 5061 Quod(2[5)
2428 4992 2622 5044 autem
2664 5001 2691 5042 a
2731 4985 3090 5058 perfectione
3129 4984 3466 5057 templi,hoc
3484 4982 3657 5039 est‘”
3691 4998 3719 5039 a

2078 5083 2247 5139 sexto
2278 5068 2433 5134 Darii
2485 5091 2657 5147 anno,
2720 5091 2903 5148 usque
2935 5075 3005 5132 ad
3051 5074 3119 5108 “’9
3151 5074 3419 5132 decimun
3474 5073 3725 5143 Augusti

2080 5184 2226 5228 anno
2256 5170 2479 5241 septem
2534 5169 2591 5223 et
2624 5169 2693 5222 62
2750 5163 3108 5235 ebdomadae,
3168 5162 3229 5220 id
3259 5168 3351 5221 est
3410 5162 3542 5221 anni
3601 5164 3724 5235 483,

1677 5324 1918 5387 manu
1961 5319 2363 5407 LECTIONES.

392 5453 468 5489 ‘°°
495 5454 660 5514 deest
702 5457 779 5512 9°.
890 5454 959 5491 ιοι
987 5454 1154 5516 deest
1194 5458 1270 5515 9°.
1375 5455 1446 5491 ⁴⁰²
1484 5455 1651 5514 deest
1699 5459 1749 5511 δ.

1848 5451 1917 5487 ⁴⁰³
1947 5450 2206 5508 XXXVII.
2240 5452 2293 5503 5.
2354 5440 2665 5503 XXXXVIII
2700 5441 2775 5499 ib.

2871 5441 2938 5476 ⁴⁰⁶
2993 5444 3031 5500 i.
3083 5456 3148 5501 se
3179 5449 3231 5502 δ.
3307 5436 3402 5477 ’⁴⁰⁵
3455 5441 3619 5501 deest
3676 5446 3737 5499 9°

317 5522 391 5560 ‘°°
423 5526 552 5598 ejus
572 5532 652 5587 9°.
726 5525 799 5562 ‘°"
828 5527 1029 5586 eodem
1059 5532 1138 5587 9°.
1173 5533 1259 5587 Η.
1335 5526 1407 5563 ⁶⁰⁸
1428 5528 1539 5586 hoc
1570 5530 1659 5586 est
1691 5526 1810 5585 des.
1846 5529 1922 5583 9°.
1999 5521 2070 5558 ⁴⁰⁹
2093 5522 2258 5578 deest
2281 5523 2331 5576 δ.

1916 5647 2141 5708 NOTAE.

388 5724 560 5800 (216)
595 5724 680 5783 Cf.
716 5723 918 5781 eadem
948 5726 1126 5782 verba
1160 5740 1336 5797 supra
1362 5724 1620 5783 001.554.
