3932 6410
283 341 403 406 655

1445 332 1929 397 EKKEHARDI
1973 331 2536 397 URAUGIENSIS

3577 334 3697 396 656

314 475 714 551 omputentur,
738 471 823 532 sic
842 485 1155 547 possumus
1173 470 1519 544 approbare.
1545 468 1933 541 Sexagesima
1962 470 2021 532 Α
2048 469 2375 542 sedentem,
2407 486 2438 528 a
2482 468 2879 527 fundamentis
2932 467 3243 540 suscitans,
3301 468 3359 525 in
3414 468 3697 526 honorem

276 569 469 625 sexta
489 561 835 637 Olympiadis
854 576 1005 618 anno
1042 561 1249 634 primo,
1281 560 1391 617 hoc
1413 562 1501 616 est
1551 558 1708 616 Darii
1739 560 1931 631 sexto,

275 653 565 728 completa
595 656 686 711 est
718 650 923 725 templi
970 651 1306 722 aedificatio,
1339 654 1396 707 et
1427 653 1529 715 186
1585 647 1934 721 Olympiadis

277 758 426 801 anno
454 741 732 814 secundo,
764 740 822 797 id
853 745 944 796 est
979 740 1230 811 Augusti
1276 739 1519 810 decimo,
1548 737 1811 794 Herodes
1844 752 1934 793 re-

273 846 451 905 gnum
482 830 743 903 suscepit
775 829 1132 902 Judaorum,
1165 830 1222 886 in
1248 827 1461 901 quibus
1483 827 1625 884 ﬁunt
1648 826 1781 884 anni
1805 828 1929 898 483,

275 935 379 994 per
410 918 669 992 singulas
699 918 1063 991 olympiades
1097 916 1482 991 quadriennio
1515 916 1853 988 subputato.

322 1010 448 1061 Anni
475 1008 684 1058 Herodis
712 1009 865 1071 regis.

343 1092 515 1147 11.1.
552 1088 766 1161 (Πιειι.)
800 1086 1093 1145 Salustius
1147 1086 1296 1143 obiit
1354 1083 1737 1157 quadriennio
1794 1086 1929 1140 ante

273 1175 489 1236 bellum
536 1176 861 1235 Actiacum.
896 1175 1075 1232 Luna
1129 1190 1344 1233 cursus
1376 1172 1695 1232 secundum
1726 1173 1931 1230 Roma-

271 1282 381 1325 nos
412 1267 524 1326 hoc
555 1281 705 1325 anno
735 1266 1011 1324 inventus
1039 1273 1150 1325 est.

342 1360 429 1414 12.
462 1361 515 1414 2.
547 1354 839 1413 Antonius
867 1355 1193 1430 Cleopatra
1233 1356 1501 1428 junctus,
1538 1355 1623 1412 illi
1655 1353 1927 1412 Arabiam

274 1445 458 1505 dedit.

348 1538 432 1592 13.
466 1538 517 1592 3.
568 1534 874 1594 Octaviani
904 1539 965 1592 et
1018 1534 1255 1591 Antonii
1288 1534 1489 1592 tercia
1546 1531 1928 1589 dissensionis

273 1622 604 1695 exordium,
637 1637 707 1679 eo
737 1622 893 1695 quod
924 1623 1232 1695 Antonius,
1259 1621 1567 1695 repudatia
1586 1634 1787 1678 sorore
1812 1621 1928 1678 Ca-

274 1713 443 1784 saris,
475 1710 741 1770 duxisset
773 1710 1161 1784 Cleopatram.

2048 560 2297 630 Augusti
2333 559 2677 632 Sebastiam,
2712 559 2769 615 id
2802 563 2893 616 est
2919 563 3256 629 Augustam,
3282 555 3621 630 appellavit,

2116 653 2202 706 29.
2241 653 2324 706 19.
2363 651 2422 706 In
2485 651 2673 721 Cypro
2706 647 3087 722 plurimarum
3139 647 3442 706 civitatum
3497 652 3697 720 partes

2044 742 2369 795 terremotu
2404 738 2771 796 ceciderunt.

2115 832 2201 883 30.
2234 833 2322 885 20.
2358 829 2546 885 Varus
2576 833 2636 884 et
2664 829 2871 897 Tucca,
2907 825 3131 896 Virgilii
3162 830 3221 881 et
3252 825 3474 883 Horatii
3495 830 3695 883 contu-

2044 916 2333 988 bernales,
2354 921 2540 989 poeta
2562 917 2853 974 habentur
2877 914 3156 987 illustres,
3183 914 3279 986 qui
3299 913 3481 972 libros
3499 912 3693 969 Enei-

2041 1003 2154 1060 don
2186 1010 2387 1076 postea
2446 1005 2842 1062 emendandos
2871 1008 3257 1076 susceperunt
3286 1003 3357 1059 ab
3398 1006 3680 1073 Augusto,

2040 1107 2106 1150 ea
2143 1093 2270 1164 lege
2293 1098 2356 1151 ut
2386 1093 2564 1151 nichil
2596 1094 2667 1150 de
2690 1109 2797 1152 suo
2829 1093 3134 1160 adderent.

2111 1186 2313 1239 31.21.
2344 1184 2598 1256 Agrippa
2634 1182 2996 1255 Bosphorum
3027 1181 3205 1254 cepit.

2111 1276 2197 1329 32.
2233 1277 2320 1329 22.
2355 1274 2659 1344 Augustus
2691 1287 2721 1329 a
2755 1275 2963 1329 senatu
2995 1271 3279 1328 maximus
3298 1270 3555 1342 pontifex
3585 1283 3683 1326 no-

2040 1361 2318 1418 minatur.

2111 1453 2198 1505 33.
2233 1454 2320 1506 23.
2355 1449 2617 1506 Herodes
2666 1450 2990 1507 Casaream
3021 1448 3250 1506 nomine
3277 1447 3519 1505 Casaris
3547 1462 3682 1505 con-

2041 1538 2210 1610 didit,
2247 1554 2374 1610 qua
2404 1540 2570 1611 prius
2601 1538 2788 1596 turris
2812 1539 3105 1595 Stratonis
3135 1538 3468 1595 vocabatur.

2111 1631 2197 1684 34.
2231 1632 2318 1685 24.
2356 1628 2632 1685 Horatius
2687 1633 2783 1685 57°
2814 1628 3007 1684 atatis
3061 1638 3183 1684 sua
3238 1640 3386 1683 anno
3439 1626 3682 1683 moritur

2039 1717 2254 1774 Roma.

350 1802 436 1858 14.
467 1803 520 1857 4.
555 1799 792 1893 ῌίοριθε
821 1804 880 1856 et
911 1799 1249 1857 Theodorus
1280 1799 1592 1856 rethorica
1622 1796 1769 1853 artis
1802 1810 1925 1869 pre-
1955 1830 2012 1893 Β
2112 1810 2197 1861 35,
2230 1810 2320 1861 25,
2351 1805 2539 1863 Julius
2571 1805 2847 1877 Hyginus,
2899 1807 3286 1874 cognomento
3319 1802 3674 1876 polyhystor,

276 1894 553 1963 ceptores
580 1887 892 1946 habentur.

350 1983 437 2036 16.
472 1983 524 2035 6.
560 1977 850 2034 Antonius
878 1981 937 2034 et
988 1976 1298 2049 Cle0patra
1329 1980 1517 2032 semet
1548 1972 1925 2042 interficiunt,

277 2071 336 2125 et
365 2066 652 2140 Egyptus
671 2065 735 2122 ﬁt
761 2067 1013 2123 Romana
1047 2065 1369 2139 provincia,
1406 2065 1461 2120 in
1494 2078 1606 2135 qua
1640 2077 1826 2134 usque
1859 2061 1930 2117 ad

271 2155 346 2192 ⁴²⁰
371 2155 737 2228 CleOpatram
770 2158 1160 2225 regnaverunt
1194 2154 1289 2225 qui
1312 2152 1674 2210 vocabantur
1705 2148 1932 2221 Lagida

277 2246 444 2303 annis
464 2249 570 2303 273
590 2243 681 2316 ιιι,
712 2244 836 2317 ipsa
869 2258 1010 2301 vero
1043 2243 1309 2314 regnavit
1338 2243 1504 2299 annis
1532 2246 1619 2313 22,
1654 2240 1750 2313 qui
1787 2240 1931 2297 fiunt

278 2335 410 2393 anni
442 2334 681 2393 ducenti
713 2333 1029 2405 nonaginta
1061 2334 1339 2405 quinque.

349 2426 435 2480 16.
469 2428 529 2481 6.
566 2420 866 2496 Nicopolis
908 2421 1077 2493 juxta
1136 2422 1367 2478 Actium
1429 2417 1929 2493 promunctorium

278 2512 512 2572 condita
534 2516 645 2569 est.

355 2611 437 2665 17.
471 2609 527 2663 7.
542 2604 979 2663 “’Octavianus
1001 2605 1346 2662 Casarcum
1380 2603 1599 2675 ingenti
1632 2601 1930 2673 triumpho

277 2697 518 2754 Romam
541 2694 846 2767 ingressus
867 2698 980 2766 est,
1009 2692 1203 2751 ductis
1222 2698 1356 2749 ante
1375 2707 1611 2749 currum
1641 2692 1769 2763 ejus
1792 2689 1929 2746 filiis

281 2784 626 2858 Cleopatra,
653 2782 784 2839 Sole
806 2788 867 2840 et
888 2785 1065 2854 Luna,
1081 2783 1402 2853 eodemque
1416 2782 1508 2839 die
1534 2782 1624 2839 sui
1651 2778 1927 2851 triumphi

279 2887 487 2931 nomen
518 2871 747 2944 accepit
796 2870 1067 2943 Augusti.
1100 2870 1313 2927 Eodem
1346 2885 1496 2928 anno
1542 2871 1769 2927 Marcus
1798 2870 1931 2925 Ter-

281 2961 510 3020 rentius
535 2960 691 3018 Varo
722 2959 1123 3033 phylosophus
1148 2974 1327 3033 prOpe
1357 2959 1785 3029 nonagenarius
1817 2972 1930 3013 mo-

280 3052 461 3114 ι’ἱῑιινο

2040 1895 2456 1965 grammaticus
2488 1894 2737 1951 habetur
2766 1894 3036 1951 illustris.

2113 1988 2199 2041 36.
2236 1988 2322 2041 26.
2358 1983 2618 2040 Herodes
2652 1986 2999 2054 Hyrcanum,
3026 1981 3125 2054 qui
3155 1979 3293 2038 olim
3322 1980 3591 2038 sacerdos
3621 1987 3675 2038 et

2042 2088 2146 2130 rex
2174 2072 2507 2130 Judaorum
2542 2073 2752 2144 fuerat,
2787 2086 2963 2129 causa
2991 2069 3150 2127 illius
3180 2070 3454 2127 amicicia
3484 2070 3680 2142 pristi-

2042 2177 2128 2219 na
2161 2162 2288 2233 ipso
2321 2166 2563 2231 rogante
2604 2160 2673 2195 ⁸³³
2702 2162 2773 2218 de
2821 2160 3163 2231 captivitate
3192 2172 3521 2229 regressum
3548 2159 3681 2215 Par-

2042 2251 2219 2321 thica,
2251 2249 2487 2320 occidit,
2525 2254 2789 2307 metuens
2815 2264 2885 2305 ne
2917 2248 3208 2320 reciperet
3237 2262 3501 2318 regnum.

2114 2345 2201 2397 37.
2234 2345 2324 2397 27.
2357 2339 2620 2396 Herodes
2640 2337 3061 2405 Aristobolum,
3086 2338 3325 2393 fratrem
3344 2336 3545 2393 uxoris
3563 2350 3681 2393 sua

2042 2428 2390 2498 Mariamnis,
2425 2427 2893 2499 suﬁ‘ocarijussit
2927 2427 3029 2499 (Cf.
3052 2428 3173 2483 Jos.
3206 2440 3299 2495 xv,
3324 2430 3401 2487 3).

2112 2521 2199 2573 38.
2233 2522 2319 2573 28.
2357 2517 2570 2586 (Ηιεκ.)
2600 2517 2902 2588 Tyberius,
2954 2515 3199 2585 Augusti
3233 2513 3551 2587 privignus,
3584 2512 3684 2570 sed

2033 2606 2151 2677 jam
2176 2607 2232 2661 in
2254 2605 2432 2663 filium
2459 2605 2797 2677 adoptatus,
2821 2605 3033 2662 deletis
3051 2602 3387 2675 Vindelicis,
3406 2601 3687 2660 Armeniis

2039 2700 2097 2752 et
2130 2695 2467 2764 Pannoniis,
2501 2694 2903 2767 triumphavit.

2112 2789 2197 2841 39.
2229 2788 2315 2840 29.
2354 2788 2653 2854 Augustus
2681 2784 2893 2839 Juliam
2913 2782 3087 2838 ﬁliam
3118 2796 3278 2839 suam
3311 2781 3366 2837 in
3398 2779 3686 2837 adulterio

2039 2874 2460 2946 deprehensam
2488 2873 2783 2931 damnavit
2805 2872 3001 2929 exilio.
3031 2872 3257 2929 Marcus
3276 2869 3497 2927 Tullius
3518 2871 3680 2940 Tyro,

2040 2963 2340 3020 Ciceronis
2371 2962 2640 3033 libertus,
2674 2962 2772 3034 qui
2802 2961 3023 3033 primus
3050 2965 3218 3018 notas
3269 2963 3692 3017 commentatus

2042 3056 2152 3123 est,
2186 3052 2243 3107 in
2273 3050 2593 3107 Puteolano
2635 3049 2838 3123 predio
2871 3063 3060 3122 usque
3115 3047 3189 3105 ad
3216 3051 3447 3106 centum
3504 3061 3686 3104 annos

357 3144 441 3199 18.
475 3143 526 3197 8.
562 3137 867 3198 Cornelius
884 3136 1084 3196 Gallus
1107 3136 1524 3208 Forojuliensis
1548 3141 1740 3209 poeta,
1765 3136 1935 3209 cujus
1963 3189 2010 3209 η
2042 3154 2495 3209 consenescens,
2528 3140 2796 3197 moritur.

281 3189 562 3300 Virgilius
582 3189 1520 3298 mer—uinit'ineg—lwdgaultima-qui
1960 3189 2013 3255 ο
2045 3189 2796 3287 "id:
2856 3227 3074 3285 Latinis
3106 3226 3463 3285 declamator
3512 3226 3689 3285 tadio

282 3317 340 3375 in
363 3315 719 3392 provinciam
745 3315 1040 3373 redactam
1057 3314 1282 3387 primus
1296 3314 1469 3385 rexit,
1493 3314 1588 3368 440
1601 3313 1795 3369 atatis
1809 3327 1932 3369 sua

283 3417 433 3465 anno
466 3404 704 3480 propria
736 3417 907 3462 manu
941 3419 1001 3463 se
1034 3404 1351 3461 interfecit.
1674 3456 1675 3467 χ

358 3499 443 3553 19.
476 3499 531 3551 9.
565 3494 867 3564 Augustus
915 3490 1241 3550 Calabriam
1272 3496 1332 3547 et
1362 3490 1556 3547 Gallos
1612 3486 1934 3559 vectigales

286 3583 445 3642 fecit.

354 3675 444 3731 20.
484 3674 569 3728 10.
592 3670 819 3728 Marcus
843 3668 1087 3726 Gnatius
1106 3667 1402 3739 Plancius,
1448 3666 1743 3724 Ciceronis
1763 3664 1937 3722 disci-

289 3759 464 3836 pulus
493 3763 694 3817 orator
745 3757 991 3829 insignis
1046 3757 1317 3828 habetur,
1354 3757 1451 3829 qui
1507 3772 1637 3814 cum
1696 3753 1937 3812 Galliam

288 3853 575 3908 comatam
604 3850 859 3918 regeret,
892 3845 1235 3917 Lugdunum
1258 3844 1541 3902 condidit.

359 3943 448 3997 21.
484 3942 569 3994 11.
597 3935 917 4003 Quintilius
932 3934 1363 4007 Cremonensis,
1389 3935 1615 4006 Virgilii
1636 3940 1693 3990 et
1717 3932 1940 3991 Horatii

286 4024 357 4060 ⁴¹³
388 4025 630 4097 amicus,
661 4023 931 4081 moritur.

295 4129 298 4133 ‘
355 4118 447 4173 22.
482 4118 567 4172 12.
601 4113 852 4185 Pylades
883 4111 1045 4171 Cilex
1074 4111 1467 4185 pantomimus
1492 4112 1715 4184 primus
1748 4113 1944 4171 Roma
1968 4168 1985 4175 _

292 4202 534 4261 chorum
561 4207 622 4259 et
656 4201 911 4259 ﬁstulam
943 4202 1055 4259 sibi
1085 4202 1390 4275 precinere
1421 4201 1578 4259 fecit.

365 4297 453 4351 23.
488 4292 575 4349 13.
637 4291 919 4363 Tyberius
957 4292 1029 4348 ab
1083 4293 1346 4363 Augusto
1395 4291 1613 4349 missus
1640 4288 1950 4363 occupavit

298 4379 647 4439 Armeniam.

368 4473 456 4526 24.
490 4473 577 4527 14.
620 4467 883 4526 Herodes
914 4468 1068 4542 apud
1098 4468 1545 4527 Hierosolimam
1607 4469 1863 4528 munitas
1890 4469 1949 4524 et

297 4573 537 4630 magnas
567 4558 726 4617 ades
760 4558 1114 4617 construxit.

368 4654 454 4707 25.
492 4653 576 4706 16.
614 4647 895 4719 Virgilius
925 4645 1241 4705 Brundusii
1270 4647 1541 4719 moritur,
1559 4651 1617 4705 et
1650 4647 1950 4721 Neapolim

297 4738 676 4809 transfertur,
710 4738 879 4809 cujus
920 4737 1187 4795 tumulus
1208 4735 1276 4771 ⁴¹⁸
1309 4736 1638 4808 hujusmodi
1690 4740 1949 4797 notatur.

301 4841 471 4899 quem
503 4827 645 4899 ipse,
683 4830 747 4884 ut
776 4826 959 4897 aiunt,
995 4824 1250 4883 moriens
1273 4825 1539 4884 dictavit:

401 4915 662 4975 Mantua
688 4929 781 4973 me
802 4915 1037 4988 genuit,
1065 4913 1320 4975 Calabri
1345 4928 1619 4988 rapuere,
1637 4915 1960 4977 tenetmmc

443 5004 858 5078 Parthenope;
875 5004 1328 5078 cecinipascaa,
1347 5019 1518 5078 rara,
1537 5004 1730 5067 duces.

372 5096 462 5152 26.
501 5098 583 5151 16.
617 5093 881 5151 Herodes
922 5093 979 5149 in
1012 5093 1278 5153 Paneade
1309 5094 1365 5152 id
1419 5097 1577 5170 quod
1609 5098 1828 5157 Panum
1858 5112 1959 5157 vo-

302 5187 474 5241 catur
495 5183 811 5241 exstruxit.

375 5275 465 5329 27.
501 5278 586 5331 17.
622 5275 926 5344 Augustus
955 5273 1163 5331 Samiis
1195 5274 1525 5335 libertatem
1559 5277 1739 5336 dedit.

2044 3317 2295 3390 duplicis
2321 3321 2623 3390 quartana
2658 3333 2719 3373 se
2754 3318 3068 3374 interfecit.

2117 3411 2203 3464 41.
2237 3411 2324 3463 31.
2363 3408 2461 3480 (Η.
2490 3409 2595 3480 m.)
2656 3406 2884 3464 Cirinus
2914 3422 2987 3463 ex
3043 3404 3290 3462 consilio
3349 3409 3586 3462 senatus
3616 3404 3691 3461 ad

2043 3495 2299 3552 Judaam
2324 3496 2560 3567 missus,
2588 3510 2803 3551 census
2822 3495 3118 3552 hominum
3141 3493 3692 3566 possessionumque

2044 3584 2380 3657 descripsit.
2436 3587 2732 3655 Augustus
2762 3599 2923 3654 vero,
2975 3581 3405 3640 habitatoribus
3431 3582 3697 3638 Romana

2049 3672 2212 3728 urbis
2228 3686 2331 3743 per
2346 3672 2523 3728 facies
2537 3670 3696 3741 dinumeratis,invenitvirorum131,000

2047 3760 2289 3830 triginta
2311 3764 2557 3833 septem.

2123 3853 2210 3905 42.
2244 3854 2329 3906 32.
2367 3853 2667 3919 Augustus
2702 3851 2896 3906 Casar
2928 3852 3023 3906 42°
3045 3848 3271 3921 imperii
3301 3848 3388 3905 sui
3412 3861 3581 3917 anno,
3600 3844 3696 3918 qui

2053 3944 2144 3996 est
2180 3941 2251 3996 ab
2283 3941 2439 3997 Urbe
2472 3939 2705 3995 condita
2754 3944 2935 4009 7:50“,
2969 3940 3040 3994 ab
3070 3939 3295 3994 oriente
3325 3938 3382 3993 in
3437 3936 3703 3994 occiden-

2056 4033 2192 4100 tem,
2225 4044 2256 4085 a
2315 4029 2720 4100 septentrione
2772 4028 2828 4083 in
2884 4027 3204 4099 meridiem,
3240 4041 3303 4083 ac
3358 4040 3462 4098 per
3519 4028 3703 4082 totum

2057 4118 2259 4176 oceani
2282 4118 2590 4189 circulum,
2618 4133 2731 4189 quo
2750 4119 3066 4174 Romanum
3091 4116 3356 4188 pervenit
3379 4115 3702 4188 imperium,

2060 4207 2289 4266 cunctis
2323 4207 2600 4278 gentibus
2626 4222 2737 4264 una
2789 4221 2932 4279 pacc
2965 4205 3324 4278 compositis,
3349 4204 3474 4261 Jani
3506 4207 3707 4276 portas

2058 4296 2246 4354 tercio
2279 4295 2405 4369 ipse
2438 4295 2674 4367 clausit,
2709 4310 2855 4367 quas
2886 4299 3104 4352 extunc
3146 4309 3250 4367 per
3283 4298 3351 4350 12
3382 4293 3497 4351 fere
3528 4306 3707 4350 annos

2063 4384 2432 4457 quictissimo
2447 4399 2679 4457 semper
2702 4385 3012 4442 obseratas
3025 4384 3154 4441 ocio
3167 4384 3290 4456 ipsa
3305 4381 3478 4440 etiam
3501 4380 3709 4451 rubigo

2064 4474 2349 4545 signavit;
2374 4489 2479 4530 nec
2507 4488 2775 4546 umquam
2811 4478 3038 4547 postea,
3064 4474 3177 4531 nis:
3210 4472 3320 4530 sub
3341 4476 3601 4529 extrema
3623 4483 3711 4527 se-

1977 4558 2035 4624 D
2064 4567 2304 4623 nectute
2337 4563 2604 4635 Augusti,
2636 4563 2906 4635 pulsante
2953 4562 3392 4620 Atheniensium
3423 4558 3711 4618 seditione

2066 4658 2124 4711 et
2147 4656 2432 4712 Dacorum
2454 4653 2840 4711 commotione
2861 4656 3200 4725 patuerunt.
3228 4651 3330 4722 (Η.
3353 4651 3459 4723 m.)
3485 4647 3711 4706 Cleusis

2067 4743 2248 4816 igitur
2276 4743 2403 4801 Jani
2440 4741 2510 4777 ⁴¹⁶
2537 4743 2749 4817 portis,
2810 4757 2929 4800 rem
2960 4741 3275 4815 publicam,
3334 4754 3504 4813 quam
3560 4736 3713 4795 bello

2068 4833 2387 4906 quesierat.
2415 4845 2558 4906 pace
2604 4832 2832 4891 nutrire
2854 4836 3029 4905 atque
3062 4830 3418 4904 ampliﬁcare
3448 4828 3711 4898 studens,

2067 4923 2231 4995 leges
2246 4923 2471 4997 primus
2485 4922 2714 4994 statuit,
2733 4936 2839 4996 per
2853 4937 2997 4994 quas
3008 4936 3194 4993 genus
3205 4920 3519 4979 humanum
3533 4915 3716 4973 libera

2071 5012 2403 5071 reverentia
2428 5025 2646 5069 morem
2675 5016 2942 5082 gereret;
2966 5011 3091 5084 ipse
3120 5025 3262 5069 vero
3285 5006 3501 5067 domini
3523 5002 3719 5079 appel-

2068 5101 2347 5160 lationem
2378 5105 2445 5159 ut
2488 5101 2661 5159 homo
2690 5100 3027 5158 declinavit.
3088 5100 3229 5157 Nam
3287 5095 3493 5156 eodem
3544 5092 3717 5152 ludos

2071 5195 2402 5265 spectante,
2436 5206 2567 5249 cum
2588 5190 2821 5263 quidam
2842 5189 3053 5248 mimus
3073 5187 3492 5263 pronunciaret
3515 5204 3529 5241 :
3559 5185 3605 5243 Ο
3623 5182 3719 5242 do-

2070 5282 2305 5339 minam
2323 5294 2559 5354 aquam
2579 5281 2639 5338 et
2656 5279 2900 5338 bonam!
2934 5279 3310 5351 universique
3323 5275 3487 5350 quasi
3499 5274 3571 5332 de
3598 5273 3722 5345 ipso

378 5364 465 5418 28.
498 5365 582 5419 18.
618 5363 876 5422 Herodes
905 5363 1242 5437 Samariam,
1265 5365 1404 5423 olim
1423 5366 1541 5438 jam
1575 5367 1631 5425 in
1663 5366 1964 5429 cineribus
2075 5371 2298 5428 dictum
2321 5369 2689 5427 exsultanter
2715 5367 3225 5443 approbavisseut,
3251 5364 3350 5426 ille
3378 5363 3580 5428 statim
3601 5361 3724 5437 qui-

1673 5485 1910 5544 VARLE
1949 5486 2351 5548 LECTIONES.

311 5590 617 5697 "3:13.91".
634 5594 889 5697 ἒῗςηηῗῗ.
907 5597 1401 5697 θὲἔλὲξῖίέἱῑέἶεη.
1442 5598 1514 5697 3‘.”
1541 5600 1633 5697 ΚΕ
1686 5603 1748 5697 ’3;
1772 5602 1834 5697 ετ
1857 5603 1950 5663 ίία
1975 5604 2249 5697 samem
2279 5616 2504 5697 (ἔηζξέθθη
2530 5602 2824 5697 ’πίπίῖνθνη
2867 5601 3162 5697 κανωναέ
3205 5599 3322 5697 .3"
3352 5599 3525 5697 9&3?“
3556 5593 3721 5697 “3415;

409 5664 575 5740 cujus
605 5664 830 5739 tytulus
857 5667 911 5724 h.
945 5672 1021 5725 9°.
1054 5670 1405 5730 vocabulum
1435 5670 1628 5751 deesse
1642 5673 1898 5732 videtur.
1978 5674 2049 5712 ⁸³⁵
2071 5664 2351 5750 regnante
2370 5678 2428 5731 9ο
2449 5677 2732 5748 regnante
2752 5686 2903 5735 corr.
2925 5677 3173 5747 rogante
3204 5672 3288 5736 1b.
3359 5671 3431 5709 ‘“
3444 5672 3562 5747 jam
3584 5674 3639 5735 6.
3669 5675 3729 5734 9°
