  <div class='ocr_page' id='page_1' title='image "/cluster/home/n/w/nwhite01/storage/ocr_20150623/153-154/uc1.31175019678096/921.png"; bbox 0 0 3932 6408; ppageno 0'>
   <div class='ocr_carea' id='block_1_1' title="bbox 316 408 434 489">
    <p class='ocr_par' dir='ltr' id='par_1_1' title="bbox 316 408 434 489">
     <span class='ocr_line' id='line_1_1' title="bbox 316 408 434 489; baseline -0.034 -10"><span class='ocrx_word' id='word_1_1' title='bbox 316 408 434 489; x_wconf 74' lang='lat'>659</span> 
     </span>
    </p>
   </div>
   <div class='ocr_carea' id='block_1_2' title="bbox 320 548 1680 624">
    <p class='ocr_par' dir='ltr' id='par_1_2' title="bbox 320 548 1680 624">
     <span class='ocr_line' id='line_1_2' title="bbox 320 548 1680 624; baseline 0 -17"><span class='ocrx_word' id='word_1_2' title='bbox 320 548 772 622; x_wconf 81' lang='lat' dir='ltr'>Alexandrinus,</span> <span class='ocrx_word' id='word_1_3' title='bbox 809 555 1125 624; x_wconf 85' lang='lat' dir='ltr'>preceptor</span> <span class='ocrx_word' id='word_1_4' title='bbox 1156 552 1410 622; x_wconf 72' lang='lat' dir='ltr'>Senecae,</span> <span class='ocrx_word' id='word_1_5' title='bbox 1445 550 1680 609; x_wconf 79' lang='lat' dir='ltr'>claruit.</span> 
     </span>
    </p>
   </div>
   <div class='ocr_carea' id='block_1_3' title="bbox 299 640 1971 714">
    <p class='ocr_par' dir='ltr' id='par_1_3' title="bbox 299 640 1971 714">
     <span class='ocr_line' id='line_1_3' title="bbox 299 640 1971 714; baseline 0 -18"><span class='ocrx_word' id='word_1_6' title='bbox 299 657 303 660; x_wconf 91' lang='grc'><strong>·</strong></span> <span class='ocrx_word' id='word_1_7' title='bbox 390 643 440 696; x_wconf 91' lang='grc'>8.</span> <span class='ocrx_word' id='word_1_8' title='bbox 476 643 560 698; x_wconf 77' lang='grc'>55.</span> <span class='ocrx_word' id='word_1_9' title='bbox 597 640 662 696; x_wconf 86' lang='grc' dir='ltr'>Α.</span> <span class='ocrx_word' id='word_1_10' title='bbox 696 641 759 698; x_wconf 92' lang='lat' dir='ltr'>D.</span> <span class='ocrx_word' id='word_1_11' title='bbox 798 642 881 697; x_wconf 75' lang='grc'>14.</span> <span class='ocrx_word' id='word_1_12' title='bbox 917 645 1216 710; x_wconf 84' lang='lat' dir='ltr'>Augustus</span> <span class='ocrx_word' id='word_1_13' title='bbox 1258 657 1387 698; x_wconf 92' lang='lat' dir='ltr'>eum</span> <span class='ocrx_word' id='word_1_14' title='bbox 1433 641 1678 714; x_wconf 81' lang='lat' dir='ltr'>&#39;I‘yberio</span> <span class='ocrx_word' id='word_1_15' title='bbox 1729 655 1971 697; x_wconf 90' lang='lat' dir='ltr'>censum</span> 
     </span>
    </p>
   </div>
   <div class='ocr_carea' id='block_1_4' title="bbox 319 729 1975 802">
    <p class='ocr_par' dir='ltr' id='par_1_4' title="bbox 319 729 1975 802">
     <span class='ocr_line' id='line_1_4' title="bbox 319 729 1975 802; baseline -0.001 -16"><span class='ocrx_word' id='word_1_16' title='bbox 319 729 514 786; x_wconf 67' lang='lat' dir='ltr'>Romae</span> <span class='ocrx_word' id='word_1_17' title='bbox 546 730 794 802; x_wconf 76' lang='lat' dir='ltr'>agitans,</span> <span class='ocrx_word' id='word_1_18' title='bbox 829 730 1047 787; x_wconf 85' lang='lat' dir='ltr'>invenit</span> <span class='ocrx_word' id='word_1_19' title='bbox 1097 731 1374 802; x_wconf 82' lang='lat' dir='ltr'>nonagies</span> <span class='ocrx_word' id='word_1_20' title='bbox 1411 737 1497 787; x_wconf 88' lang='lat' dir='ltr'>ter</span> <span class='ocrx_word' id='word_1_21' title='bbox 1523 734 1770 787; x_wconf 89' lang='lat' dir='ltr'>centena</span> <span class='ocrx_word' id='word_1_22' title='bbox 1816 733 1876 785; x_wconf 92' lang='lat' dir='ltr'>et</span> <span class='ocrx_word' id='word_1_23' title='bbox 1905 730 1975 785; x_wconf 90' lang='lat' dir='ltr'><strong>7O</strong></span> 
     </span>
    </p>
   </div>
   <div class='ocr_carea' id='block_1_5' title="bbox 321 819 822 876">
    <p class='ocr_par' dir='ltr' id='par_1_5' title="bbox 321 819 822 876">
     <span class='ocr_line' id='line_1_5' title="bbox 321 819 822 876; baseline -0.004 0"><span class='ocrx_word' id='word_1_24' title='bbox 321 819 477 876; x_wconf 89' lang='lat' dir='ltr'>milia</span> <span class='ocrx_word' id='word_1_25' title='bbox 509 819 822 876; x_wconf 87' lang='lat' dir='ltr'>hominum.</span> 
     </span>
    </p>
   </div>
   <div class='ocr_carea' id='block_1_6' title="bbox 390 907 1972 982">
    <p class='ocr_par' dir='ltr' id='par_1_6' title="bbox 390 907 1972 982">
     <span class='ocr_line' id='line_1_6' title="bbox 390 907 1972 982; baseline -0.002 -16"><span class='ocrx_word' id='word_1_26' title='bbox 390 913 442 966; x_wconf 83' lang='lat'>9.</span> <span class='ocrx_word' id='word_1_27' title='bbox 478 913 566 965; x_wconf 78' lang='lat'>56.</span> <span class='ocrx_word' id='word_1_28' title='bbox 603 911 668 965; x_wconf 85' lang='lat' dir='ltr'>A.</span> <span class='ocrx_word' id='word_1_29' title='bbox 707 911 768 965; x_wconf 93' lang='lat' dir='ltr'>D.</span> <span class='ocrx_word' id='word_1_30' title='bbox 825 914 910 979; x_wconf 81' lang='lat'>15,</span> <span class='ocrx_word' id='word_1_31' title='bbox 962 910 1059 982; x_wconf 88' lang='lat' dir='ltr'>qui</span> <span class='ocrx_word' id='word_1_32' title='bbox 1103 915 1196 966; x_wconf 92' lang='lat' dir='ltr'>est</span> <span class='ocrx_word' id='word_1_33' title='bbox 1244 909 1472 981; x_wconf 89' lang='lat' dir='ltr'>imperii</span> <span class='ocrx_word' id='word_1_34' title='bbox 1529 907 1775 976; x_wconf 77' lang='lat' dir='ltr'>Augusti</span> <span class='ocrx_word' id='word_1_35' title='bbox 1825 911 1972 977; x_wconf 73' lang='grc' dir='ltr'>ὅϐιιε,</span> 
     </span>
    </p>
   </div>
   <div class='ocr_carea' id='block_1_7' title="bbox 321 995 1976 1068">
    <p class='ocr_par' dir='ltr' id='par_1_7' title="bbox 321 995 1976 1068">
     <span class='ocr_line' id='line_1_7' title="bbox 321 995 1976 1068; baseline -0.001 -14"><span class='ocrx_word' id='word_1_36' title='bbox 321 997 644 1056; x_wconf 79' lang='lat' dir='ltr'>Archelaus</span> <span class='ocrx_word' id='word_1_37' title='bbox 666 1005 978 1056; x_wconf 82' lang='lat' dir='ltr'>accusatus</span> <span class='ocrx_word' id='word_1_38' title='bbox 1001 999 1074 1055; x_wconf 90' lang='lat' dir='ltr'>ob</span> <span class='ocrx_word' id='word_1_39' title='bbox 1098 999 1490 1068; x_wconf 74' lang='lat' dir='ltr'>insolentiam,</span> <span class='ocrx_word' id='word_1_40' title='bbox 1523 1013 1674 1053; x_wconf 91' lang='lat' dir='ltr'>nono</span> <span class='ocrx_word' id='word_1_41' title='bbox 1700 997 1859 1066; x_wconf 87' lang='lat' dir='ltr'>regni</span> <span class='ocrx_word' id='word_1_42' title='bbox 1885 995 1976 1052; x_wconf 91' lang='lat' dir='ltr'>sui</span> 
     </span>
    </p>
   </div>
   <div class='ocr_carea' id='block_1_8' title="bbox 321 1085 1979 1158">
    <p class='ocr_par' dir='ltr' id='par_1_8' title="bbox 321 1085 1979 1158">
     <span class='ocr_line' id='line_1_8' title="bbox 321 1085 1979 1158; baseline -0.001 -14"><span class='ocrx_word' id='word_1_43' title='bbox 321 1101 492 1158; x_wconf 87' lang='lat' dir='ltr'>anno,</span> <span class='ocrx_word' id='word_1_44' title='bbox 515 1087 570 1143; x_wconf 90' lang='lat' dir='ltr'>in</span> <span class='ocrx_word' id='word_1_45' title='bbox 596 1088 873 1144; x_wconf 86' lang='lat' dir='ltr'>Viennam</span> <span class='ocrx_word' id='word_1_46' title='bbox 899 1089 970 1144; x_wconf 86' lang='lat' dir='ltr'>ab</span> <span class='ocrx_word' id='word_1_47' title='bbox 996 1090 1260 1158; x_wconf 77' lang='lat' dir='ltr'>Augusto</span> <span class='ocrx_word' id='word_1_48' title='bbox 1287 1087 1582 1158; x_wconf 88' lang='lat' dir='ltr'>relegatus</span> <span class='ocrx_word' id='word_1_49' title='bbox 1600 1090 1690 1142; x_wconf 91' lang='lat' dir='ltr'>est</span> <span class='ocrx_word' id='word_1_50' title='bbox 1709 1085 1979 1156; x_wconf 72' lang='lat' dir='ltr'>‘°°,etJu-</span> 
     </span>
    </p>
   </div>
   <div class='ocr_carea' id='block_1_9' title="bbox 321 1173 1980 1248">
    <p class='ocr_par' dir='ltr' id='par_1_9' title="bbox 321 1173 1980 1248">
     <span class='ocr_line' id='line_1_9' title="bbox 321 1173 1980 1248; baseline -0.002 -16"><span class='ocrx_word' id='word_1_51' title='bbox 321 1175 444 1232; x_wconf 60' lang='lat' dir='ltr'>data</span> <span class='ocrx_word' id='word_1_52' title='bbox 476 1177 796 1232; x_wconf 84' lang='lat' dir='ltr'>tetrarchis</span> <span class='ocrx_word' id='word_1_53' title='bbox 829 1177 1237 1248; x_wconf 86' lang='lat' dir='ltr'>committitur,</span> <span class='ocrx_word' id='word_1_54' title='bbox 1264 1177 1494 1246; x_wconf 86' lang='lat' dir='ltr'>Herodi,</span> <span class='ocrx_word' id='word_1_55' title='bbox 1526 1177 1854 1246; x_wconf 69' lang='lat' dir='ltr'>Antipatro,</span> <span class='ocrx_word' id='word_1_56' title='bbox 1879 1173 1980 1245; x_wconf 86' lang='lat' dir='ltr'>Ly-</span> 
     </span>
    </p>
   </div>
   <div class='ocr_carea' id='block_1_10' title="bbox 322 1263 1979 1337">
    <p class='ocr_par' dir='ltr' id='par_1_10' title="bbox 322 1263 1979 1337">
     <span class='ocr_line' id='line_1_10' title="bbox 322 1263 1979 1337; baseline -0.002 -16"><span class='ocrx_word' id='word_1_57' title='bbox 322 1265 526 1336; x_wconf 69' lang='lat' dir='ltr'>sanite,</span> <span class='ocrx_word' id='word_1_58' title='bbox 552 1265 840 1337; x_wconf 89' lang='lat' dir='ltr'>Philippo.</span> <span class='ocrx_word' id='word_1_59' title='bbox 878 1266 1093 1322; x_wconf 89' lang='lat' dir='ltr'>Eodem</span> <span class='ocrx_word' id='word_1_60' title='bbox 1127 1281 1277 1321; x_wconf 90' lang='lat' dir='ltr'>anno</span> <span class='ocrx_word' id='word_1_61' title='bbox 1310 1267 1614 1334; x_wconf 86' lang='lat' dir='ltr'>Augustus</span> <span class='ocrx_word' id='word_1_62' title='bbox 1662 1263 1860 1319; x_wconf 83' lang='lat' dir='ltr'>Nolam</span> <span class='ocrx_word' id='word_1_63' title='bbox 1895 1263 1979 1318; x_wconf 91' lang='lat' dir='ltr'>in-</span> 
     </span>
    </p>
   </div>
   <div class='ocr_carea' id='block_1_11' title="bbox 320 1352 1980 1426">
    <p class='ocr_par' dir='ltr' id='par_1_11' title="bbox 320 1352 1980 1426">
     <span class='ocr_line' id='line_1_11' title="bbox 320 1352 1980 1426; baseline -0.001 -16"><span class='ocrx_word' id='word_1_64' title='bbox 320 1367 581 1424; x_wconf 83' lang='lat' dir='ltr'>gressus,</span> <span class='ocrx_word' id='word_1_65' title='bbox 617 1355 818 1410; x_wconf 88' lang='lat' dir='ltr'>morbo</span> <span class='ocrx_word' id='word_1_66' title='bbox 853 1353 1105 1426; x_wconf 82' lang='lat' dir='ltr'>capitur,</span> <span class='ocrx_word' id='word_1_67' title='bbox 1141 1360 1200 1412; x_wconf 90' lang='lat' dir='ltr'>et</span> <span class='ocrx_word' id='word_1_68' title='bbox 1231 1355 1288 1410; x_wconf 92' lang='lat' dir='ltr'>in</span> <span class='ocrx_word' id='word_1_69' title='bbox 1321 1353 1570 1412; x_wconf 70' lang='lat' dir='ltr'>Athellze</span> <span class='ocrx_word' id='word_1_70' title='bbox 1604 1352 1777 1424; x_wconf 80' lang='lat' dir='ltr'>opido</span> <span class='ocrx_word' id='word_1_71' title='bbox 1820 1354 1980 1408; x_wconf 87' lang='lat' dir='ltr'>Cam-</span> 
     </span>
    </p>
   </div>
   <div class='ocr_carea' id='block_1_12' title="bbox 323 1442 1982 1517">
    <p class='ocr_par' dir='ltr' id='par_1_12' title="bbox 323 1442 1982 1517">
     <span class='ocr_line' id='line_1_12' title="bbox 323 1442 1982 1517; baseline 0.001 -19"><span class='ocrx_word' id='word_1_72' title='bbox 323 1442 508 1517; x_wconf 71' lang='lat' dir='ltr'>panize</span> <span class='ocrx_word' id='word_1_73' title='bbox 541 1445 810 1514; x_wconf 87' lang='lat' dir='ltr'>moritur,</span> <span class='ocrx_word' id='word_1_74' title='bbox 845 1459 995 1500; x_wconf 89' lang='lat' dir='ltr'>anno</span> <span class='ocrx_word' id='word_1_75' title='bbox 1027 1445 1226 1500; x_wconf 67' lang='lat' dir='ltr'>aetatis</span> <span class='ocrx_word' id='word_1_76' title='bbox 1282 1459 1402 1501; x_wconf 76' lang='lat' dir='ltr'>sum</span> <span class='ocrx_word' id='word_1_77' title='bbox 1452 1447 1568 1500; x_wconf 79' lang='lat'>75°.</span> <span class='ocrx_word' id='word_1_78' title='bbox 1604 1442 1782 1508; x_wconf 89' lang='lat' dir='ltr'>Quem</span> <span class='ocrx_word' id='word_1_79' title='bbox 1830 1457 1982 1499; x_wconf 89' lang='lat' dir='ltr'>mor-</span> 
     </span>
    </p>
   </div>
   <div class='ocr_carea' id='block_1_13' title="bbox 325 1529 1978 1599">
    <p class='ocr_par' dir='ltr' id='par_1_13' title="bbox 325 1529 1978 1599">
     <span class='ocr_line' id='line_1_13' title="bbox 325 1529 1978 1599; baseline -0.002 -12"><span class='ocrx_word' id='word_1_80' title='bbox 325 1536 488 1588; x_wconf 90' lang='lat' dir='ltr'>tuum</span> <span class='ocrx_word' id='word_1_81' title='bbox 523 1535 764 1589; x_wconf 86' lang='lat' dir='ltr'>senatus</span> <span class='ocrx_word' id='word_1_82' title='bbox 799 1531 1000 1589; x_wconf 90' lang='lat' dir='ltr'>multis</span> <span class='ocrx_word' id='word_1_83' title='bbox 1033 1533 1220 1590; x_wconf 89' lang='lat' dir='ltr'>modis</span> <span class='ocrx_word' id='word_1_84' title='bbox 1275 1533 1504 1590; x_wconf 88' lang='lat' dir='ltr'>censuit</span> <span class='ocrx_word' id='word_1_85' title='bbox 1554 1529 1978 1599; x_wconf 90' lang='lat' dir='ltr'>honorandum,</span> 
     </span>
    </p>
   </div>
   <div class='ocr_carea' id='block_1_14' title="bbox 331 1619 1986 1690">
    <p class='ocr_par' dir='ltr' id='par_1_14' title="bbox 331 1619 1986 1690">
     <span class='ocr_line' id='line_1_14' title="bbox 331 1619 1986 1690; baseline -0.001 -14"><span class='ocrx_word' id='word_1_86' title='bbox 331 1619 571 1677; x_wconf 87' lang='lat' dir='ltr'>dicens:</span> <span class='ocrx_word' id='word_1_87' title='bbox 601 1621 848 1678; x_wconf 72' lang='lat' dir='ltr'>Utinam</span> <span class='ocrx_word' id='word_1_88' title='bbox 876 1622 987 1678; x_wconf 79' lang='lat' dir='ltr'>aut</span> <span class='ocrx_word' id='word_1_89' title='bbox 1009 1635 1126 1678; x_wconf 74' lang='lat' dir='ltr'>non</span> <span class='ocrx_word' id='word_1_90' title='bbox 1151 1623 1518 1690; x_wconf 70' lang='lat' dir='ltr'>nasceretur,</span> <span class='ocrx_word' id='word_1_91' title='bbox 1543 1621 1656 1678; x_wconf 74' lang='lat' dir='ltr'>aut</span> <span class='ocrx_word' id='word_1_92' title='bbox 1673 1621 1986 1676; x_wconf 67' lang='lat' dir='ltr'>natusnon</span> 
     </span>
    </p>
   </div>
   <div class='ocr_carea' id='block_1_15' title="bbox 321 1707 1804 1780">
    <p class='ocr_par' dir='ltr' id='par_1_15' title="bbox 321 1707 1804 1780">
     <span class='ocr_line' id='line_1_15' title="bbox 321 1707 1804 1780; baseline -0.001 -16"><span class='ocrx_word' id='word_1_93' title='bbox 321 1710 653 1766; x_wconf 76' lang='lat' dir='ltr'>moreretur</span> <span class='ocrx_word' id='word_1_94' title='bbox 683 1709 764 1766; x_wconf 90' lang='lat' dir='ltr'>Cf.</span> <span class='ocrx_word' id='word_1_95' title='bbox 803 1709 1174 1780; x_wconf 56' lang='lat' dir='ltr'>Benauﬂhr.</span> <span class='ocrx_word' id='word_1_96' title='bbox 1235 1709 1316 1766; x_wconf 85' lang='lat' dir='ltr'>W.</span> <span class='ocrx_word' id='word_1_97' title='bbox 1367 1712 1530 1766; x_wconf 75' lang='lat' dir='ltr'>Hum.</span> <span class='ocrx_word' id='word_1_98' title='bbox 1567 1709 1669 1780; x_wconf 84' lang='grc' dir='ltr'>(Η.</span> <span class='ocrx_word' id='word_1_99' title='bbox 1701 1707 1804 1778; x_wconf 86' lang='lat' dir='ltr'>m.)</span> 
     </span>
    </p>
   </div>
   <div class='ocr_carea' id='block_1_16' title="bbox 326 1795 1980 1874">
    <p class='ocr_par' dir='ltr' id='par_1_16' title="bbox 326 1795 1980 1874">
     <span class='ocr_line' id='line_1_16' title="bbox 326 1795 1980 1874; baseline -0.002 -21"><span class='ocrx_word' id='word_1_100' title='bbox 326 1801 412 1854; x_wconf 89' lang='lat'>10.</span> <span class='ocrx_word' id='word_1_101' title='bbox 453 1802 538 1855; x_wconf 91' lang='lat'>11.</span> <span class='ocrx_word' id='word_1_102' title='bbox 573 1797 713 1855; x_wconf 67' lang='lat' dir='ltr'>add.</span> <span class='ocrx_word' id='word_1_103' title='bbox 744 1817 756 1852; x_wconf 92' lang='lat'>:</span> <span class='ocrx_word' id='word_1_104' title='bbox 783 1800 980 1854; x_wconf 56' lang='lat' dir='ltr'>Romae</span> <span class='ocrx_word' id='word_1_105' title='bbox 1011 1800 1064 1854; x_wconf 92' lang='lat' dir='ltr'>in</span> <span class='ocrx_word' id='word_1_106' title='bbox 1098 1813 1302 1874; x_wconf 89' lang='lat' dir='ltr'>campo</span> <span class='ocrx_word' id='word_1_107' title='bbox 1336 1799 1542 1855; x_wconf 86' lang='lat' dir='ltr'>Martio</span> <span class='ocrx_word' id='word_1_108' title='bbox 1575 1803 1669 1854; x_wconf 89' lang='lat' dir='ltr'>est</span> <span class='ocrx_word' id='word_1_109' title='bbox 1697 1795 1980 1868; x_wconf 84' lang='lat' dir='ltr'>sepultus-</span> 
     </span>
    </p>
   </div>
   <div class='ocr_carea' id='block_1_17' title="bbox 1473 410 2560 482">
    <p class='ocr_par' dir='ltr' id='par_1_17' title="bbox 1473 410 2560 482">
     <span class='ocr_line' id='line_1_17' title="bbox 1473 410 2560 482; baseline 0.005 -5"><span class='ocrx_word' id='word_1_110' title='bbox 1473 411 1959 478; x_wconf 81' lang='lat' dir='ltr'>EKKEHARDI</span> <span class='ocrx_word' id='word_1_111' title='bbox 1999 410 2560 482; x_wconf 80' lang='lat' dir='ltr'>URAUGIENSIS</span> 
     </span>
    </p>
   </div>
   <div class='ocr_carea' id='block_1_18' title="bbox 2000 547 3738 632">
    <p class='ocr_par' dir='ltr' id='par_1_18' title="bbox 2000 547 3738 632">
     <span class='ocr_line' id='line_1_18' title="bbox 2000 547 3738 632; baseline 0.007 -26"><span class='ocrx_word' id='word_1_112' title='bbox 2000 547 2056 614; x_wconf 82' lang='lat' dir='ltr'><strong>A</strong></span> <span class='ocrx_word' id='word_1_113' title='bbox 2088 555 2322 611; x_wconf 87' lang='lat' dir='ltr'>ceteros</span> <span class='ocrx_word' id='word_1_114' title='bbox 2351 553 2604 614; x_wconf 85' lang='lat' dir='ltr'>diversis</span> <span class='ocrx_word' id='word_1_115' title='bbox 2635 556 2833 615; x_wconf 86' lang='lat' dir='ltr'>causis</span> <span class='ocrx_word' id='word_1_116' title='bbox 2865 557 3116 630; x_wconf 84' lang='lat' dir='ltr'>necavit,</span> <span class='ocrx_word' id='word_1_117' title='bbox 3152 554 3368 618; x_wconf 84' lang='lat' dir='ltr'>Habuit</span> <span class='ocrx_word' id='word_1_118' title='bbox 3395 555 3520 632; x_wconf 83' lang='lat' dir='ltr'>ipse</span> <span class='ocrx_word' id='word_1_119' title='bbox 3549 558 3738 619; x_wconf 81' lang='lat' dir='ltr'>ﬁlium</span> 
     </span>
    </p>
   </div>
   <div class='ocr_carea' id='block_1_19' title="bbox 2092 643 3744 723">
    <p class='ocr_par' dir='ltr' id='par_1_19' title="bbox 2092 643 3744 723">
     <span class='ocr_line' id='line_1_19' title="bbox 2092 643 3744 723; baseline 0.006 -24"><span class='ocrx_word' id='word_1_120' title='bbox 2092 643 2321 701; x_wconf 85' lang='lat' dir='ltr'>nomine</span> <span class='ocrx_word' id='word_1_121' title='bbox 2352 646 2624 716; x_wconf 82' lang='lat' dir='ltr'>Drusum,</span> <span class='ocrx_word' id='word_1_122' title='bbox 2658 648 2763 703; x_wconf 91' lang='lat' dir='ltr'>sed</span> <span class='ocrx_word' id='word_1_123' title='bbox 2792 662 2862 704; x_wconf 90' lang='lat' dir='ltr'>eo</span> <span class='ocrx_word' id='word_1_124' title='bbox 2892 651 3143 718; x_wconf 89' lang='lat' dir='ltr'>mortuo,</span> <span class='ocrx_word' id='word_1_125' title='bbox 3179 647 3360 704; x_wconf 90' lang='lat' dir='ltr'>filium</span> <span class='ocrx_word' id='word_1_126' title='bbox 3389 648 3515 720; x_wconf 89' lang='lat' dir='ltr'>ejus</span> <span class='ocrx_word' id='word_1_127' title='bbox 3557 651 3744 723; x_wconf 79' lang='lat' dir='ltr'>Tybe-</span> 
     </span>
    </p>
   </div>
   <div class='ocr_carea' id='block_1_20' title="bbox 2091 733 3742 809">
    <p class='ocr_par' dir='ltr' id='par_1_20' title="bbox 2091 733 3742 809">
     <span class='ocr_line' id='line_1_20' title="bbox 2091 733 3742 809; baseline 0.005 -19"><span class='ocrx_word' id='word_1_128' title='bbox 2091 733 2262 803; x_wconf 88' lang='lat' dir='ltr'>rium,</span> <span class='ocrx_word' id='word_1_129' title='bbox 2289 740 2677 806; x_wconf 87' lang='lat' dir='ltr'>cognomento</span> <span class='ocrx_word' id='word_1_130' title='bbox 2711 735 3050 808; x_wconf 87' lang='lat' dir='ltr'>Gemellum,</span> <span class='ocrx_word' id='word_1_131' title='bbox 3069 742 3131 794; x_wconf 87' lang='lat' dir='ltr'>et</span> <span class='ocrx_word' id='word_1_132' title='bbox 3156 737 3375 809; x_wconf 88' lang='lat' dir='ltr'>Gaium,</span> <span class='ocrx_word' id='word_1_133' title='bbox 3398 737 3578 796; x_wconf 85' lang='lat' dir='ltr'>filium</span> <span class='ocrx_word' id='word_1_134' title='bbox 3601 741 3742 798; x_wconf 88' lang='lat' dir='ltr'>Ger-</span> 
     </span>
    </p>
   </div>
   <div class='ocr_carea' id='block_1_21' title="bbox 2092 824 3740 901">
    <p class='ocr_par' dir='ltr' id='par_1_21' title="bbox 2092 824 3740 901">
     <span class='ocr_line' id='line_1_21' title="bbox 2092 824 3740 901; baseline 0.004 -20"><span class='ocrx_word' id='word_1_135' title='bbox 2092 825 2322 896; x_wconf 81' lang='lat' dir='ltr'>manici,</span> <span class='ocrx_word' id='word_1_136' title='bbox 2345 825 2446 882; x_wconf 89' lang='lat' dir='ltr'>filii</span> <span class='ocrx_word' id='word_1_137' title='bbox 2482 827 2684 885; x_wconf 84' lang='lat' dir='ltr'>fratris</span> <span class='ocrx_word' id='word_1_138' title='bbox 2711 824 2782 861; x_wconf 80' lang='grc'>⁴³⁸</span> <span class='ocrx_word' id='word_1_139' title='bbox 2812 827 2900 885; x_wconf 90' lang='lat' dir='ltr'>sui</span> <span class='ocrx_word' id='word_1_140' title='bbox 2929 827 3122 899; x_wconf 88' lang='lat' dir='ltr'>Drusi,</span> <span class='ocrx_word' id='word_1_141' title='bbox 3155 827 3458 900; x_wconf 85' lang='lat' dir='ltr'>adoptavit</span> <span class='ocrx_word' id='word_1_142' title='bbox 3481 829 3538 886; x_wconf 92' lang='lat' dir='ltr'>in</span> <span class='ocrx_word' id='word_1_143' title='bbox 3563 829 3740 901; x_wconf 85' lang='lat' dir='ltr'>filios,</span> 
     </span>
    </p>
   </div>
   <div class='ocr_carea' id='block_1_22' title="bbox 2091 916 3739 990">
    <p class='ocr_par' dir='ltr' id='par_1_22' title="bbox 2091 916 3739 990">
     <span class='ocr_line' id='line_1_22' title="bbox 2091 916 3739 990; baseline 0.004 -21"><span class='ocrx_word' id='word_1_144' title='bbox 2091 927 2161 969; x_wconf 84' lang='lat' dir='ltr'>ex</span> <span class='ocrx_word' id='word_1_145' title='bbox 2194 916 2410 986; x_wconf 89' lang='lat' dir='ltr'>quibus</span> <span class='ocrx_word' id='word_1_146' title='bbox 2443 916 2617 972; x_wconf 86' lang='lat' dir='ltr'>Gaius</span> <span class='ocrx_word' id='word_1_147' title='bbox 2649 917 2762 974; x_wconf 86' lang='lat' dir='ltr'>sibi</span> <span class='ocrx_word' id='word_1_148' title='bbox 2796 917 3091 974; x_wconf 89' lang='lat' dir='ltr'>successit</span> <span class='ocrx_word' id='word_1_149' title='bbox 3125 917 3181 973; x_wconf 92' lang='lat' dir='ltr'>in</span> <span class='ocrx_word' id='word_1_150' title='bbox 3205 931 3462 987; x_wconf 82' lang='lat' dir='ltr'>regnum.</span> <span class='ocrx_word' id='word_1_151' title='bbox 3489 917 3592 990; x_wconf 89' lang='lat' dir='ltr'>(Cf.</span> <span class='ocrx_word' id='word_1_152' title='bbox 3612 920 3739 977; x_wconf 76' lang='lat' dir='ltr'>los.</span> 
     </span>
    </p>
   </div>
   <div class='ocr_carea' id='block_1_23' title="bbox 2090 1004 3746 1080">
    <p class='ocr_par' dir='ltr' id='par_1_23' title="bbox 2090 1004 3746 1080">
     <span class='ocr_line' id='line_1_23' title="bbox 2090 1004 3746 1080; baseline 0.002 -21"><span class='ocrx_word' id='word_1_153' title='bbox 2090 1005 2390 1080; x_wconf 70' lang='lat' dir='ltr'>xvm,_13.)</span> <span class='ocrx_word' id='word_1_154' title='bbox 2424 1004 2606 1080; x_wconf 84' lang='lat' dir='ltr'>Hujus</span> <span class='ocrx_word' id='word_1_155' title='bbox 2630 1005 2844 1080; x_wconf 75' lang='lat' dir='ltr'>itaque</span> <span class='ocrx_word' id='word_1_156' title='bbox 2873 1005 3100 1080; x_wconf 73' lang='lat' dir='ltr'>Tyberii</span> <span class='ocrx_word' id='word_1_157' title='bbox 3135 1007 3491 1080; x_wconf 81' lang='lat' dir='ltr'>temporibus</span> <span class='ocrx_word' id='word_1_158' title='bbox 3535 1009 3746 1080; x_wconf 81' lang='lat' dir='ltr'>Agrip-</span> 
     </span>
    </p>
   </div>
   <div class='ocr_carea' id='block_1_24' title="bbox 2093 1074 3740 1150">
    <p class='ocr_par' dir='ltr' id='par_1_24' title="bbox 2093 1074 3740 1150">
     <span class='ocr_line' id='line_1_24' title="bbox 2093 1074 3740 1150; baseline 0.004 -20"><span class='ocrx_word' id='word_1_159' title='bbox 2093 1089 2184 1145; x_wconf 92' lang='lat' dir='ltr'>pa,</span> <span class='ocrx_word' id='word_1_160' title='bbox 2222 1074 2376 1132; x_wconf 89' lang='lat' dir='ltr'>filius</span> <span class='ocrx_word' id='word_1_161' title='bbox 2427 1074 2768 1149; x_wconf 71' lang='lat' dir='ltr'>Aristoboli,</span> <span class='ocrx_word' id='word_1_162' title='bbox 2803 1074 3100 1148; x_wconf 64' lang='lat' dir='ltr'>qui&#39;filius</span> <span class='ocrx_word' id='word_1_163' title='bbox 3133 1077 3240 1136; x_wconf 87' lang='lat' dir='ltr'>fuit</span> <span class='ocrx_word' id='word_1_164' title='bbox 3256 1074 3534 1150; x_wconf 61' lang='lat' dir='ltr'>&#39;Herodis,</span> <span class='ocrx_word' id='word_1_165' title='bbox 3567 1074 3740 1150; x_wconf 71' lang='lat' dir='ltr'>quem</span> 
     </span>
    </p>
   </div>
   <div class='ocr_carea' id='block_1_25' title="bbox 2091 1163 3743 1239">
    <p class='ocr_par' dir='ltr' id='par_1_25' title="bbox 2091 1163 3743 1239">
     <span class='ocr_line' id='line_1_25' title="bbox 2091 1163 3743 1239; baseline 0.003 -19"><span class='ocrx_word' id='word_1_166' title='bbox 2091 1163 2216 1235; x_wconf 91' lang='lat' dir='ltr'>ipse</span> <span class='ocrx_word' id='word_1_167' title='bbox 2248 1181 2379 1220; x_wconf 91' lang='lat' dir='ltr'>cum</span> <span class='ocrx_word' id='word_1_168' title='bbox 2413 1165 2594 1221; x_wconf 84' lang='lat' dir='ltr'>fratre</span> <span class='ocrx_word' id='word_1_169' title='bbox 2617 1182 2722 1222; x_wconf 90' lang='lat' dir='ltr'>suo</span> <span class='ocrx_word' id='word_1_170' title='bbox 2748 1165 3078 1224; x_wconf 78' lang='lat' dir='ltr'>Alexandro</span> <span class='ocrx_word' id='word_1_171' title='bbox 3103 1167 3743 1239; x_wconf 88' lang='lat' dir='ltr'>interfecit,demorans</span> 
     </span>
    </p>
   </div>
   <div class='ocr_carea' id='block_1_26' title="bbox 2093 1253 3746 1325">
    <p class='ocr_par' dir='ltr' id='par_1_26' title="bbox 2093 1253 3746 1325">
     <span class='ocr_line' id='line_1_26' title="bbox 2093 1253 3746 1325; baseline 0.004 -17"><span class='ocrx_word' id='word_1_172' title='bbox 2093 1253 2311 1322; x_wconf 72' lang='lat' dir='ltr'>Romm,</span> <span class='ocrx_word' id='word_1_173' title='bbox 2329 1254 2536 1324; x_wconf 89' lang='lat' dir='ltr'>Druso,</span> <span class='ocrx_word' id='word_1_174' title='bbox 2553 1255 2782 1325; x_wconf 84' lang='lat' dir='ltr'>Tyberii</span> <span class='ocrx_word' id='word_1_175' title='bbox 2807 1255 2944 1320; x_wconf 82' lang='lat' dir='ltr'>filio,</span> <span class='ocrx_word' id='word_1_176' title='bbox 2969 1255 3277 1312; x_wconf 81' lang='lat' dir='ltr'>familiaris</span> <span class='ocrx_word' id='word_1_177' title='bbox 3303 1255 3411 1314; x_wconf 89' lang='lat' dir='ltr'>fuit</span> <span class='ocrx_word' id='word_1_178' title='bbox 3435 1275 3450 1325; x_wconf 86' lang='lat'><strong>;</strong></span> <span class='ocrx_word' id='word_1_179' title='bbox 3471 1257 3568 1314; x_wconf 90' lang='lat' dir='ltr'>sed</span> <span class='ocrx_word' id='word_1_180' title='bbox 3593 1273 3746 1314; x_wconf 88' lang='lat' dir='ltr'>mor-</span> 
     </span>
    </p>
   </div>
   <div class='ocr_carea' id='block_1_27' title="bbox 2093 1342 3746 1419">
    <p class='ocr_par' dir='ltr' id='par_1_27' title="bbox 2093 1342 3746 1419">
     <span class='ocr_line' id='line_1_27' title="bbox 2093 1342 3746 1419; baseline 0.005 -24"><span class='ocrx_word' id='word_1_181' title='bbox 2093 1345 2198 1400; x_wconf 90' lang='lat' dir='ltr'>tuo</span> <span class='ocrx_word' id='word_1_182' title='bbox 2221 1342 2426 1399; x_wconf 89' lang='lat' dir='ltr'>eodem</span> <span class='ocrx_word' id='word_1_183' title='bbox 2445 1345 2652 1415; x_wconf 89' lang='lat' dir='ltr'>Druso,</span> <span class='ocrx_word' id='word_1_184' title='bbox 2676 1349 2843 1416; x_wconf 91' lang='lat' dir='ltr'>pater</span> <span class='ocrx_word' id='word_1_185' title='bbox 2867 1345 2994 1414; x_wconf 90' lang='lat' dir='ltr'>ejus</span> <span class='ocrx_word' id='word_1_186' title='bbox 3016 1345 3295 1417; x_wconf 89' lang='lat' dir='ltr'>Tyberius</span> <span class='ocrx_word' id='word_1_187' title='bbox 3315 1361 3420 1419; x_wconf 88' lang='lat' dir='ltr'>pre</span> <span class='ocrx_word' id='word_1_188' title='bbox 3444 1346 3746 1419; x_wconf 88' lang='lat' dir='ltr'>impatien-</span> 
     </span>
    </p>
   </div>
   <div class='ocr_carea' id='block_1_28' title="bbox 2096 1431 3746 1504">
    <p class='ocr_par' dir='ltr' id='par_1_28' title="bbox 2096 1431 3746 1504">
     <span class='ocr_line' id='line_1_28' title="bbox 2096 1431 3746 1504; baseline 0.003 -17"><span class='ocrx_word' id='word_1_189' title='bbox 2096 1431 2176 1488; x_wconf 88' lang='lat' dir='ltr'>tia</span> <span class='ocrx_word' id='word_1_190' title='bbox 2212 1431 2434 1489; x_wconf 90' lang='lat' dir='ltr'>doloris</span> <span class='ocrx_word' id='word_1_191' title='bbox 2463 1433 2765 1504; x_wconf 85' lang='lat' dir='ltr'>prohibuit</span> <span class='ocrx_word' id='word_1_192' title='bbox 2800 1449 3002 1490; x_wconf 88' lang='lat' dir='ltr'>omnes</span> <span class='ocrx_word' id='word_1_193' title='bbox 3035 1435 3254 1492; x_wconf 89' lang='lat' dir='ltr'>amicos</span> <span class='ocrx_word' id='word_1_194' title='bbox 3284 1435 3384 1491; x_wconf 87' lang='lat' dir='ltr'>filii</span> <span class='ocrx_word' id='word_1_195' title='bbox 3413 1434 3482 1470; x_wconf 75' lang='grc'>⁸³⁸</span> <span class='ocrx_word' id='word_1_196' title='bbox 3509 1438 3645 1493; x_wconf 88' lang='lat' dir='ltr'>ante</span> <span class='ocrx_word' id='word_1_197' title='bbox 3668 1437 3746 1492; x_wconf 87' lang='lat' dir='ltr'>fa-</span> 
     </span>
    </p>
   </div>
   <div class='ocr_carea' id='block_1_29' title="bbox 2096 1521 3746 1595">
    <p class='ocr_par' dir='ltr' id='par_1_29' title="bbox 2096 1521 3746 1595">
     <span class='ocr_line' id='line_1_29' title="bbox 2096 1521 3746 1595; baseline 0.004 -19"><span class='ocrx_word' id='word_1_198' title='bbox 2096 1521 2242 1576; x_wconf 90' lang='lat' dir='ltr'>ciem</span> <span class='ocrx_word' id='word_1_199' title='bbox 2277 1535 2439 1577; x_wconf 92' lang='lat' dir='ltr'>suam</span> <span class='ocrx_word' id='word_1_200' title='bbox 2475 1523 2784 1595; x_wconf 86' lang='lat' dir='ltr'>accedere,</span> <span class='ocrx_word' id='word_1_201' title='bbox 2816 1539 2887 1579; x_wconf 91' lang='lat' dir='ltr'>ne</span> <span class='ocrx_word' id='word_1_202' title='bbox 2923 1523 3040 1580; x_wconf 90' lang='lat' dir='ltr'>illis</span> <span class='ocrx_word' id='word_1_203' title='bbox 3073 1523 3214 1580; x_wconf 88' lang='lat' dir='ltr'>visis</span> <span class='ocrx_word' id='word_1_204' title='bbox 3244 1523 3409 1580; x_wconf 91' lang='lat' dir='ltr'>dolor</span> <span class='ocrx_word' id='word_1_205' title='bbox 3436 1524 3562 1594; x_wconf 88' lang='lat' dir='ltr'>ejus</span> <span class='ocrx_word' id='word_1_206' title='bbox 3580 1540 3746 1581; x_wconf 83' lang='lat' dir='ltr'>reno-</span> 
     </span>
    </p>
   </div>
   <div class='ocr_carea' id='block_1_30' title="bbox 2097 1605 3745 1685">
    <p class='ocr_par' dir='ltr' id='par_1_30' title="bbox 2097 1605 3745 1685">
     <span class='ocr_line' id='line_1_30' title="bbox 2097 1605 3745 1685; baseline 0.004 -21"><span class='ocrx_word' id='word_1_207' title='bbox 2097 1605 2338 1668; x_wconf 75' lang='lat' dir='ltr'>varetur</span> <span class='ocrx_word' id='word_1_208' title='bbox 2371 1610 2484 1684; x_wconf 75' lang='lat' dir='ltr'>(Ib.</span> <span class='ocrx_word' id='word_1_209' title='bbox 2513 1625 2564 1668; x_wconf 91' lang='lat' dir='ltr'>c.</span> <span class='ocrx_word' id='word_1_210' title='bbox 2601 1617 2689 1682; x_wconf 95' lang='lat'>12,</span> <span class='ocrx_word' id='word_1_211' title='bbox 2716 1614 2891 1684; x_wconf 91' lang='lat' dir='ltr'>sqq.).</span> <span class='ocrx_word' id='word_1_212' title='bbox 2926 1613 3087 1668; x_wconf 89' lang='lat' dir='ltr'>Unde</span> <span class='ocrx_word' id='word_1_213' title='bbox 3120 1612 3372 1685; x_wconf 83' lang='lat' dir='ltr'>Agrippa</span> <span class='ocrx_word' id='word_1_214' title='bbox 3404 1613 3462 1670; x_wconf 89' lang='lat' dir='ltr'>in</span> <span class='ocrx_word' id='word_1_215' title='bbox 3489 1613 3745 1671; x_wconf 62' lang='lat' dir='ltr'>Iudaeam</span> 
     </span>
    </p>
   </div>
   <div class='ocr_carea' id='block_1_31' title="bbox 2099 1698 3748 1773">
    <p class='ocr_par' dir='ltr' id='par_1_31' title="bbox 2099 1698 3748 1773">
     <span class='ocr_line' id='line_1_31' title="bbox 2099 1698 3748 1773; baseline 0 -17"><span class='ocrx_word' id='word_1_216' title='bbox 2099 1698 2486 1771; x_wconf 89' lang='lat' dir='ltr'>descendens,</span> <span class='ocrx_word' id='word_1_217' title='bbox 2503 1704 2562 1756; x_wconf 91' lang='lat' dir='ltr'>et</span> <span class='ocrx_word' id='word_1_218' title='bbox 2587 1703 2718 1772; x_wconf 91' lang='lat' dir='ltr'>post</span> <span class='ocrx_word' id='word_1_219' title='bbox 2743 1699 3102 1770; x_wconf 89' lang='lat' dir='ltr'>aliquantum</span> <span class='ocrx_word' id='word_1_220' title='bbox 3119 1706 3348 1773; x_wconf 91' lang='lat' dir='ltr'>tempus</span> <span class='ocrx_word' id='word_1_221' title='bbox 3363 1703 3594 1758; x_wconf 83' lang='lat' dir='ltr'>Romam</span> <span class='ocrx_word' id='word_1_222' title='bbox 3618 1701 3748 1758; x_wconf 86' lang='lat' dir='ltr'>red-</span> 
     </span>
    </p>
   </div>
   <div class='ocr_carea' id='block_1_32' title="bbox 2103 1786 3751 1860">
    <p class='ocr_par' dir='ltr' id='par_1_32' title="bbox 2103 1786 3751 1860">
     <span class='ocr_line' id='line_1_32' title="bbox 2103 1786 3751 1860; baseline 0.001 -18"><span class='ocrx_word' id='word_1_223' title='bbox 2103 1786 2246 1858; x_wconf 89' lang='lat' dir='ltr'>iens,</span> <span class='ocrx_word' id='word_1_224' title='bbox 2279 1789 2508 1845; x_wconf 86' lang='lat' dir='ltr'>favente</span> <span class='ocrx_word' id='word_1_225' title='bbox 2540 1788 2791 1846; x_wconf 84' lang='lat' dir='ltr'>Antonia</span> <span class='ocrx_word' id='word_1_226' title='bbox 2819 1788 2906 1859; x_wconf 85' lang='lat'>“°,</span> <span class='ocrx_word' id='word_1_227' title='bbox 2934 1804 3114 1846; x_wconf 84' lang='lat' dir='ltr'>uxore</span> <span class='ocrx_word' id='word_1_228' title='bbox 3146 1789 3316 1846; x_wconf 89' lang='lat' dir='ltr'>Drusi</span> <span class='ocrx_word' id='word_1_229' title='bbox 3346 1789 3544 1845; x_wconf 84' lang='lat' dir='ltr'>fratris</span> <span class='ocrx_word' id='word_1_230' title='bbox 3571 1791 3751 1860; x_wconf 85' lang='lat' dir='ltr'>Tybe-</span> 
     </span>
    </p>
   </div>
   <div class='ocr_carea' id='block_1_33' title="bbox 399 1875 3748 1968">
    <p class='ocr_par' dir='ltr' id='par_1_33' title="bbox 399 1875 3748 1968">
     <span class='ocr_line' id='line_1_33' title="bbox 399 1875 3748 1968; baseline -0.003 -27"><span class='ocrx_word' id='word_1_231' title='bbox 399 1887 565 1943; x_wconf 83' lang='lat' dir='ltr'>Anno</span> <span class='ocrx_word' id='word_1_232' title='bbox 597 1885 665 1920; x_wconf 68' lang='grc'>⁸³³</span> <span class='ocrx_word' id='word_1_233' title='bbox 713 1887 1025 1944; x_wconf 77' lang='lat' dir='ltr'>Dominieze</span> <span class='ocrx_word' id='word_1_234' title='bbox 1072 1886 1494 1944; x_wconf 87' lang='lat' dir='ltr'>incarnationis</span> <span class='ocrx_word' id='word_1_235' title='bbox 1545 1890 1628 1957; x_wconf 88' lang='lat'>16,</span> <span class='ocrx_word' id='word_1_236' title='bbox 1666 1885 1764 1957; x_wconf 90' lang='lat' dir='ltr'>qui</span> <span class='ocrx_word' id='word_1_237' title='bbox 1815 1887 1904 1940; x_wconf 90' lang='lat' dir='ltr'>est</span> <span class='ocrx_word' id='word_1_238' title='bbox 1956 1897 1986 1938; x_wconf 91' lang='lat' dir='ltr'>a</span> <span class='ocrx_word' id='word_1_239' title='bbox 2019 1909 2073 1968; x_wconf 77' lang='grc' dir='ltr'>Β</span> <span class='ocrx_word' id='word_1_240' title='bbox 2103 1877 2198 1947; x_wconf 90' lang='lat' dir='ltr'>rii,</span> <span class='ocrx_word' id='word_1_241' title='bbox 2231 1892 2360 1948; x_wconf 75' lang='lat' dir='ltr'>quae</span> <span class='ocrx_word' id='word_1_242' title='bbox 2394 1877 2730 1934; x_wconf 89' lang='lat' dir='ltr'>Beronicem</span> <span class='ocrx_word' id='word_1_243' title='bbox 2762 1875 2831 1910; x_wconf 64' lang='lat'><strong>“1</strong></span> <span class='ocrx_word' id='word_1_244' title='bbox 2862 1878 3134 1950; x_wconf 64' lang='lat' dir='ltr'>Agrippa;</span> <span class='ocrx_word' id='word_1_245' title='bbox 3165 1883 3408 1934; x_wconf 89' lang='lat' dir='ltr'>matrem</span> <span class='ocrx_word' id='word_1_246' title='bbox 3439 1878 3748 1935; x_wconf 89' lang='lat' dir='ltr'>admodum</span> 
     </span>
    </p>
   </div>
   <div class='ocr_carea' id='block_1_34' title="bbox 323 1965 1987 2052">
    <p class='ocr_par' dir='ltr' id='par_1_34' title="bbox 323 1965 1987 2052">
     <span class='ocr_line' id='line_1_34' title="bbox 323 1965 1987 2052; baseline -0.002 -20"><span class='ocrx_word' id='word_1_247' title='bbox 323 1973 557 2032; x_wconf 89' lang='lat' dir='ltr'>condita</span> <span class='ocrx_word' id='word_1_248' title='bbox 592 1975 746 2032; x_wconf 88' lang='lat' dir='ltr'>Urbe</span> <span class='ocrx_word' id='word_1_249' title='bbox 777 1979 902 2046; x_wconf 84' lang='lat'><strong>766,</strong></span> <span class='ocrx_word' id='word_1_250' title='bbox 935 1976 1236 2048; x_wconf 76' lang='lat' dir='ltr'>Tyberius,</span> <span class='ocrx_word' id='word_1_251' title='bbox 1275 1975 1451 2032; x_wconf 68' lang='lat' dir='ltr'>Libize</span> <span class='ocrx_word' id='word_1_252' title='bbox 1503 1975 1680 2045; x_wconf 82' lang='lat' dir='ltr'>filius,</span> <span class='ocrx_word' id='word_1_253' title='bbox 1739 1965 1987 2052; x_wconf 79' lang='lat' dir='ltr'>Augusti</span> 
     </span>
    </p>
   </div>
   <div class='ocr_carea' id='block_1_35' title="bbox 327 2061 1986 2136">
    <p class='ocr_par' dir='ltr' id='par_1_35' title="bbox 327 2061 1986 2136">
     <span class='ocr_line' id='line_1_35' title="bbox 327 2061 1986 2136; baseline -0.002 -17"><span class='ocrx_word' id='word_1_254' title='bbox 327 2061 650 2134; x_wconf 79' lang='lat' dir='ltr'>privignus,</span> <span class='ocrx_word' id='word_1_255' title='bbox 687 2079 816 2120; x_wconf 85' lang='lat' dir='ltr'>mox</span> <span class='ocrx_word' id='word_1_256' title='bbox 843 2079 1042 2135; x_wconf 80' lang='lat' dir='ltr'>gener,</span> <span class='ocrx_word' id='word_1_257' title='bbox 1078 2068 1377 2136; x_wconf 89' lang='lat' dir='ltr'>postremo</span> <span class='ocrx_word' id='word_1_258' title='bbox 1427 2063 1742 2136; x_wconf 87' lang='lat' dir='ltr'>adoptione</span> <span class='ocrx_word' id='word_1_259' title='bbox 1803 2061 1986 2132; x_wconf 78' lang='lat' dir='ltr'>filius,</span> 
     </span>
    </p>
   </div>
   <div class='ocr_carea' id='block_1_36' title="bbox 326 2151 1996 2226">
    <p class='ocr_par' dir='ltr' id='par_1_36' title="bbox 326 2151 1996 2226">
     <span class='ocr_line' id='line_1_36' title="bbox 326 2151 1996 2226; baseline 0 -20"><span class='ocrx_word' id='word_1_260' title='bbox 326 2151 635 2224; x_wconf 89' lang='lat' dir='ltr'>imperium</span> <span class='ocrx_word' id='word_1_261' title='bbox 666 2154 984 2211; x_wconf 81' lang='lat' dir='ltr'>Romanum</span> <span class='ocrx_word' id='word_1_262' title='bbox 1035 2153 1283 2226; x_wconf 90' lang='lat' dir='ltr'>adeptus</span> <span class='ocrx_word' id='word_1_263' title='bbox 1329 2158 1441 2223; x_wconf 90' lang='lat' dir='ltr'>est,</span> <span class='ocrx_word' id='word_1_264' title='bbox 1480 2155 1552 2210; x_wconf 88' lang='lat' dir='ltr'>ab</span> <span class='ocrx_word' id='word_1_265' title='bbox 1601 2155 1872 2222; x_wconf 80' lang='lat' dir='ltr'>Augusto</span> <span class='ocrx_word' id='word_1_266' title='bbox 1907 2164 1996 2207; x_wconf 68' lang='lat' dir='ltr'>se‘</span> 
     </span>
    </p>
   </div>
   <div class='ocr_carea' id='block_1_37' title="bbox 325 2241 1992 2314">
    <p class='ocr_par' dir='ltr' id='par_1_37' title="bbox 325 2241 1992 2314">
     <span class='ocr_line' id='line_1_37' title="bbox 325 2241 1992 2314; baseline -0.001 -17"><span class='ocrx_word' id='word_1_267' title='bbox 325 2241 931 2312; x_wconf 87' lang='lat' dir='ltr'>cundus,etregnavit</span> <span class='ocrx_word' id='word_1_268' title='bbox 956 2245 1121 2300; x_wconf 92' lang='lat' dir='ltr'>annis</span> <span class='ocrx_word' id='word_1_269' title='bbox 1153 2245 1380 2300; x_wconf 87' lang='lat' dir='ltr'>23.Iste</span> <span class='ocrx_word' id='word_1_270' title='bbox 1413 2243 1548 2314; x_wconf 89' lang='lat' dir='ltr'>quia</span> <span class='ocrx_word' id='word_1_271' title='bbox 1583 2241 1860 2298; x_wconf 89' lang='lat' dir='ltr'>Claudius</span> <span class='ocrx_word' id='word_1_272' title='bbox 1890 2241 1992 2310; x_wconf 85' lang='lat' dir='ltr'>Ty&#39;</span> 
     </span>
    </p>
   </div>
   <div class='ocr_carea' id='block_1_38' title="bbox 328 2329 1992 2402">
    <p class='ocr_par' dir='ltr' id='par_1_38' title="bbox 328 2329 1992 2402">
     <span class='ocr_line' id='line_1_38' title="bbox 328 2329 1992 2402; baseline -0.001 -16"><span class='ocrx_word' id='word_1_273' title='bbox 328 2329 527 2387; x_wconf 91' lang='lat' dir='ltr'>berius</span> <span class='ocrx_word' id='word_1_274' title='bbox 565 2331 716 2387; x_wconf 89' lang='lat' dir='ltr'>Nero</span> <span class='ocrx_word' id='word_1_275' title='bbox 771 2333 1098 2402; x_wconf 84' lang='lat' dir='ltr'>dicebatur,</span> <span class='ocrx_word' id='word_1_276' title='bbox 1134 2330 1436 2402; x_wconf 87' lang='lat' dir='ltr'>eleganter</span> <span class='ocrx_word' id='word_1_277' title='bbox 1483 2347 1512 2386; x_wconf 90' lang='lat' dir='ltr'>a</span> <span class='ocrx_word' id='word_1_278' title='bbox 1555 2329 1992 2402; x_wconf 89' lang='lat' dir='ltr'>joculatoribus</span> 
     </span>
    </p>
   </div>
   <div class='ocr_carea' id='block_1_39' title="bbox 331 2417 1989 2479">
    <p class='ocr_par' dir='ltr' id='par_1_39' title="bbox 331 2417 1989 2479">
     <span class='ocr_line' id='line_1_39' title="bbox 331 2417 1989 2479; baseline -0.001 -4"><span class='ocrx_word' id='word_1_279' title='bbox 331 2417 565 2476; x_wconf 89' lang='lat' dir='ltr'>Caldius</span> <span class='ocrx_word' id='word_1_280' title='bbox 587 2418 656 2453; x_wconf 79' lang='grc'>⁴³²</span> <span class='ocrx_word' id='word_1_281' title='bbox 689 2420 952 2479; x_wconf 86' lang='lat' dir='ltr'>Biberius</span> <span class='ocrx_word' id='word_1_282' title='bbox 972 2421 1126 2476; x_wconf 81' lang='lat' dir='ltr'>Mero</span> <span class='ocrx_word' id='word_1_283' title='bbox 1150 2421 1224 2477; x_wconf 92' lang='lat' dir='ltr'>ob</span> <span class='ocrx_word' id='word_1_284' title='bbox 1250 2421 1634 2478; x_wconf 87' lang='lat' dir='ltr'>vinolentiam</span> <span class='ocrx_word' id='word_1_285' title='bbox 1658 2418 1989 2475; x_wconf 89' lang='lat' dir='ltr'>nominaba-</span> 
     </span>
    </p>
   </div>
   <div class='ocr_carea' id='block_1_40' title="bbox 329 2508 1990 2582">
    <p class='ocr_par' dir='ltr' id='par_1_40' title="bbox 329 2508 1990 2582">
     <span class='ocr_line' id='line_1_40' title="bbox 329 2508 1990 2582; baseline 0 -20"><span class='ocrx_word' id='word_1_286' title='bbox 329 2511 444 2565; x_wconf 91' lang='lat' dir='ltr'>tur.</span> <span class='ocrx_word' id='word_1_287' title='bbox 475 2508 626 2566; x_wconf 87' lang='lat' dir='ltr'>Satis</span> <span class='ocrx_word' id='word_1_288' title='bbox 649 2511 906 2580; x_wconf 87' lang='lat' dir='ltr'>prudens</span> <span class='ocrx_word' id='word_1_289' title='bbox 931 2510 989 2581; x_wconf 84' lang='lat' dir='ltr'>in</span> <span class='ocrx_word' id='word_1_290' title='bbox 1013 2510 1192 2567; x_wconf 89' lang='lat' dir='ltr'>armis</span> <span class='ocrx_word' id='word_1_291' title='bbox 1217 2511 1479 2582; x_wconf 87' lang='lat' dir='ltr'>satisque</span> <span class='ocrx_word' id='word_1_292' title='bbox 1505 2511 1835 2566; x_wconf 87' lang='lat' dir='ltr'>fortunatus</span> <span class='ocrx_word' id='word_1_293' title='bbox 1857 2522 1926 2564; x_wconf 90' lang='lat' dir='ltr'>an</span> <span class='ocrx_word' id='word_1_294' title='bbox 1939 2511 1990 2563; x_wconf 89' lang='lat' dir='ltr'>te</span> 
     </span>
    </p>
   </div>
   <div class='ocr_carea' id='block_1_41' title="bbox 328 2597 1988 2671">
    <p class='ocr_par' dir='ltr' id='par_1_41' title="bbox 328 2597 1988 2671">
     <span class='ocr_line' id='line_1_41' title="bbox 328 2597 1988 2671; baseline -0.001 -18"><span class='ocrx_word' id='word_1_295' title='bbox 328 2601 623 2670; x_wconf 88' lang='lat' dir='ltr'>sumptum</span> <span class='ocrx_word' id='word_1_296' title='bbox 657 2597 965 2671; x_wconf 89' lang='lat' dir='ltr'>imperium</span> <span class='ocrx_word' id='word_1_297' title='bbox 1009 2600 1120 2656; x_wconf 90' lang='lat' dir='ltr'>sub</span> <span class='ocrx_word' id='word_1_298' title='bbox 1167 2597 1237 2632; x_wconf 79' lang='grc'>⁴⁸³</span> <span class='ocrx_word' id='word_1_299' title='bbox 1287 2601 1554 2670; x_wconf 84' lang='lat' dir='ltr'>Augusto</span> <span class='ocrx_word' id='word_1_300' title='bbox 1600 2598 1728 2668; x_wconf 91' lang='lat' dir='ltr'>fuit,</span> <span class='ocrx_word' id='word_1_301' title='bbox 1763 2601 1828 2653; x_wconf 94' lang='lat' dir='ltr'>ut</span> <span class='ocrx_word' id='word_1_302' title='bbox 1877 2610 1988 2652; x_wconf 91' lang='lat' dir='ltr'>non</span> 
     </span>
    </p>
   </div>
   <div class='ocr_carea' id='block_1_42' title="bbox 327 2685 1992 2760">
    <p class='ocr_par' dir='ltr' id='par_1_42' title="bbox 327 2685 1992 2760">
     <span class='ocr_line' id='line_1_42' title="bbox 327 2685 1992 2760; baseline -0.002 -18"><span class='ocrx_word' id='word_1_303' title='bbox 327 2685 618 2744; x_wconf 91' lang='lat' dir='ltr'>immerito</span> <span class='ocrx_word' id='word_1_304' title='bbox 647 2689 730 2744; x_wconf 91' lang='lat' dir='ltr'>rei</span> <span class='ocrx_word' id='word_1_305' title='bbox 761 2687 1006 2760; x_wconf 65' lang='lat' dir='ltr'>publica:</span> <span class='ocrx_word' id='word_1_306' title='bbox 1031 2687 1368 2746; x_wconf 89' lang='lat' dir='ltr'>dominatus</span> <span class='ocrx_word' id='word_1_307' title='bbox 1387 2689 1462 2759; x_wconf 91' lang='lat' dir='ltr'>ei,</span> <span class='ocrx_word' id='word_1_308' title='bbox 1493 2686 1992 2744; x_wconf 63' lang='lat' dir='ltr'>committeretur,</span> 
     </span>
    </p>
   </div>
   <div class='ocr_carea' id='block_1_43' title="bbox 326 2771 1992 2848">
    <p class='ocr_par' dir='ltr' id='par_1_43' title="bbox 326 2771 1992 2848">
     <span class='ocr_line' id='line_1_43' title="bbox 326 2771 1992 2848; baseline -0.001 -17"><span class='ocrx_word' id='word_1_309' title='bbox 326 2773 548 2832; x_wconf 88' lang='lat' dir='ltr'>habens</span> <span class='ocrx_word' id='word_1_310' title='bbox 577 2775 880 2833; x_wconf 85' lang='lat' dir='ltr'>scientiam</span> <span class='ocrx_word' id='word_1_311' title='bbox 913 2775 1265 2848; x_wconf 84' lang='lat' dir='ltr'>litterarum,</span> <span class='ocrx_word' id='word_1_312' title='bbox 1301 2775 1487 2834; x_wconf 86' lang='lat' dir='ltr'>multo</span> <span class='ocrx_word' id='word_1_313' title='bbox 1532 2774 1842 2848; x_wconf 89' lang='lat' dir='ltr'>preclarus</span> <span class='ocrx_word' id='word_1_314' title='bbox 1875 2771 1992 2831; x_wconf 80' lang='lat' dir='ltr'>elo&#39;</span> 
     </span>
    </p>
   </div>
   <div class='ocr_carea' id='block_1_44' title="bbox 328 2857 1996 2936">
    <p class='ocr_par' dir='ltr' id='par_1_44' title="bbox 328 2857 1996 2936">
     <span class='ocr_line' id='line_1_44' title="bbox 328 2857 1996 2936; baseline 0 -16"><span class='ocrx_word' id='word_1_315' title='bbox 328 2863 483 2935; x_wconf 89' lang='lat' dir='ltr'>quio,</span> <span class='ocrx_word' id='word_1_316' title='bbox 521 2863 886 2935; x_wconf 74' lang='lat' dir='ltr'>sedjngenio</span> <span class='ocrx_word' id='word_1_317' title='bbox 921 2865 1193 2936; x_wconf 87' lang='lat' dir='ltr'>pessimo,</span> <span class='ocrx_word' id='word_1_318' title='bbox 1225 2865 1402 2936; x_wconf 89' lang='lat' dir='ltr'>truci,</span> <span class='ocrx_word' id='word_1_319' title='bbox 1438 2880 1638 2935; x_wconf 91' lang='lat' dir='ltr'>avaro,</span> <span class='ocrx_word' id='word_1_320' title='bbox 1667 2857 1996 2933; x_wconf 63' lang='lat' dir='ltr'>insidioso:</span> 
     </span>
    </p>
   </div>
   <div class='ocr_carea' id='block_1_45' title="bbox 327 2949 1972 3024">
    <p class='ocr_par' dir='ltr' id='par_1_45' title="bbox 327 2949 1972 3024">
     <span class='ocr_line' id='line_1_45' title="bbox 327 2949 1972 3024; baseline -0.002 -14"><span class='ocrx_word' id='word_1_321' title='bbox 327 2951 610 3010; x_wconf 85' lang='lat' dir='ltr'>simulans</span> <span class='ocrx_word' id='word_1_322' title='bbox 642 2967 708 3010; x_wconf 90' lang='lat' dir='ltr'>ea</span> <span class='ocrx_word' id='word_1_323' title='bbox 741 2968 802 3010; x_wconf 89' lang='lat' dir='ltr'>se</span> <span class='ocrx_word' id='word_1_324' title='bbox 830 2952 982 3010; x_wconf 90' lang='lat' dir='ltr'>velle</span> <span class='ocrx_word' id='word_1_325' title='bbox 1016 2969 1144 3024; x_wconf 74' lang='lat' dir='ltr'>quze</span> <span class='ocrx_word' id='word_1_326' title='bbox 1168 2953 1421 3010; x_wconf 88' lang='lat' dir='ltr'>nolletet</span> <span class='ocrx_word' id='word_1_327' title='bbox 1447 2969 1511 3010; x_wconf 90' lang='lat' dir='ltr'>ea</span> <span class='ocrx_word' id='word_1_328' title='bbox 1539 2953 1692 3010; x_wconf 91' lang='lat' dir='ltr'>nolle</span> <span class='ocrx_word' id='word_1_329' title='bbox 1716 2968 1846 3024; x_wconf 70' lang='lat' dir='ltr'>quae</span> <span class='ocrx_word' id='word_1_330' title='bbox 1873 2949 1972 3008; x_wconf 89' lang='lat' dir='ltr'>vel</span> 
     </span>
    </p>
   </div>
   <div class='ocr_carea' id='block_1_46' title="bbox 329 3037 1990 3113">
    <p class='ocr_par' dir='ltr' id='par_1_46' title="bbox 329 3037 1990 3113">
     <span class='ocr_line' id='line_1_46' title="bbox 329 3037 1990 3113; baseline 0.001 -19"><span class='ocrx_word' id='word_1_331' title='bbox 329 3037 431 3110; x_wconf 90' lang='lat' dir='ltr'>let,</span> <span class='ocrx_word' id='word_1_332' title='bbox 465 3039 559 3097; x_wconf 90' lang='lat' dir='ltr'>his</span> <span class='ocrx_word' id='word_1_333' title='bbox 590 3041 756 3112; x_wconf 88' lang='lat' dir='ltr'>quasi</span> <span class='ocrx_word' id='word_1_334' title='bbox 791 3041 1052 3098; x_wconf 88' lang='lat' dir='ltr'>infensus</span> <span class='ocrx_word' id='word_1_335' title='bbox 1087 3041 1300 3113; x_wconf 89' lang='lat' dir='ltr'>quibus</span> <span class='ocrx_word' id='word_1_336' title='bbox 1333 3041 1672 3098; x_wconf 88' lang='lat' dir='ltr'>consultum</span> <span class='ocrx_word' id='word_1_337' title='bbox 1713 3041 1990 3113; x_wconf 87' lang='lat' dir='ltr'>cupiebat</span> 
     </span>
    </p>
   </div>
   <div class='ocr_carea' id='block_1_47' title="bbox 329 3117 1995 3204">
    <p class='ocr_par' dir='ltr' id='par_1_47' title="bbox 329 3117 1995 3204">
     <span class='ocr_line' id='line_1_47' title="bbox 329 3117 1995 3204; baseline 0.001 -18"><span class='ocrx_word' id='word_1_338' title='bbox 329 3129 422 3192; x_wconf 87' lang='lat' dir='ltr'>his</span> <span class='ocrx_word' id='word_1_339' title='bbox 453 3144 592 3186; x_wconf 89' lang='lat' dir='ltr'>vero</span> <span class='ocrx_word' id='word_1_340' title='bbox 625 3145 772 3202; x_wconf 90' lang='lat' dir='ltr'>quos</span> <span class='ocrx_word' id='word_1_341' title='bbox 805 3129 1011 3188; x_wconf 90' lang='lat' dir='ltr'>oderat</span> <span class='ocrx_word' id='word_1_342' title='bbox 1047 3117 1214 3202; x_wconf 87' lang='lat' dir='ltr'>quasi</span> <span class='ocrx_word' id='word_1_343' title='bbox 1241 3131 1546 3189; x_wconf 90' lang='lat' dir='ltr'>benivolus</span> <span class='ocrx_word' id='word_1_344' title='bbox 1570 3145 1879 3204; x_wconf 88' lang='lat' dir='ltr'>apparens,</span> <span class='ocrx_word' id='word_1_345' title='bbox 1905 3147 1995 3188; x_wconf 84' lang='lat' dir='ltr'>re-</span> 
     </span>
    </p>
   </div>
   <div class='ocr_carea' id='block_1_48' title="bbox 333 3218 1990 3292">
    <p class='ocr_par' dir='ltr' id='par_1_48' title="bbox 333 3218 1990 3292">
     <span class='ocr_line' id='line_1_48' title="bbox 333 3218 1990 3292; baseline 0 -16"><span class='ocrx_word' id='word_1_346' title='bbox 333 3218 590 3290; x_wconf 89' lang='lat' dir='ltr'>pentinis</span> <span class='ocrx_word' id='word_1_347' title='bbox 623 3219 1104 3292; x_wconf 88' lang='lat' dir='ltr'>responsionibus</span> <span class='ocrx_word' id='word_1_348' title='bbox 1131 3220 1338 3277; x_wconf 88' lang='lat' dir='ltr'>melior</span> <span class='ocrx_word' id='word_1_349' title='bbox 1359 3235 1538 3292; x_wconf 81' lang='lat' dir='ltr'>.quam</span> <span class='ocrx_word' id='word_1_350' title='bbox 1558 3221 1990 3292; x_wconf 54' lang='lat' dir='ltr'>premeditatis,</span> 
     </span>
    </p>
   </div>
   <div class='ocr_carea' id='block_1_49' title="bbox 327 3307 1999 3384">
    <p class='ocr_par' dir='ltr' id='par_1_49' title="bbox 327 3307 1999 3384">
     <span class='ocr_line' id='line_1_49' title="bbox 327 3307 1999 3384; baseline 0.001 -21"><span class='ocrx_word' id='word_1_351' title='bbox 327 3307 588 3380; x_wconf 88' lang='lat' dir='ltr'>Denique</span> <span class='ocrx_word' id='word_1_352' title='bbox 605 3308 860 3367; x_wconf 91' lang='lat' dir='ltr'>delatum</span> <span class='ocrx_word' id='word_1_353' title='bbox 885 3325 916 3368; x_wconf 90' lang='lat' dir='ltr'>a</span> <span class='ocrx_word' id='word_1_354' title='bbox 943 3311 1212 3384; x_wconf 89' lang='lat' dir='ltr'>patribus</span> <span class='ocrx_word' id='word_1_355' title='bbox 1235 3310 1649 3383; x_wconf 89' lang='lat' dir='ltr'>principatum,</span> <span class='ocrx_word' id='word_1_356' title='bbox 1671 3325 1840 3380; x_wconf 92' lang='lat' dir='ltr'>quem</span> <span class='ocrx_word' id='word_1_357' title='bbox 1868 3307 1999 3380; x_wconf 92' lang='lat' dir='ltr'>qui-</span> 
     </span>
    </p>
   </div>
   <div class='ocr_carea' id='block_1_50' title="bbox 329 3395 1999 3473">
    <p class='ocr_par' dir='ltr' id='par_1_50' title="bbox 329 3395 1999 3473">
     <span class='ocr_line' id='line_1_50' title="bbox 329 3395 1999 3473; baseline -0.002 -19"><span class='ocrx_word' id='word_1_358' title='bbox 329 3395 458 3456; x_wconf 88' lang='lat' dir='ltr'>dem</span> <span class='ocrx_word' id='word_1_359' title='bbox 489 3401 623 3457; x_wconf 83' lang='lat' dir='ltr'>astu</span> <span class='ocrx_word' id='word_1_360' title='bbox 656 3404 1024 3473; x_wconf 87' lang='lat' dir='ltr'>perceperat,</span> <span class='ocrx_word' id='word_1_361' title='bbox 1057 3400 1224 3456; x_wconf 86' lang='lat' dir='ltr'>finxit</span> <span class='ocrx_word' id='word_1_362' title='bbox 1255 3414 1318 3458; x_wconf 92' lang='lat' dir='ltr'>se</span> <span class='ocrx_word' id='word_1_363' title='bbox 1377 3399 1654 3470; x_wconf 89' lang='lat' dir='ltr'>abnuere,</span> <span class='ocrx_word' id='word_1_364' title='bbox 1693 3396 1834 3470; x_wconf 90' lang='lat' dir='ltr'>quid</span> <span class='ocrx_word' id='word_1_365' title='bbox 1878 3397 1999 3454; x_wconf 88' lang='lat' dir='ltr'>sin-</span> 
     </span>
    </p>
   </div>
   <div class='ocr_carea' id='block_1_51' title="bbox 326 3487 1990 3568">
    <p class='ocr_par' dir='ltr' id='par_1_51' title="bbox 326 3487 1990 3568">
     <span class='ocr_line' id='line_1_51' title="bbox 326 3487 1990 3568; baseline -0.002 -22"><span class='ocrx_word' id='word_1_366' title='bbox 326 3487 450 3559; x_wconf 83' lang='lat' dir='ltr'>guli</span> <span class='ocrx_word' id='word_1_367' title='bbox 472 3487 738 3546; x_wconf 90' lang='lat' dir='ltr'>dicerent</span> <span class='ocrx_word' id='word_1_368' title='bbox 758 3489 825 3524; x_wconf 77' lang='grc'>⁴³⁴</span> <span class='ocrx_word' id='word_1_369' title='bbox 851 3493 956 3548; x_wconf 90' lang='lat' dir='ltr'>aut</span> <span class='ocrx_word' id='word_1_370' title='bbox 982 3491 1292 3568; x_wconf 84' lang='lat' dir='ltr'>sentirent,</span> <span class='ocrx_word' id='word_1_371' title='bbox 1328 3490 1613 3544; x_wconf 88' lang='lat' dir='ltr'>atrociter</span> <span class='ocrx_word' id='word_1_372' title='bbox 1640 3488 1990 3560; x_wconf 41' lang='lat' dir='ltr'>explorans.</span> 
     </span>
    </p>
   </div>
   <div class='ocr_carea' id='block_1_52' title="bbox 330 3575 1996 3651">
    <p class='ocr_par' dir='ltr' id='par_1_52' title="bbox 330 3575 1996 3651">
     <span class='ocr_line' id='line_1_52' title="bbox 330 3575 1996 3651; baseline -0.002 -16"><span class='ocrx_word' id='word_1_373' title='bbox 330 3576 470 3644; x_wconf 66' lang='lat' dir='ltr'>Quas</span> <span class='ocrx_word' id='word_1_374' title='bbox 492 3591 588 3634; x_wconf 91' lang='lat' dir='ltr'>res</span> <span class='ocrx_word' id='word_1_375' title='bbox 610 3579 794 3636; x_wconf 89' lang='lat' dir='ltr'>bonos</span> <span class='ocrx_word' id='word_1_376' title='bbox 815 3593 1082 3650; x_wconf 91' lang='lat' dir='ltr'>quosque</span> <span class='ocrx_word' id='word_1_377' title='bbox 1103 3577 1525 3651; x_wconf 87' lang='lat' dir='ltr'>pessumdedit.</span> <span class='ocrx_word' id='word_1_378' title='bbox 1545 3577 1902 3633; x_wconf 85' lang='lat' dir='ltr'>Estimantcs</span> <span class='ocrx_word' id='word_1_379' title='bbox 1923 3575 1996 3610; x_wconf 78' lang='grc'>⁴⁸⁶</span> 
     </span>
    </p>
   </div>
   <div class='ocr_carea' id='block_1_53' title="bbox 329 3665 1995 3738">
    <p class='ocr_par' dir='ltr' id='par_1_53' title="bbox 329 3665 1995 3738">
     <span class='ocr_line' id='line_1_53' title="bbox 329 3665 1995 3738; baseline -0.001 -14"><span class='ocrx_word' id='word_1_380' title='bbox 329 3665 483 3724; x_wconf 90' lang='lat' dir='ltr'>enim</span> <span class='ocrx_word' id='word_1_381' title='bbox 511 3679 642 3724; x_wconf 90' lang='lat' dir='ltr'>eum</span> <span class='ocrx_word' id='word_1_382' title='bbox 674 3681 746 3722; x_wconf 85' lang='lat' dir='ltr'>cx</span> <span class='ocrx_word' id='word_1_383' title='bbox 780 3666 968 3724; x_wconf 89' lang='lat' dir='ltr'>animo</span> <span class='ocrx_word' id='word_1_384' title='bbox 1001 3666 1297 3724; x_wconf 89' lang='lat' dir='ltr'>declinare</span> <span class='ocrx_word' id='word_1_385' title='bbox 1328 3665 1788 3736; x_wconf 86' lang='lat' dir='ltr'>magnitudinem</span> <span class='ocrx_word' id='word_1_386' title='bbox 1815 3667 1995 3738; x_wconf 90' lang='lat' dir='ltr'>impe-</span> 
     </span>
    </p>
   </div>
   <div class='ocr_carea' id='block_1_54' title="bbox 331 3753 1992 3826">
    <p class='ocr_par' dir='ltr' id='par_1_54' title="bbox 331 3753 1992 3826">
     <span class='ocr_line' id='line_1_54' title="bbox 331 3753 1992 3826; baseline 0.001 -15"><span class='ocrx_word' id='word_1_387' title='bbox 331 3753 497 3811; x_wconf 90' lang='lat' dir='ltr'>rialis</span> <span class='ocrx_word' id='word_1_388' title='bbox 531 3753 834 3826; x_wconf 82' lang='lat' dir='ltr'>molestiae,</span> <span class='ocrx_word' id='word_1_389' title='bbox 866 3771 997 3812; x_wconf 92' lang='lat' dir='ltr'>cum</span> <span class='ocrx_word' id='word_1_390' title='bbox 1032 3755 1355 3812; x_wconf 86' lang='lat' dir='ltr'>sententias</span> <span class='ocrx_word' id='word_1_391' title='bbox 1405 3769 1542 3810; x_wconf 88' lang='lat' dir='ltr'>suas</span> <span class='ocrx_word' id='word_1_392' title='bbox 1591 3753 1662 3809; x_wconf 89' lang='lat' dir='ltr'>ad</span> <span class='ocrx_word' id='word_1_393' title='bbox 1707 3755 1836 3825; x_wconf 91' lang='lat' dir='ltr'>ejus</span> <span class='ocrx_word' id='word_1_394' title='bbox 1897 3771 1992 3812; x_wconf 91' lang='lat' dir='ltr'>vo-</span> 
     </span>
    </p>
   </div>
   <div class='ocr_carea' id='block_1_55' title="bbox 332 3843 1994 3917">
    <p class='ocr_par' dir='ltr' id='par_1_55' title="bbox 332 3843 1994 3917">
     <span class='ocr_line' id='line_1_55' title="bbox 332 3843 1994 3917; baseline 0 -16"><span class='ocrx_word' id='word_1_395' title='bbox 332 3843 640 3916; x_wconf 89' lang='lat' dir='ltr'>luntatem,</span> <span class='ocrx_word' id='word_1_396' title='bbox 664 3849 724 3902; x_wconf 89' lang='lat' dir='ltr'>ut</span> <span class='ocrx_word' id='word_1_397' title='bbox 752 3846 864 3902; x_wconf 88' lang='lat' dir='ltr'>sibi</span> <span class='ocrx_word' id='word_1_398' title='bbox 883 3845 1216 3915; x_wconf 88' lang='lat' dir='ltr'>videbatur,</span> <span class='ocrx_word' id='word_1_399' title='bbox 1233 3849 1844 3917; x_wconf 89' lang='lat' dir='ltr'>promunt,postrema</span> <span class='ocrx_word' id='word_1_400' title='bbox 1873 3845 1994 3901; x_wconf 89' lang='lat' dir='ltr'>exi-</span> 
     </span>
    </p>
   </div>
   <div class='ocr_carea' id='block_1_56' title="bbox 334 3933 1993 4008">
    <p class='ocr_par' dir='ltr' id='par_1_56' title="bbox 334 3933 1993 4008">
     <span class='ocr_line' id='line_1_56' title="bbox 334 3933 1993 4008; baseline 0.001 -19"><span class='ocrx_word' id='word_1_401' title='bbox 334 3933 412 3990; x_wconf 89' lang='lat' dir='ltr'>tia</span> <span class='ocrx_word' id='word_1_402' title='bbox 448 3935 803 3992; x_wconf 90' lang='lat' dir='ltr'>inciderunt.</span> <span class='ocrx_word' id='word_1_403' title='bbox 835 3936 947 3992; x_wconf 89' lang='lat' dir='ltr'>Per</span> <span class='ocrx_word' id='word_1_404' title='bbox 981 3949 1042 3991; x_wconf 83' lang='lat' dir='ltr'>se</span> <span class='ocrx_word' id='word_1_405' title='bbox 1075 3933 1234 3990; x_wconf 91' lang='lat' dir='ltr'>nulla</span> <span class='ocrx_word' id='word_1_406' title='bbox 1263 3933 1412 3992; x_wconf 90' lang='lat' dir='ltr'>bella</span> <span class='ocrx_word' id='word_1_407' title='bbox 1437 3934 1643 4005; x_wconf 83' lang='lat' dir='ltr'>gessit,</span> <span class='ocrx_word' id='word_1_408' title='bbox 1671 3934 1772 3990; x_wconf 91' lang='lat' dir='ltr'>sed</span> <span class='ocrx_word' id='word_1_409' title='bbox 1797 3950 1866 3992; x_wconf 91' lang='lat' dir='ltr'>ne</span> <span class='ocrx_word' id='word_1_410' title='bbox 1892 3951 1993 4008; x_wconf 91' lang='lat' dir='ltr'>per</span> 
     </span>
    </p>
   </div>
   <div class='ocr_carea' id='block_1_57' title="bbox 333 4021 1997 4096">
    <p class='ocr_par' dir='ltr' id='par_1_57' title="bbox 333 4021 1997 4096">
     <span class='ocr_line' id='line_1_57' title="bbox 333 4021 1997 4096; baseline 0.001 -18"><span class='ocrx_word' id='word_1_411' title='bbox 333 4021 565 4094; x_wconf 84' lang='lat' dir='ltr'>legatos</span> <span class='ocrx_word' id='word_1_412' title='bbox 585 4023 818 4096; x_wconf 88' lang='lat' dir='ltr'>quidem</span> <span class='ocrx_word' id='word_1_413' title='bbox 851 4023 1044 4096; x_wconf 89' lang='lat' dir='ltr'>aliqua</span> <span class='ocrx_word' id='word_1_414' title='bbox 1075 4024 1298 4095; x_wconf 86' lang='lat' dir='ltr'>gravia,</span> <span class='ocrx_word' id='word_1_415' title='bbox 1323 4023 1438 4080; x_wconf 90' lang='lat' dir='ltr'>nisi</span> <span class='ocrx_word' id='word_1_416' title='bbox 1470 4023 1623 4095; x_wconf 90' lang='lat' dir='ltr'>quod</span> <span class='ocrx_word' id='word_1_417' title='bbox 1650 4029 1870 4082; x_wconf 93' lang='lat' dir='ltr'>tantum</span> <span class='ocrx_word' id='word_1_418' title='bbox 1895 4025 1997 4082; x_wconf 90' lang='lat' dir='ltr'>ali-</span> 
     </span>
    </p>
   </div>
   <div class='ocr_carea' id='block_1_58' title="bbox 336 4112 1994 4185">
    <p class='ocr_par' dir='ltr' id='par_1_58' title="bbox 336 4112 1994 4185">
     <span class='ocr_line' id='line_1_58' title="bbox 336 4112 1994 4185; baseline 0.001 -15"><span class='ocrx_word' id='word_1_419' title='bbox 336 4113 582 4184; x_wconf 88' lang='lat' dir='ltr'>quantis</span> <span class='ocrx_word' id='word_1_420' title='bbox 617 4113 674 4170; x_wconf 91' lang='lat' dir='ltr'>in</span> <span class='ocrx_word' id='word_1_421' title='bbox 708 4112 854 4170; x_wconf 90' lang='lat' dir='ltr'>locis</span> <span class='ocrx_word' id='word_1_422' title='bbox 885 4113 1211 4185; x_wconf 89' lang='lat' dir='ltr'>precogniti</span> <span class='ocrx_word' id='word_1_423' title='bbox 1243 4113 1504 4184; x_wconf 88' lang='lat' dir='ltr'>gentium</span> <span class='ocrx_word' id='word_1_424' title='bbox 1562 4119 1826 4172; x_wconf 89' lang='lat' dir='ltr'>tumores</span> <span class='ocrx_word' id='word_1_425' title='bbox 1873 4116 1994 4172; x_wconf 86' lang='lat' dir='ltr'>cito</span> 
     </span>
    </p>
   </div>
   <div class='ocr_carea' id='block_1_59' title="bbox 335 4201 2000 4274">
    <p class='ocr_par' dir='ltr' id='par_1_59' title="bbox 335 4201 2000 4274">
     <span class='ocr_line' id='line_1_59' title="bbox 335 4201 2000 4274; baseline 0.001 -16"><span class='ocrx_word' id='word_1_426' title='bbox 335 4203 872 4274; x_wconf 88' lang='lat' dir='ltr'>comprimebantur</span> <span class='ocrx_word' id='word_1_427' title='bbox 894 4201 999 4274; x_wconf 85' lang='lat' dir='ltr'>(Cf.</span> <span class='ocrx_word' id='word_1_428' title='bbox 1029 4203 1204 4260; x_wconf 83' lang='lat' dir='ltr'>ans.</span> <span class='ocrx_word' id='word_1_429' title='bbox 1223 4205 1412 4274; x_wconf 69' lang='lat' dir='ltr'>vn,4).</span> <span class='ocrx_word' id='word_1_430' title='bbox 1441 4203 1785 4262; x_wconf 82' lang='lat' dir='ltr'>G.:tulorum</span> <span class='ocrx_word' id='word_1_431' title='bbox 1821 4204 2000 4262; x_wconf 89' lang='lat' dir='ltr'>latro-</span> 
     </span>
    </p>
   </div>
   <div class='ocr_carea' id='block_1_60' title="bbox 337 4290 2002 4364">
    <p class='ocr_par' dir='ltr' id='par_1_60' title="bbox 337 4290 2002 4364">
     <span class='ocr_line' id='line_1_60' title="bbox 337 4290 2002 4364; baseline 0.001 -17"><span class='ocrx_word' id='word_1_432' title='bbox 337 4290 489 4347; x_wconf 89' lang='lat' dir='ltr'>cinia</span> <span class='ocrx_word' id='word_1_433' title='bbox 523 4292 823 4363; x_wconf 86' lang='lat' dir='ltr'>repressit,</span> <span class='ocrx_word' id='word_1_434' title='bbox 851 4291 1265 4349; x_wconf 84' lang='lat' dir='ltr'>Maroboduum</span> <span class='ocrx_word' id='word_1_435' title='bbox 1298 4293 1620 4350; x_wconf 77' lang='lat' dir='ltr'>Suevorum</span> <span class='ocrx_word' id='word_1_436' title='bbox 1653 4307 1858 4364; x_wconf 90' lang='lat' dir='ltr'>regem</span> <span class='ocrx_word' id='word_1_437' title='bbox 1885 4295 2002 4351; x_wconf 88' lang='lat' dir='ltr'>cal-</span> 
     </span>
    </p>
   </div>
   <div class='ocr_carea' id='block_1_61' title="bbox 336 4379 2003 4454">
    <p class='ocr_par' dir='ltr' id='par_1_61' title="bbox 336 4379 2003 4454">
     <span class='ocr_line' id='line_1_61' title="bbox 336 4379 2003 4454; baseline 0.002 -17"><span class='ocrx_word' id='word_1_438' title='bbox 336 4379 452 4438; x_wconf 90' lang='lat' dir='ltr'>lide</span> <span class='ocrx_word' id='word_1_439' title='bbox 484 4382 887 4440; x_wconf 88' lang='lat' dir='ltr'>circumvenit.</span> <span class='ocrx_word' id='word_1_440' title='bbox 912 4383 1051 4440; x_wconf 88' lang='lat' dir='ltr'>Cum</span> <span class='ocrx_word' id='word_1_441' title='bbox 1081 4398 1288 4454; x_wconf 89' lang='lat' dir='ltr'>magna</span> <span class='ocrx_word' id='word_1_442' title='bbox 1321 4388 1376 4440; x_wconf 91' lang='lat' dir='ltr'>et</span> <span class='ocrx_word' id='word_1_443' title='bbox 1402 4383 1570 4454; x_wconf 86' lang='lat' dir='ltr'>gravi</span> <span class='ocrx_word' id='word_1_444' title='bbox 1600 4385 1889 4440; x_wconf 87' lang='lat' dir='ltr'>modestia</span> <span class='ocrx_word' id='word_1_445' title='bbox 1916 4393 2003 4449; x_wconf 80' lang='lat' dir='ltr'>rei</span> 
     </span>
    </p>
   </div>
   <div class='ocr_carea' id='block_1_62' title="bbox 336 4469 2002 4544">
    <p class='ocr_par' dir='ltr' id='par_1_62' title="bbox 336 4469 2002 4544">
     <span class='ocr_line' id='line_1_62' title="bbox 336 4469 2002 4544; baseline 0.001 -16"><span class='ocrx_word' id='word_1_446' title='bbox 336 4469 584 4543; x_wconf 71' lang='lat' dir='ltr'>publicae</span> <span class='ocrx_word' id='word_1_447' title='bbox 617 4471 851 4544; x_wconf 57' lang='lat' dir='ltr'>praefuit</span> <span class='ocrx_word' id='word_1_448' title='bbox 879 4471 1132 4544; x_wconf 90' lang='lat' dir='ltr'>plurimo</span> <span class='ocrx_word' id='word_1_449' title='bbox 1167 4472 1398 4544; x_wconf 90' lang='lat' dir='ltr'>imperii</span> <span class='ocrx_word' id='word_1_450' title='bbox 1425 4472 1513 4528; x_wconf 87' lang='lat' dir='ltr'>sui</span> <span class='ocrx_word' id='word_1_451' title='bbox 1535 4477 1824 4544; x_wconf 90' lang='lat' dir='ltr'>tempore,</span> <span class='ocrx_word' id='word_1_452' title='bbox 1853 4473 2002 4530; x_wconf 90' lang='lat' dir='ltr'>adeo</span> 
     </span>
    </p>
   </div>
   <div class='ocr_carea' id='block_1_63' title="bbox 337 4560 2004 4634">
    <p class='ocr_par' dir='ltr' id='par_1_63' title="bbox 337 4560 2004 4634">
     <span class='ocr_line' id='line_1_63' title="bbox 337 4560 2004 4634; baseline 0.001 -18"><span class='ocrx_word' id='word_1_453' title='bbox 337 4563 399 4616; x_wconf 87' lang='lat' dir='ltr'>ut</span> <span class='ocrx_word' id='word_1_454' title='bbox 436 4560 786 4632; x_wconf 89' lang='lat' dir='ltr'>quibusdam</span> <span class='ocrx_word' id='word_1_455' title='bbox 817 4560 1156 4634; x_wconf 88' lang='lat' dir='ltr'>prcsidibus</span> <span class='ocrx_word' id='word_1_456' title='bbox 1174 4562 1245 4618; x_wconf 89' lang='lat' dir='ltr'>ad</span> <span class='ocrx_word' id='word_1_457' title='bbox 1269 4561 1535 4630; x_wconf 87' lang='lat' dir='ltr'>augenda</span> <span class='ocrx_word' id='word_1_458' title='bbox 1559 4561 1879 4632; x_wconf 78' lang='lat' dir='ltr'>provinciis</span> <span class='ocrx_word' id='word_1_459' title='bbox 1899 4563 2004 4618; x_wconf 78' lang='lat' dir='ltr'>tri‘</span> 
     </span>
    </p>
   </div>
   <div class='ocr_carea' id='block_1_64' title="bbox 2029 3269 2078 3330">
    <p class='ocr_par' dir='ltr' id='par_1_64' title="bbox 2029 3269 2078 3330">
     <span class='ocr_line' id='line_1_64' title="bbox 2029 3269 2078 3330; baseline 0 0"><span class='ocrx_word' id='word_1_460' title='bbox 2029 3269 2078 3330; x_wconf 89' lang='lat' dir='ltr'>C</span> 
     </span>
    </p>
   </div>
   <div class='ocr_carea' id='block_1_65' title="bbox 2105 1965 3749 2038">
    <p class='ocr_par' dir='ltr' id='par_1_65' title="bbox 2105 1965 3749 2038">
     <span class='ocr_line' id='line_1_65' title="bbox 2105 1965 3749 2038; baseline 0.001 -16"><span class='ocrx_word' id='word_1_461' title='bbox 2105 1965 2408 2037; x_wconf 86' lang='lat' dir='ltr'>diligebat,</span> <span class='ocrx_word' id='word_1_462' title='bbox 2427 1967 2482 2022; x_wconf 92' lang='lat' dir='ltr'>in</span> <span class='ocrx_word' id='word_1_463' title='bbox 2507 1966 2824 2023; x_wconf 88' lang='lat' dir='ltr'>amicitiam</span> <span class='ocrx_word' id='word_1_464' title='bbox 2847 1971 3124 2037; x_wconf 91' lang='lat' dir='ltr'>receptus</span> <span class='ocrx_word' id='word_1_465' title='bbox 3147 1971 3238 2024; x_wconf 91' lang='lat' dir='ltr'>est</span> <span class='ocrx_word' id='word_1_466' title='bbox 3256 1981 3286 2024; x_wconf 91' lang='lat' dir='ltr'>a</span> <span class='ocrx_word' id='word_1_467' title='bbox 3311 1967 3617 2038; x_wconf 86' lang='lat' dir='ltr'>Tyberio,a</span> <span class='ocrx_word' id='word_1_468' title='bbox 3633 1981 3749 2038; x_wconf 89' lang='lat' dir='ltr'>quo</span> 
     </span>
    </p>
   </div>
   <div class='ocr_carea' id='block_1_66' title="bbox 2099 2054 3752 2128">
    <p class='ocr_par' dir='ltr' id='par_1_66' title="bbox 2099 2054 3752 2128">
     <span class='ocr_line' id='line_1_66' title="bbox 2099 2054 3752 2128; baseline -0.001 -16"><span class='ocrx_word' id='word_1_469' title='bbox 2099 2055 2304 2126; x_wconf 88' lang='lat' dir='ltr'>jussus</span> <span class='ocrx_word' id='word_1_470' title='bbox 2337 2061 2426 2112; x_wconf 91' lang='lat' dir='ltr'>est</span> <span class='ocrx_word' id='word_1_471' title='bbox 2459 2057 2655 2127; x_wconf 82' lang='lat' dir='ltr'>nepoti</span> <span class='ocrx_word' id='word_1_472' title='bbox 2687 2070 2794 2112; x_wconf 88' lang='lat' dir='ltr'>suo</span> <span class='ocrx_word' id='word_1_473' title='bbox 2823 2055 3070 2126; x_wconf 85' lang='lat' dir='ltr'>Tyberio</span> <span class='ocrx_word' id='word_1_474' title='bbox 3101 2069 3332 2128; x_wconf 90' lang='lat' dir='ltr'>semper</span> <span class='ocrx_word' id='word_1_475' title='bbox 3371 2055 3654 2114; x_wconf 87' lang='lat' dir='ltr'>adherere</span> <span class='ocrx_word' id='word_1_476' title='bbox 3683 2054 3752 2112; x_wconf 84' lang='lat' dir='ltr'>il-</span> 
     </span>
    </p>
   </div>
   <div class='ocr_carea' id='block_1_67' title="bbox 2106 2141 3755 2218">
    <p class='ocr_par' dir='ltr' id='par_1_67' title="bbox 2106 2141 3755 2218">
     <span class='ocr_line' id='line_1_67' title="bbox 2106 2141 3755 2218; baseline 0.003 -20"><span class='ocrx_word' id='word_1_477' title='bbox 2106 2141 2341 2215; x_wconf 92' lang='lat' dir='ltr'>lumque</span> <span class='ocrx_word' id='word_1_478' title='bbox 2375 2159 2598 2201; x_wconf 88' lang='lat' dir='ltr'>summa</span> <span class='ocrx_word' id='word_1_479' title='bbox 2621 2159 2732 2216; x_wconf 90' lang='lat' dir='ltr'>ope</span> <span class='ocrx_word' id='word_1_480' title='bbox 2757 2143 3030 2202; x_wconf 83' lang='lat' dir='ltr'>excolere</span> <span class='ocrx_word' id='word_1_481' title='bbox 3053 2145 3190 2213; x_wconf 88' lang='lat' dir='ltr'>;scd</span> <span class='ocrx_word' id='word_1_482' title='bbox 3212 2144 3312 2202; x_wconf 89' lang='lat' dir='ltr'>ille</span> <span class='ocrx_word' id='word_1_483' title='bbox 3335 2145 3550 2218; x_wconf 90' lang='lat' dir='ltr'>Gaium,</span> <span class='ocrx_word' id='word_1_484' title='bbox 3579 2147 3755 2204; x_wconf 80' lang='lat' dir='ltr'>Anto-</span> 
     </span>
    </p>
   </div>
   <div class='ocr_carea' id='block_1_68' title="bbox 2106 2233 3756 2306">
    <p class='ocr_par' dir='ltr' id='par_1_68' title="bbox 2106 2233 3756 2306">
     <span class='ocr_line' id='line_1_68' title="bbox 2106 2233 3756 2306; baseline 0.002 -18"><span class='ocrx_word' id='word_1_485' title='bbox 2106 2233 2214 2290; x_wconf 68' lang='lat' dir='ltr'>nim</span> <span class='ocrx_word' id='word_1_486' title='bbox 2245 2239 2540 2306; x_wconf 89' lang='lat' dir='ltr'>nepotem,</span> <span class='ocrx_word' id='word_1_487' title='bbox 2567 2235 2748 2304; x_wconf 89' lang='lat' dir='ltr'>magis</span> <span class='ocrx_word' id='word_1_488' title='bbox 2773 2233 3000 2303; x_wconf 91' lang='lat' dir='ltr'>dilexit,</span> <span class='ocrx_word' id='word_1_489' title='bbox 3027 2233 3180 2292; x_wconf 90' lang='lat' dir='ltr'>unde</span> <span class='ocrx_word' id='word_1_490' title='bbox 3198 2237 3255 2291; x_wconf 90' lang='lat' dir='ltr'>et</span> <span class='ocrx_word' id='word_1_491' title='bbox 3277 2234 3552 2292; x_wconf 73' lang='lat' dir='ltr'>offensam</span> <span class='ocrx_word' id='word_1_492' title='bbox 3578 2235 3756 2306; x_wconf 82' lang='lat' dir='ltr'>Tybe-</span> 
     </span>
    </p>
   </div>
   <div class='ocr_carea' id='block_1_69' title="bbox 2107 2321 3754 2395">
    <p class='ocr_par' dir='ltr' id='par_1_69' title="bbox 2107 2321 3754 2395">
     <span class='ocr_line' id='line_1_69' title="bbox 2107 2321 3754 2395; baseline 0.001 -17"><span class='ocrx_word' id='word_1_493' title='bbox 2107 2321 2176 2378; x_wconf 90' lang='lat' dir='ltr'>rii</span> <span class='ocrx_word' id='word_1_494' title='bbox 2202 2321 2470 2378; x_wconf 91' lang='lat' dir='ltr'>incurrit.</span> <span class='ocrx_word' id='word_1_495' title='bbox 2499 2325 2636 2378; x_wconf 88' lang='lat' dir='ltr'>Nam</span> <span class='ocrx_word' id='word_1_496' title='bbox 2669 2337 2799 2379; x_wconf 90' lang='lat' dir='ltr'>cum</span> <span class='ocrx_word' id='word_1_497' title='bbox 2833 2323 3083 2394; x_wconf 88' lang='lat' dir='ltr'>quadam</span> <span class='ocrx_word' id='word_1_498' title='bbox 3115 2323 3210 2380; x_wconf 93' lang='lat' dir='ltr'>die</span> <span class='ocrx_word' id='word_1_499' title='bbox 3239 2322 3378 2380; x_wconf 89' lang='lat' dir='ltr'>Gaio</span> <span class='ocrx_word' id='word_1_500' title='bbox 3411 2327 3666 2395; x_wconf 89' lang='lat' dir='ltr'>optaret,</span> <span class='ocrx_word' id='word_1_501' title='bbox 3690 2326 3754 2381; x_wconf 88' lang='lat' dir='ltr'>ut</span> 
     </span>
    </p>
   </div>
   <div class='ocr_carea' id='block_1_70' title="bbox 2106 2409 3756 2483">
    <p class='ocr_par' dir='ltr' id='par_1_70' title="bbox 2106 2409 3756 2483">
     <span class='ocr_line' id='line_1_70' title="bbox 2106 2409 3756 2483; baseline 0.001 -17"><span class='ocrx_word' id='word_1_502' title='bbox 2106 2409 2268 2468; x_wconf 91' lang='lat' dir='ltr'>illum</span> <span class='ocrx_word' id='word_1_503' title='bbox 2312 2411 2401 2481; x_wconf 71' lang='grc' dir='ltr'>⁸η,</span> <span class='ocrx_word' id='word_1_504' title='bbox 2434 2415 2665 2468; x_wconf 90' lang='lat' dir='ltr'>mortuo</span> <span class='ocrx_word' id='word_1_505' title='bbox 2695 2412 2938 2483; x_wconf 91' lang='lat' dir='ltr'>Tyberio</span> <span class='ocrx_word' id='word_1_506' title='bbox 2969 2409 3057 2483; x_wconf 80' lang='lat'>“’,</span> <span class='ocrx_word' id='word_1_507' title='bbox 3093 2412 3384 2470; x_wconf 90' lang='lat' dir='ltr'>dominum</span> <span class='ocrx_word' id='word_1_508' title='bbox 3412 2413 3756 2471; x_wconf 88' lang='lat' dir='ltr'>cunctorum</span> 
     </span>
    </p>
   </div>
   <div class='ocr_carea' id='block_1_71' title="bbox 2104 2499 3761 2572">
    <p class='ocr_par' dir='ltr' id='par_1_71' title="bbox 2104 2499 3761 2572">
     <span class='ocr_line' id='line_1_71' title="bbox 2104 2499 3761 2572; baseline 0.002 -19"><span class='ocrx_word' id='word_1_509' title='bbox 2104 2499 2306 2554; x_wconf 88' lang='lat' dir='ltr'>videre</span> <span class='ocrx_word' id='word_1_510' title='bbox 2340 2505 2688 2562; x_wconf 83' lang='lat' dir='ltr'>mereretur.</span> <span class='ocrx_word' id='word_1_511' title='bbox 2723 2501 3064 2557; x_wconf 89' lang='lat' dir='ltr'>nunciatum</span> <span class='ocrx_word' id='word_1_512' title='bbox 3099 2506 3190 2557; x_wconf 90' lang='lat' dir='ltr'>est</span> <span class='ocrx_word' id='word_1_513' title='bbox 3220 2501 3331 2557; x_wconf 91' lang='lat' dir='ltr'>hoc</span> <span class='ocrx_word' id='word_1_514' title='bbox 3356 2501 3617 2572; x_wconf 79' lang='lat' dir='ltr'>Tyberio,</span> <span class='ocrx_word' id='word_1_515' title='bbox 3643 2503 3761 2557; x_wconf 85' lang='lat' dir='ltr'>sta-</span> 
     </span>
    </p>
   </div>
   <div class='ocr_carea' id='block_1_72' title="bbox 2108 2587 3760 2661">
    <p class='ocr_par' dir='ltr' id='par_1_72' title="bbox 2108 2587 3760 2661">
     <span class='ocr_line' id='line_1_72' title="bbox 2108 2587 3760 2661; baseline 0.001 -19"><span class='ocrx_word' id='word_1_516' title='bbox 2108 2587 2329 2659; x_wconf 89' lang='lat' dir='ltr'>timque</span> <span class='ocrx_word' id='word_1_517' title='bbox 2352 2587 2604 2658; x_wconf 90' lang='lat' dir='ltr'>conjecit</span> <span class='ocrx_word' id='word_1_518' title='bbox 2630 2604 2761 2646; x_wconf 90' lang='lat' dir='ltr'>eum</span> <span class='ocrx_word' id='word_1_519' title='bbox 2788 2590 2842 2646; x_wconf 92' lang='lat' dir='ltr'>in</span> <span class='ocrx_word' id='word_1_520' title='bbox 2863 2589 3118 2661; x_wconf 90' lang='lat' dir='ltr'>vincula,</span> <span class='ocrx_word' id='word_1_521' title='bbox 3136 2589 3192 2646; x_wconf 90' lang='lat' dir='ltr'>in</span> <span class='ocrx_word' id='word_1_522' title='bbox 3216 2589 3426 2661; x_wconf 89' lang='lat' dir='ltr'>quibus</span> <span class='ocrx_word' id='word_1_523' title='bbox 3441 2589 3760 2660; x_wconf 86' lang='lat' dir='ltr'>permansit</span> 
     </span>
    </p>
   </div>
   <div class='ocr_carea' id='block_1_73' title="bbox 2105 2677 2859 2750">
    <p class='ocr_par' dir='ltr' id='par_1_73' title="bbox 2105 2677 2859 2750">
     <span class='ocr_line' id='line_1_73' title="bbox 2105 2677 2859 2750; baseline 0.003 -18"><span class='ocrx_word' id='word_1_524' title='bbox 2105 2691 2289 2748; x_wconf 90' lang='lat' dir='ltr'>usque</span> <span class='ocrx_word' id='word_1_525' title='bbox 2321 2677 2391 2733; x_wconf 85' lang='lat' dir='ltr'>ad</span> <span class='ocrx_word' id='word_1_526' title='bbox 2428 2677 2549 2732; x_wconf 86' lang='lat' dir='ltr'>Gaii</span> <span class='ocrx_word' id='word_1_527' title='bbox 2577 2682 2859 2750; x_wconf 90' lang='lat' dir='ltr'>tempora.</span> 
     </span>
    </p>
   </div>
   <div class='ocr_carea' id='block_1_74' title="bbox 2107 2765 3671 2840">
    <p class='ocr_par' dir='ltr' id='par_1_74' title="bbox 2107 2765 3671 2840">
     <span class='ocr_line' id='line_1_74' title="bbox 2107 2765 3671 2840; baseline 0.003 -21"><span class='ocrx_word' id='word_1_528' title='bbox 2107 2769 2190 2821; x_wconf 89' lang='grc'>10.</span> <span class='ocrx_word' id='word_1_529' title='bbox 2225 2766 2364 2824; x_wconf 76' lang='lat' dir='ltr'>add.</span> <span class='ocrx_word' id='word_1_530' title='bbox 2397 2767 2464 2824; x_wconf 76' lang='lat' dir='ltr'>in</span> <span class='ocrx_word' id='word_1_531' title='bbox 2489 2768 2784 2840; x_wconf 70' lang='lat' dir='ltr'>margine,</span> <span class='ocrx_word' id='word_1_532' title='bbox 2808 2781 2937 2840; x_wconf 66' lang='lat' dir='ltr'>quae</span> <span class='ocrx_word' id='word_1_533' title='bbox 2969 2773 3053 2824; x_wconf 93' lang='lat'>11.</span> <span class='ocrx_word' id='word_1_534' title='bbox 3083 2765 3304 2840; x_wconf 76' lang='lat' dir='ltr'>recepit</span> <span class='ocrx_word' id='word_1_535' title='bbox 3337 2785 3350 2822; x_wconf 91' lang='lat'><strong>:</strong></span> <span class='ocrx_word' id='word_1_536' title='bbox 3377 2765 3671 2834; x_wconf 84' lang='lat' dir='ltr'>Quendam</span> 
     </span>
    </p>
   </div>
   <div class='ocr_carea' id='block_1_75' title="bbox 2179 2856 3760 2928">
    <p class='ocr_par' dir='ltr' id='par_1_75' title="bbox 2179 2856 3760 2928">
     <span class='ocr_line' id='line_1_75' title="bbox 2179 2856 3760 2928; baseline 0 -16"><span class='ocrx_word' id='word_1_537' title='bbox 2179 2857 2347 2913; x_wconf 91' lang='lat' dir='ltr'>brum</span> <span class='ocrx_word' id='word_1_538' title='bbox 2382 2858 2570 2914; x_wconf 87' lang='lat' dir='ltr'>fertur</span> <span class='ocrx_word' id='word_1_539' title='bbox 2595 2857 2923 2928; x_wconf 88' lang='lat' dir='ltr'>jugulasse,</span> <span class='ocrx_word' id='word_1_540' title='bbox 2962 2857 3058 2926; x_wconf 90' lang='lat' dir='ltr'>qui</span> <span class='ocrx_word' id='word_1_541' title='bbox 3095 2856 3390 2914; x_wconf 88' lang='lat' dir='ltr'>adinvenit</span> <span class='ocrx_word' id='word_1_542' title='bbox 3437 2856 3651 2914; x_wconf 88' lang='lat' dir='ltr'>vitrum</span> <span class='ocrx_word' id='word_1_543' title='bbox 3684 2857 3760 2912; x_wconf 89' lang='lat' dir='ltr'>fa-</span> 
     </span>
    </p>
   </div>
   <div class='ocr_carea' id='block_1_76' title="bbox 2179 2945 3757 3017">
    <p class='ocr_par' dir='ltr' id='par_1_76' title="bbox 2179 2945 3757 3017">
     <span class='ocr_line' id='line_1_76' title="bbox 2179 2945 3757 3017; baseline 0.001 -17"><span class='ocrx_word' id='word_1_544' title='bbox 2179 2945 2433 3017; x_wconf 90' lang='lat' dir='ltr'>bricare,</span> <span class='ocrx_word' id='word_1_545' title='bbox 2493 2950 2551 3002; x_wconf 90' lang='lat' dir='ltr'>et</span> <span class='ocrx_word' id='word_1_546' title='bbox 2594 2947 2916 3002; x_wconf 88' lang='lat' dir='ltr'>secundum</span> <span class='ocrx_word' id='word_1_547' title='bbox 2967 2945 3197 3003; x_wconf 90' lang='lat' dir='ltr'>libitum</span> <span class='ocrx_word' id='word_1_548' title='bbox 3239 2961 3406 3003; x_wconf 90' lang='lat' dir='ltr'>suum</span> <span class='ocrx_word' id='word_1_549' title='bbox 3437 2945 3757 3015; x_wconf 83' lang='lat' dir='ltr'>inflectere,</span> 
     </span>
    </p>
   </div>
   <div class='ocr_carea' id='block_1_77' title="bbox 2182 3034 3764 3106">
    <p class='ocr_par' dir='ltr' id='par_1_77' title="bbox 2182 3034 3764 3106">
     <span class='ocr_line' id='line_1_77' title="bbox 2182 3034 3764 3106; baseline 0 -14"><span class='ocrx_word' id='word_1_550' title='bbox 2182 3035 2385 3092; x_wconf 90' lang='lat' dir='ltr'>dicens</span> <span class='ocrx_word' id='word_1_551' title='bbox 2416 3036 2469 3091; x_wconf 88' lang='lat' dir='ltr'>ei</span> <span class='ocrx_word' id='word_1_552' title='bbox 2491 3041 2508 3090; x_wconf 85' lang='lat'>&#39;:</span> <span class='ocrx_word' id='word_1_553' title='bbox 2559 3057 2586 3085; x_wconf 80' lang='grc' dir='ltr'><strong>α</strong></span> <span class='ocrx_word' id='word_1_554' title='bbox 2617 3036 2672 3090; x_wconf 90' lang='lat' dir='ltr'>Si</span> <span class='ocrx_word' id='word_1_555' title='bbox 2706 3035 2922 3092; x_wconf 86' lang='lat' dir='ltr'>vixeris</span> <span class='ocrx_word' id='word_1_556' title='bbox 2951 3039 3012 3092; x_wconf 90' lang='lat' dir='ltr'>et</span> <span class='ocrx_word' id='word_1_557' title='bbox 3038 3035 3146 3092; x_wconf 89' lang='lat' dir='ltr'>hoc</span> <span class='ocrx_word' id='word_1_558' title='bbox 3177 3035 3325 3092; x_wconf 86' lang='lat' dir='ltr'>alios</span> <span class='ocrx_word' id='word_1_559' title='bbox 3353 3034 3645 3106; x_wconf 89' lang='lat' dir='ltr'>docueris,</span> <span class='ocrx_word' id='word_1_560' title='bbox 3670 3049 3764 3092; x_wconf 86' lang='lat' dir='ltr'>au-</span> 
     </span>
    </p>
   </div>
   <div class='ocr_carea' id='block_1_78' title="bbox 2181 3123 3223 3195">
    <p class='ocr_par' dir='ltr' id='par_1_78' title="bbox 2181 3123 3223 3195">
     <span class='ocr_line' id='line_1_78' title="bbox 2181 3123 3223 3195; baseline -0.002 -15"><span class='ocrx_word' id='word_1_561' title='bbox 2181 3139 2308 3182; x_wconf 89' lang='lat' dir='ltr'>rum</span> <span class='ocrx_word' id='word_1_562' title='bbox 2338 3130 2396 3180; x_wconf 93' lang='lat' dir='ltr'>et</span> <span class='ocrx_word' id='word_1_563' title='bbox 2428 3131 2732 3195; x_wconf 86' lang='lat' dir='ltr'>argentum</span> <span class='ocrx_word' id='word_1_564' title='bbox 2765 3123 3160 3182; x_wconf 87' lang='lat' dir='ltr'>annulabitur.</span> <span class='ocrx_word' id='word_1_565' title='bbox 3193 3143 3223 3178; x_wconf 82' lang='lat'><strong><em>»</em></strong></span> 
     </span>
    </p>
   </div>
   <div class='ocr_carea' id='block_1_79' title="bbox 2181 3225 2555 3286">
    <p class='ocr_par' dir='ltr' id='par_1_79' title="bbox 2181 3225 2555 3286">
     <span class='ocr_line' id='line_1_79' title="bbox 2181 3225 2555 3286; baseline 0 -14"><span class='ocrx_word' id='word_1_566' title='bbox 2181 3225 2305 3273; x_wconf 72' lang='lat' dir='ltr'>Anni</span> <span class='ocrx_word' id='word_1_567' title='bbox 2338 3225 2555 3286; x_wconf 76' lang='lat' dir='ltr'>Tyberii.</span> 
     </span>
    </p>
   </div>
   <div class='ocr_carea' id='block_1_80' title="bbox 2181 3303 3757 3378">
    <p class='ocr_par' dir='ltr' id='par_1_80' title="bbox 2181 3303 3757 3378">
     <span class='ocr_line' id='line_1_80' title="bbox 2181 3303 3757 3378; baseline 0 -16"><span class='ocrx_word' id='word_1_568' title='bbox 2181 3309 2232 3362; x_wconf 89' lang='lat'>2.</span> <span class='ocrx_word' id='word_1_569' title='bbox 2267 3305 2480 3378; x_wconf 68' lang='grc' dir='ltr'>(Ηιεκ.)</span> <span class='ocrx_word' id='word_1_570' title='bbox 2513 3307 2676 3361; x_wconf 90' lang='lat' dir='ltr'>Anno</span> <span class='ocrx_word' id='word_1_571' title='bbox 2709 3303 3024 3366; x_wconf 73' lang='lat' dir='ltr'>Dominicze</span> <span class='ocrx_word' id='word_1_572' title='bbox 3076 3303 3490 3362; x_wconf 89' lang='lat' dir='ltr'>incarnationis</span> <span class='ocrx_word' id='word_1_573' title='bbox 3539 3309 3624 3376; x_wconf 91' lang='lat'>17,</span> <span class='ocrx_word' id='word_1_574' title='bbox 3661 3305 3757 3378; x_wconf 89' lang='lat' dir='ltr'>qui</span> 
     </span>
    </p>
   </div>
   <div class='ocr_carea' id='block_1_81' title="bbox 2111 3393 3762 3466">
    <p class='ocr_par' dir='ltr' id='par_1_81' title="bbox 2111 3393 3762 3466">
     <span class='ocr_line' id='line_1_81' title="bbox 2111 3393 3762 3466; baseline 0.001 -14"><span class='ocrx_word' id='word_1_575' title='bbox 2111 3399 2206 3452; x_wconf 90' lang='lat' dir='ltr'>est</span> <span class='ocrx_word' id='word_1_576' title='bbox 2235 3395 2464 3466; x_wconf 82' lang='lat' dir='ltr'>Tyberii</span> <span class='ocrx_word' id='word_1_577' title='bbox 2498 3396 2813 3463; x_wconf 89' lang='lat' dir='ltr'>secundus,</span> <span class='ocrx_word' id='word_1_578' title='bbox 2838 3394 3024 3451; x_wconf 79' lang='lat' dir='ltr'>Asinii</span> <span class='ocrx_word' id='word_1_579' title='bbox 3045 3393 3324 3451; x_wconf 91' lang='lat' dir='ltr'>Pollionis</span> <span class='ocrx_word' id='word_1_580' title='bbox 3348 3393 3503 3452; x_wconf 83' lang='lat' dir='ltr'>ﬁlius</span> <span class='ocrx_word' id='word_1_581' title='bbox 3526 3393 3762 3453; x_wconf 83' lang='lat' dir='ltr'>Asinius</span> 
     </span>
    </p>
   </div>
   <div class='ocr_carea' id='block_1_82' title="bbox 2112 3483 3501 3556">
    <p class='ocr_par' dir='ltr' id='par_1_82' title="bbox 2112 3483 3501 3556">
     <span class='ocr_line' id='line_1_82' title="bbox 2112 3483 3501 3556; baseline -0.001 -17"><span class='ocrx_word' id='word_1_582' title='bbox 2112 3483 2312 3542; x_wconf 87' lang='lat' dir='ltr'>Gallus</span> <span class='ocrx_word' id='word_1_583' title='bbox 2348 3484 2493 3541; x_wconf 89' lang='lat' dir='ltr'>diris</span> <span class='ocrx_word' id='word_1_584' title='bbox 2521 3500 2552 3542; x_wconf 88' lang='lat' dir='ltr'>a</span> <span class='ocrx_word' id='word_1_585' title='bbox 2583 3485 2828 3556; x_wconf 79' lang='lat' dir='ltr'>Tyberio</span> <span class='ocrx_word' id='word_1_586' title='bbox 2861 3483 3166 3556; x_wconf 90' lang='lat' dir='ltr'>suppliciis</span> <span class='ocrx_word' id='word_1_587' title='bbox 3204 3487 3501 3541; x_wconf 89' lang='lat' dir='ltr'>enecatur.</span> 
     </span>
    </p>
   </div>
   <div class='ocr_carea' id='block_1_83' title="bbox 2182 3571 3772 3646">
    <p class='ocr_par' dir='ltr' id='par_1_83' title="bbox 2182 3571 3772 3646">
     <span class='ocr_line' id='line_1_83' title="bbox 2182 3571 3772 3646; baseline -0.003 -16"><span class='ocrx_word' id='word_1_588' title='bbox 2182 3578 2232 3630; x_wconf 90' lang='lat'>3.</span> <span class='ocrx_word' id='word_1_589' title='bbox 2268 3576 2333 3631; x_wconf 90' lang='lat' dir='ltr'>A.</span> <span class='ocrx_word' id='word_1_590' title='bbox 2368 3577 2429 3631; x_wconf 93' lang='lat' dir='ltr'>D.</span> <span class='ocrx_word' id='word_1_591' title='bbox 2468 3580 2550 3633; x_wconf 85' lang='lat'>18.</span> <span class='ocrx_word' id='word_1_592' title='bbox 2580 3574 2773 3630; x_wconf 84' lang='lat' dir='ltr'>Livius</span> <span class='ocrx_word' id='word_1_593' title='bbox 2797 3573 2862 3607; x_wconf 81' lang='lat'><strong>‘“</strong></span> <span class='ocrx_word' id='word_1_594' title='bbox 2897 3572 3429 3646; x_wconf 76' lang='lat' dir='ltr'>bystoriographus</span> <span class='ocrx_word' id='word_1_595' title='bbox 3459 3571 3682 3628; x_wconf 85' lang='lat' dir='ltr'>Patavii</span> <span class='ocrx_word' id='word_1_596' title='bbox 3705 3571 3772 3607; x_wconf 83' lang='lat'>“&#39;</span> 
     </span>
    </p>
   </div>
   <div class='ocr_carea' id='block_1_84' title="bbox 2111 3661 3764 3735">
    <p class='ocr_par' dir='ltr' id='par_1_84' title="bbox 2111 3661 3764 3735">
     <span class='ocr_line' id='line_1_84' title="bbox 2111 3661 3764 3735; baseline -0.001 -15"><span class='ocrx_word' id='word_1_597' title='bbox 2111 3663 2378 3720; x_wconf 90' lang='lat' dir='ltr'>moritur.</span> <span class='ocrx_word' id='word_1_598' title='bbox 2399 3665 2642 3722; x_wconf 89' lang='lat' dir='ltr'>Ovidius</span> <span class='ocrx_word' id='word_1_599' title='bbox 2665 3679 2896 3734; x_wconf 90' lang='lat' dir='ltr'>quoque</span> <span class='ocrx_word' id='word_1_600' title='bbox 2923 3667 3093 3735; x_wconf 90' lang='lat' dir='ltr'>poeta</span> <span class='ocrx_word' id='word_1_601' title='bbox 3116 3663 3174 3718; x_wconf 92' lang='lat' dir='ltr'>in</span> <span class='ocrx_word' id='word_1_602' title='bbox 3197 3661 3374 3719; x_wconf 90' lang='lat' dir='ltr'>exilio</span> <span class='ocrx_word' id='word_1_603' title='bbox 3401 3662 3650 3720; x_wconf 84' lang='lat' dir='ltr'>moritur</span> <span class='ocrx_word' id='word_1_604' title='bbox 3674 3661 3764 3718; x_wconf 82' lang='lat'>“&#39;.</span> 
     </span>
    </p>
   </div>
   <div class='ocr_carea' id='block_1_85' title="bbox 2179 3751 3766 3826">
    <p class='ocr_par' dir='ltr' id='par_1_85' title="bbox 2179 3751 3766 3826">
     <span class='ocr_line' id='line_1_85' title="bbox 2179 3751 3766 3826; baseline -0.003 -14"><span class='ocrx_word' id='word_1_605' title='bbox 2179 3757 2230 3812; x_wconf 77' lang='grc'>4.</span> <span class='ocrx_word' id='word_1_606' title='bbox 2269 3755 2369 3826; x_wconf 86' lang='grc' dir='ltr'>(Η.</span> <span class='ocrx_word' id='word_1_607' title='bbox 2402 3755 2506 3826; x_wconf 87' lang='lat' dir='ltr'>m.)</span> <span class='ocrx_word' id='word_1_608' title='bbox 2551 3757 2615 3811; x_wconf 82' lang='lat' dir='ltr'>A.</span> <span class='ocrx_word' id='word_1_609' title='bbox 2673 3755 2736 3810; x_wconf 83' lang='grc' dir='ltr'>ι).</span> <span class='ocrx_word' id='word_1_610' title='bbox 2783 3758 2868 3811; x_wconf 83' lang='grc'>19.</span> <span class='ocrx_word' id='word_1_611' title='bbox 2923 3752 3316 3824; x_wconf 87' lang='lat' dir='ltr'>Germanicus,</span> <span class='ocrx_word' id='word_1_612' title='bbox 3368 3751 3538 3810; x_wconf 91' lang='lat' dir='ltr'>Drusi</span> <span class='ocrx_word' id='word_1_613' title='bbox 3586 3751 3766 3825; x_wconf 90' lang='lat' dir='ltr'>filius,</span> 
     </span>
    </p>
   </div>
   <div class='ocr_carea' id='block_1_86' title="bbox 2111 3842 3766 3916">
    <p class='ocr_par' dir='ltr' id='par_1_86' title="bbox 2111 3842 3766 3916">
     <span class='ocr_line' id='line_1_86' title="bbox 2111 3842 3766 3916; baseline -0.002 -15"><span class='ocrx_word' id='word_1_614' title='bbox 2111 3843 2390 3916; x_wconf 63' lang='lat' dir='ltr'>Caligulae</span> <span class='ocrx_word' id='word_1_615' title='bbox 2425 3850 2614 3916; x_wconf 90' lang='lat' dir='ltr'>pater,</span> <span class='ocrx_word' id='word_1_616' title='bbox 2650 3844 2720 3901; x_wconf 88' lang='lat' dir='ltr'>de</span> <span class='ocrx_word' id='word_1_617' title='bbox 2755 3843 3078 3914; x_wconf 84' lang='lat' dir='ltr'>Germanis,</span> <span class='ocrx_word' id='word_1_618' title='bbox 3114 3843 3181 3900; x_wconf 90' lang='lat' dir='ltr'>ad</span> <span class='ocrx_word' id='word_1_619' title='bbox 3215 3857 3362 3915; x_wconf 90' lang='lat' dir='ltr'>quos</span> <span class='ocrx_word' id='word_1_620' title='bbox 3389 3842 3462 3900; x_wconf 91' lang='lat' dir='ltr'>ab</span> <span class='ocrx_word' id='word_1_621' title='bbox 3503 3842 3766 3912; x_wconf 81' lang='lat' dir='ltr'>Augusto</span> 
     </span>
    </p>
   </div>
   <div class='ocr_carea' id='block_1_87' title="bbox 2103 3933 3266 4008">
    <p class='ocr_par' dir='ltr' id='par_1_87' title="bbox 2103 3933 3266 4008">
     <span class='ocr_line' id='line_1_87' title="bbox 2103 3933 3266 4008; baseline -0.002 -18"><span class='ocrx_word' id='word_1_622' title='bbox 2103 3935 2219 4008; x_wconf 90' lang='lat' dir='ltr'>jam</span> <span class='ocrx_word' id='word_1_623' title='bbox 2255 3949 2393 3990; x_wconf 90' lang='lat' dir='ltr'>sene</span> <span class='ocrx_word' id='word_1_624' title='bbox 2431 3935 2641 3991; x_wconf 90' lang='lat' dir='ltr'>missus</span> <span class='ocrx_word' id='word_1_625' title='bbox 2675 3935 2889 4004; x_wconf 89' lang='lat' dir='ltr'>fuerat,</span> <span class='ocrx_word' id='word_1_626' title='bbox 2923 3933 3266 4005; x_wconf 87' lang='lat' dir='ltr'>triumphat.</span> 
     </span>
    </p>
   </div>
   <div class='ocr_carea' id='block_1_88' title="bbox 2181 4019 3762 4098">
    <p class='ocr_par' dir='ltr' id='par_1_88' title="bbox 2181 4019 3762 4098">
     <span class='ocr_line' id='line_1_88' title="bbox 2181 4019 3762 4098; baseline -0.003 -18"><span class='ocrx_word' id='word_1_627' title='bbox 2181 4028 2230 4080; x_wconf 72' lang='grc' dir='ltr'>ὅ.</span> <span class='ocrx_word' id='word_1_628' title='bbox 2271 4025 2477 4098; x_wconf 61' lang='lat' dir='ltr'>(Hum)</span> <span class='ocrx_word' id='word_1_629' title='bbox 2512 4027 2575 4081; x_wconf 84' lang='lat' dir='ltr'>A.</span> <span class='ocrx_word' id='word_1_630' title='bbox 2614 4025 2676 4080; x_wconf 93' lang='lat' dir='ltr'>D.</span> <span class='ocrx_word' id='word_1_631' title='bbox 2707 4028 2801 4079; x_wconf 89' lang='lat'>20.</span> <span class='ocrx_word' id='word_1_632' title='bbox 2834 4023 3214 4080; x_wconf 89' lang='lat' dir='ltr'>Germanicus</span> <span class='ocrx_word' id='word_1_633' title='bbox 3247 4036 3430 4080; x_wconf 71' lang='lat' dir='ltr'>caesar</span> <span class='ocrx_word' id='word_1_634' title='bbox 3460 4035 3491 4078; x_wconf 88' lang='lat' dir='ltr'>a</span> <span class='ocrx_word' id='word_1_635' title='bbox 3519 4019 3762 4092; x_wconf 86' lang='lat' dir='ltr'>Tyberio</span> 
     </span>
    </p>
   </div>
   <div class='ocr_carea' id='block_1_89' title="bbox 2111 4112 3116 4187">
    <p class='ocr_par' dir='ltr' id='par_1_89' title="bbox 2111 4112 3116 4187">
     <span class='ocr_line' id='line_1_89' title="bbox 2111 4112 3116 4187; baseline -0.004 -15"><span class='ocrx_word' id='word_1_636' title='bbox 2111 4117 2320 4187; x_wconf 89' lang='lat' dir='ltr'>patruo</span> <span class='ocrx_word' id='word_1_637' title='bbox 2351 4129 2457 4171; x_wconf 91' lang='lat' dir='ltr'>suo</span> <span class='ocrx_word' id='word_1_638' title='bbox 2486 4127 2710 4171; x_wconf 88' lang='lat' dir='ltr'>veneno</span> <span class='ocrx_word' id='word_1_639' title='bbox 2741 4112 3116 4180; x_wconf 87' lang='lat' dir='ltr'>interficitur.</span> 
     </span>
    </p>
   </div>
   <div class='ocr_carea' id='block_1_90' title="bbox 2183 4200 3759 4274">
    <p class='ocr_par' dir='ltr' id='par_1_90' title="bbox 2183 4200 3759 4274">
     <span class='ocr_line' id='line_1_90' title="bbox 2183 4200 3759 4274; baseline -0.004 -13"><span class='ocrx_word' id='word_1_640' title='bbox 2183 4208 2234 4261; x_wconf 89' lang='lat'>6.</span> <span class='ocrx_word' id='word_1_641' title='bbox 2270 4205 2335 4260; x_wconf 85' lang='grc' dir='ltr'>Α.</span> <span class='ocrx_word' id='word_1_642' title='bbox 2366 4206 2428 4260; x_wconf 93' lang='grc' dir='ltr'>Ι).</span> <span class='ocrx_word' id='word_1_643' title='bbox 2463 4207 2551 4260; x_wconf 85' lang='grc'>21.</span> <span class='ocrx_word' id='word_1_644' title='bbox 2588 4203 2911 4260; x_wconf 85' lang='lat' dir='ltr'>Fenestella</span> <span class='ocrx_word' id='word_1_645' title='bbox 2944 4200 3468 4274; x_wconf 81' lang='lat' dir='ltr'>hystoriographus</span> <span class='ocrx_word' id='word_1_646' title='bbox 3499 4201 3558 4256; x_wconf 91' lang='lat' dir='ltr'>et</span> <span class='ocrx_word' id='word_1_647' title='bbox 3587 4201 3759 4271; x_wconf 83' lang='lat' dir='ltr'>poeta</span> 
     </span>
    </p>
   </div>
   <div class='ocr_carea' id='block_1_91' title="bbox 2115 4286 3651 4362">
    <p class='ocr_par' dir='ltr' id='par_1_91' title="bbox 2115 4286 3651 4362">
     <span class='ocr_line' id='line_1_91' title="bbox 2115 4286 3651 4362; baseline -0.005 -12"><span class='ocrx_word' id='word_1_648' title='bbox 2115 4298 2210 4350; x_wconf 89' lang='lat'>70°</span> <span class='ocrx_word' id='word_1_649' title='bbox 2241 4293 2377 4350; x_wconf 65' lang='lat' dir='ltr'>vitae</span> <span class='ocrx_word' id='word_1_650' title='bbox 2406 4307 2525 4350; x_wconf 66' lang='lat' dir='ltr'>suae</span> <span class='ocrx_word' id='word_1_651' title='bbox 2556 4307 2704 4350; x_wconf 89' lang='lat' dir='ltr'>anno</span> <span class='ocrx_word' id='word_1_652' title='bbox 2735 4291 3002 4360; x_wconf 89' lang='lat' dir='ltr'>moritur,</span> <span class='ocrx_word' id='word_1_653' title='bbox 3037 4295 3096 4348; x_wconf 91' lang='lat' dir='ltr'>et</span> <span class='ocrx_word' id='word_1_654' title='bbox 3129 4289 3324 4348; x_wconf 86' lang='lat' dir='ltr'>Cumis</span> <span class='ocrx_word' id='word_1_655' title='bbox 3351 4286 3651 4362; x_wconf 85' lang='lat' dir='ltr'>sepelitur.</span> 
     </span>
    </p>
   </div>
   <div class='ocr_carea' id='block_1_92' title="bbox 2188 4374 3764 4454">
    <p class='ocr_par' dir='ltr' id='par_1_92' title="bbox 2188 4374 3764 4454">
     <span class='ocr_line' id='line_1_92' title="bbox 2188 4374 3764 4454; baseline -0.005 -16"><span class='ocrx_word' id='word_1_656' title='bbox 2188 4387 2240 4438; x_wconf 90' lang='lat'><strong>7.</strong></span> <span class='ocrx_word' id='word_1_657' title='bbox 2267 4383 2328 4437; x_wconf 79' lang='grc' dir='ltr'>Α.</span> <span class='ocrx_word' id='word_1_658' title='bbox 2352 4382 2416 4438; x_wconf 85' lang='grc' dir='ltr'>Ι).</span> <span class='ocrx_word' id='word_1_659' title='bbox 2441 4386 2530 4438; x_wconf 85' lang='grc'>22.</span> <span class='ocrx_word' id='word_1_660' title='bbox 2555 4380 2840 4454; x_wconf 78' lang='lat' dir='ltr'>Tyberius</span> <span class='ocrx_word' id='word_1_661' title='bbox 2867 4379 3084 4436; x_wconf 86' lang='lat' dir='ltr'>multos</span> <span class='ocrx_word' id='word_1_662' title='bbox 3111 4392 3281 4448; x_wconf 86' lang='lat' dir='ltr'>reges</span> <span class='ocrx_word' id='word_1_663' title='bbox 3308 4391 3413 4450; x_wconf 83' lang='lat' dir='ltr'>per</span> <span class='ocrx_word' id='word_1_664' title='bbox 3444 4374 3764 4432; x_wconf 82' lang='lat' dir='ltr'>blandicias</span> 
     </span>
    </p>
   </div>
   <div class='ocr_carea' id='block_1_93' title="bbox 2122 4464 3762 4540">
    <p class='ocr_par' dir='ltr' id='par_1_93' title="bbox 2122 4464 3762 4540">
     <span class='ocr_line' id='line_1_93' title="bbox 2122 4464 3762 4540; baseline -0.005 -15"><span class='ocrx_word' id='word_1_665' title='bbox 2122 4470 2191 4526; x_wconf 92' lang='lat' dir='ltr'>ad</span> <span class='ocrx_word' id='word_1_666' title='bbox 2221 4485 2282 4526; x_wconf 88' lang='lat' dir='ltr'>se</span> <span class='ocrx_word' id='word_1_667' title='bbox 2315 4469 2547 4528; x_wconf 90' lang='lat' dir='ltr'>vocavit</span> <span class='ocrx_word' id='word_1_668' title='bbox 2595 4482 3008 4540; x_wconf 88' lang='lat' dir='ltr'>nunquamque</span> <span class='ocrx_word' id='word_1_669' title='bbox 3054 4465 3302 4536; x_wconf 87' lang='lat' dir='ltr'>remisit,</span> <span class='ocrx_word' id='word_1_670' title='bbox 3335 4465 3486 4521; x_wconf 93' lang='lat' dir='ltr'>inter</span> <span class='ocrx_word' id='word_1_671' title='bbox 3527 4477 3674 4535; x_wconf 90' lang='lat' dir='ltr'>quos</span> <span class='ocrx_word' id='word_1_672' title='bbox 3703 4464 3762 4519; x_wconf 89' lang='lat' dir='ltr'>et</span> 
     </span>
    </p>
   </div>
   <div class='ocr_carea' id='block_1_94' title="bbox 2124 4553 3765 4630">
    <p class='ocr_par' dir='ltr' id='par_1_94' title="bbox 2124 4553 3765 4630">
     <span class='ocr_line' id='line_1_94' title="bbox 2124 4553 3765 4630; baseline -0.004 -15"><span class='ocrx_word' id='word_1_673' title='bbox 2124 4559 2468 4616; x_wconf 85' lang='lat' dir='ltr'>Archelaum</span> <span class='ocrx_word' id='word_1_674' title='bbox 2495 4557 2876 4630; x_wconf 89' lang='lat' dir='ltr'>Capadocem,</span> <span class='ocrx_word' id='word_1_675' title='bbox 2900 4557 3068 4628; x_wconf 87' lang='lat' dir='ltr'>cujus</span> <span class='ocrx_word' id='word_1_676' title='bbox 3087 4555 3262 4612; x_wconf 90' lang='lat' dir='ltr'>etiam</span> <span class='ocrx_word' id='word_1_677' title='bbox 3285 4567 3526 4625; x_wconf 82' lang='lat' dir='ltr'>regnum</span> <span class='ocrx_word' id='word_1_678' title='bbox 3556 4553 3610 4608; x_wconf 90' lang='lat' dir='ltr'>in</span> <span class='ocrx_word' id='word_1_679' title='bbox 3635 4565 3765 4624; x_wconf 88' lang='lat' dir='ltr'>pro-</span> 
     </span>
    </p>
   </div>
   <div class='ocr_carea' id='block_1_95' title="bbox 337 4637 3764 4743">
    <p class='ocr_par' dir='ltr' id='par_1_95' title="bbox 337 4637 3764 4743">
     <span class='ocr_line' id='line_1_95' title="bbox 337 4637 3764 4743; baseline -0.003 -38"><span class='ocrx_word' id='word_1_680' title='bbox 337 4649 475 4708; x_wconf 90' lang='lat' dir='ltr'>buta</span> <span class='ocrx_word' id='word_1_681' title='bbox 511 4651 896 4709; x_wconf 87' lang='lat' dir='ltr'>suadentibus</span> <span class='ocrx_word' id='word_1_682' title='bbox 928 4651 1234 4722; x_wconf 85' lang='lat' dir='ltr'>scripserit</span> <span class='ocrx_word' id='word_1_683' title='bbox 1264 4649 1398 4706; x_wconf 91' lang='lat' dir='ltr'>boni</span> <span class='ocrx_word' id='word_1_684' title='bbox 1427 4649 1688 4720; x_wconf 85' lang='lat' dir='ltr'>pastoris</span> <span class='ocrx_word' id='word_1_685' title='bbox 1712 4664 1846 4707; x_wconf 89' lang='lat' dir='ltr'>esse</span> <span class='ocrx_word' id='word_1_686' title='bbox 1875 4647 2015 4743; x_wconf 57' lang='lat' dir='ltr'>ton;</span> <span class='ocrx_word' id='word_1_687' title='bbox 2043 4637 2094 4698; x_wconf 85' lang='lat' dir='ltr'>D</span> <span class='ocrx_word' id='word_1_688' title='bbox 2125 4648 2332 4709; x_wconf 74' lang='lat' dir='ltr'>vinciae</span> <span class='ocrx_word' id='word_1_689' title='bbox 2357 4650 2597 4705; x_wconf 90' lang='lat' dir='ltr'>formam</span> <span class='ocrx_word' id='word_1_690' title='bbox 2621 4645 2871 4715; x_wconf 84' lang='lat' dir='ltr'>redegit,</span> <span class='ocrx_word' id='word_1_691' title='bbox 2896 4649 2954 4701; x_wconf 89' lang='lat' dir='ltr'>et</span> <span class='ocrx_word' id='word_1_692' title='bbox 2979 4643 3400 4700; x_wconf 87' lang='lat' dir='ltr'>nobilissimam</span> <span class='ocrx_word' id='word_1_693' title='bbox 3421 4642 3544 4714; x_wconf 89' lang='lat' dir='ltr'>ejus</span> <span class='ocrx_word' id='word_1_694' title='bbox 3563 4640 3764 4743; x_wconf 72' lang='lat' dir='ltr'>civita-</span> 
     </span>
    </p>
   </div>
   <div class='ocr_carea' id='block_1_96' title="bbox 317 4728 3760 4812">
    <p class='ocr_par' dir='ltr' id='par_1_96' title="bbox 317 4728 3760 4812">
     <span class='ocr_line' id='line_1_96' title="bbox 317 4728 3760 4812; baseline -0.003 -17"><span class='ocrx_word' id='word_1_695' title='bbox 317 4739 476 4796; x_wconf 89' lang='lat' dir='ltr'>&#39;dere</span> <span class='ocrx_word' id='word_1_696' title='bbox 507 4754 707 4812; x_wconf 91' lang='lat' dir='ltr'>pecus,</span> <span class='ocrx_word' id='word_1_697' title='bbox 741 4755 856 4797; x_wconf 88' lang='lat' dir='ltr'>non</span> <span class='ocrx_word' id='word_1_698' title='bbox 890 4739 1243 4810; x_wconf 82' lang='lat' dir='ltr'>deglubere;</span> <span class='ocrx_word' id='word_1_699' title='bbox 1278 4738 1383 4795; x_wconf 90' lang='lat' dir='ltr'>sed</span> <span class='ocrx_word' id='word_1_700' title='bbox 1422 4737 1704 4810; x_wconf 90' lang='lat' dir='ltr'>paulatim</span> <span class='ocrx_word' id='word_1_701' title='bbox 1739 4728 2014 4798; x_wconf 54' lang='lat' dir='ltr'>mutatu}</span> <span class='ocrx_word' id='word_1_702' title='bbox 2125 4747 2242 4798; x_wconf 87' lang='lat' dir='ltr'>tem</span> <span class='ocrx_word' id='word_1_703' title='bbox 2277 4741 2560 4795; x_wconf 81' lang='lat' dir='ltr'>Mazacam</span> <span class='ocrx_word' id='word_1_704' title='bbox 2594 4751 2667 4792; x_wconf 85' lang='lat' dir='ltr'>ex</span> <span class='ocrx_word' id='word_1_705' title='bbox 2694 4750 2800 4792; x_wconf 90' lang='lat' dir='ltr'>suo</span> <span class='ocrx_word' id='word_1_706' title='bbox 2832 4734 3060 4790; x_wconf 90' lang='lat' dir='ltr'>nomine</span> <span class='ocrx_word' id='word_1_707' title='bbox 3085 4735 3406 4790; x_wconf 70' lang='lat' dir='ltr'>Caesaream</span> <span class='ocrx_word' id='word_1_708' title='bbox 3429 4728 3760 4804; x_wconf 86' lang='lat' dir='ltr'>appellavit.</span> 
     </span>
    </p>
   </div>
   <div class='ocr_carea' id='block_1_97' title="bbox 338 4827 1997 4901">
    <p class='ocr_par' dir='ltr' id='par_1_97' title="bbox 338 4827 1997 4901">
     <span class='ocr_line' id='line_1_97' title="bbox 338 4827 1997 4901; baseline 0 -16"><span class='ocrx_word' id='word_1_709' title='bbox 338 4827 396 4886; x_wconf 90' lang='lat' dir='ltr'>in</span> <span class='ocrx_word' id='word_1_710' title='bbox 426 4829 612 4901; x_wconf 88' lang='lat' dir='ltr'>pejus.</span> <span class='ocrx_word' id='word_1_711' title='bbox 651 4830 754 4901; x_wconf 88' lang='grc' dir='ltr'>(Η.</span> <span class='ocrx_word' id='word_1_712' title='bbox 784 4829 889 4898; x_wconf 82' lang='lat' dir='ltr'>m.)</span> <span class='ocrx_word' id='word_1_713' title='bbox 919 4831 1060 4885; x_wconf 86' lang='lat' dir='ltr'>Nam</span> <span class='ocrx_word' id='word_1_714' title='bbox 1093 4832 1150 4884; x_wconf 90' lang='lat' dir='ltr'>et</span> <span class='ocrx_word' id='word_1_715' title='bbox 1193 4827 1346 4884; x_wconf 89' lang='lat' dir='ltr'>filios</span> <span class='ocrx_word' id='word_1_716' title='bbox 1394 4842 1536 4884; x_wconf 89' lang='lat' dir='ltr'>suos</span> <span class='ocrx_word' id='word_1_717' title='bbox 1589 4827 1912 4900; x_wconf 90' lang='lat' dir='ltr'>adoptivos</span> <span class='ocrx_word' id='word_1_718' title='bbox 1953 4829 1997 4864; x_wconf 81' lang='grc'>⁴⁸</span> 
     </span>
    </p>
   </div>
   <div class='ocr_carea' id='block_1_98' title="bbox 337 4917 1988 4986">
    <p class='ocr_par' dir='ltr' id='par_1_98' title="bbox 337 4917 1988 4986">
     <span class='ocr_line' id='line_1_98' title="bbox 337 4917 1988 4986; baseline 0.002 -14"><span class='ocrx_word' id='word_1_719' title='bbox 337 4917 591 4976; x_wconf 91' lang='lat' dir='ltr'>Drusum</span> <span class='ocrx_word' id='word_1_720' title='bbox 624 4923 680 4974; x_wconf 91' lang='lat' dir='ltr'>et</span> <span class='ocrx_word' id='word_1_721' title='bbox 717 4917 1144 4986; x_wconf 87' lang='lat' dir='ltr'>Germanicum,</span> <span class='ocrx_word' id='word_1_722' title='bbox 1172 4917 1435 4986; x_wconf 83' lang='lat' dir='ltr'>germani</span> <span class='ocrx_word' id='word_1_723' title='bbox 1473 4917 1563 4972; x_wconf 91' lang='lat' dir='ltr'>sui</span> <span class='ocrx_word' id='word_1_724' title='bbox 1613 4917 1790 4975; x_wconf 90' lang='lat' dir='ltr'>Drusi</span> <span class='ocrx_word' id='word_1_725' title='bbox 1831 4919 1988 4976; x_wconf 92' lang='lat' dir='ltr'>filios</span> 
     </span>
    </p>
   </div>
   <div class='ocr_carea' id='block_1_99' title="bbox 338 5005 2012 5077">
    <p class='ocr_par' dir='ltr' id='par_1_99' title="bbox 338 5005 2012 5077">
     <span class='ocr_line' id='line_1_99' title="bbox 338 5005 2012 5077; baseline 0.002 -14"><span class='ocrx_word' id='word_1_726' title='bbox 338 5021 564 5064; x_wconf 88' lang='lat' dir='ltr'>veneno</span> <span class='ocrx_word' id='word_1_727' title='bbox 594 5005 914 5076; x_wconf 88' lang='lat' dir='ltr'>interfecit,</span> <span class='ocrx_word' id='word_1_728' title='bbox 952 5005 1276 5077; x_wconf 86' lang='lat' dir='ltr'>prefectum</span> <span class='ocrx_word' id='word_1_729' title='bbox 1331 5019 1503 5062; x_wconf 89' lang='lat' dir='ltr'>suum</span> <span class='ocrx_word' id='word_1_730' title='bbox 1553 5007 1823 5077; x_wconf 89' lang='lat' dir='ltr'>Sejanum</span> <span class='ocrx_word' id='word_1_731' title='bbox 1861 5023 2012 5067; x_wconf 90' lang='lat' dir='ltr'>nova</span> 
     </span>
    </p>
   </div>
   <div class='ocr_carea' id='block_1_100' title="bbox 2193 4820 3654 4897">
    <p class='ocr_par' dir='ltr' id='par_1_100' title="bbox 2193 4820 3654 4897">
     <span class='ocr_line' id='line_1_100' title="bbox 2193 4820 3654 4897; baseline -0.01 -10"><span class='ocrx_word' id='word_1_732' title='bbox 2193 4833 2246 4888; x_wconf 90' lang='lat'>8.</span> <span class='ocrx_word' id='word_1_733' title='bbox 2281 4831 2343 4886; x_wconf 83' lang='lat' dir='ltr'>A.</span> <span class='ocrx_word' id='word_1_734' title='bbox 2377 4829 2440 4884; x_wconf 90' lang='grc' dir='ltr'>Ι).</span> <span class='ocrx_word' id='word_1_735' title='bbox 2474 4830 2561 4882; x_wconf 86' lang='grc'>23.</span> <span class='ocrx_word' id='word_1_736' title='bbox 2597 4823 2854 4897; x_wconf 88' lang='lat' dir='ltr'>Pompeii</span> <span class='ocrx_word' id='word_1_737' title='bbox 2887 4823 3180 4880; x_wconf 89' lang='lat' dir='ltr'>theatrum</span> <span class='ocrx_word' id='word_1_738' title='bbox 3213 4821 3512 4878; x_wconf 88' lang='lat' dir='ltr'>incensum</span> <span class='ocrx_word' id='word_1_739' title='bbox 3543 4820 3654 4875; x_wconf 90' lang='lat' dir='ltr'>est.</span> 
     </span>
    </p>
   </div>
   <div class='ocr_carea' id='block_1_101' title="bbox 3297 4907 3759 4980">
    <p class='ocr_par' dir='ltr' id='par_1_101' title="bbox 3297 4907 3759 4980">
     <span class='ocr_line' id='line_1_101' title="bbox 3297 4907 3759 4980; baseline -0.006 -15"><span class='ocrx_word' id='word_1_740' title='bbox 3297 4907 3588 4980; x_wconf 85' lang='lat' dir='ltr'>Olympias</span> <span class='ocrx_word' id='word_1_741' title='bbox 3637 4909 3759 4963; x_wconf 85' lang='lat'>200.</span> 
     </span>
    </p>
   </div>
   <div class='ocr_carea' id='block_1_102' title="bbox 2194 4995 3759 5074">
    <p class='ocr_par' dir='ltr' id='par_1_102' title="bbox 2194 4995 3759 5074">
     <span class='ocr_line' id='line_1_102' title="bbox 2194 4995 3759 5074; baseline -0.01 -9"><span class='ocrx_word' id='word_1_742' title='bbox 2194 5013 2246 5066; x_wconf 84' lang='lat'>9.</span> <span class='ocrx_word' id='word_1_743' title='bbox 2282 5009 2343 5064; x_wconf 84' lang='grc' dir='ltr'>Α.</span> <span class='ocrx_word' id='word_1_744' title='bbox 2380 5007 2440 5062; x_wconf 92' lang='lat' dir='ltr'>D.</span> <span class='ocrx_word' id='word_1_745' title='bbox 2474 5007 2562 5062; x_wconf 82' lang='grc'>24.</span> <span class='ocrx_word' id='word_1_746' title='bbox 2593 5001 2878 5074; x_wconf 85' lang='lat' dir='ltr'>Tyberius</span> <span class='ocrx_word' id='word_1_747' title='bbox 2908 5002 3177 5069; x_wconf 87' lang='lat' dir='ltr'>Drusum,</span> <span class='ocrx_word' id='word_1_748' title='bbox 3214 4997 3414 5056; x_wconf 90' lang='lat' dir='ltr'>fratris</span> <span class='ocrx_word' id='word_1_749' title='bbox 3443 4996 3530 5054; x_wconf 90' lang='lat' dir='ltr'>sui</span> <span class='ocrx_word' id='word_1_750' title='bbox 3560 4995 3759 5065; x_wconf 86' lang='lat' dir='ltr'>ﬁlium,</span> 
     </span>
    </p>
   </div>
   <div class='ocr_carea' id='block_1_103' title="bbox 340 5085 3763 5170">
    <p class='ocr_par' dir='ltr' id='par_1_103' title="bbox 340 5085 3763 5170">
     <span class='ocr_line' id='line_1_103' title="bbox 340 5085 3763 5170; baseline -0.004 -19"><span class='ocrx_word' id='word_1_751' title='bbox 340 5094 677 5154; x_wconf 89' lang='lat' dir='ltr'>molientem</span> <span class='ocrx_word' id='word_1_752' title='bbox 710 5095 950 5160; x_wconf 91' lang='lat' dir='ltr'>occidit,</span> <span class='ocrx_word' id='word_1_753' title='bbox 987 5098 1047 5150; x_wconf 92' lang='lat' dir='ltr'>et</span> <span class='ocrx_word' id='word_1_754' title='bbox 1078 5107 1150 5150; x_wconf 89' lang='lat' dir='ltr'>ex</span> <span class='ocrx_word' id='word_1_755' title='bbox 1180 5093 1391 5165; x_wconf 87' lang='lat' dir='ltr'>viginti</span> <span class='ocrx_word' id='word_1_756' title='bbox 1440 5096 1708 5168; x_wconf 88' lang='lat' dir='ltr'>patriciis</span> <span class='ocrx_word' id='word_1_757' title='bbox 1735 5095 1824 5168; x_wconf 74' lang='lat'>“7,</span> <span class='ocrx_word' id='word_1_758' title='bbox 1865 5113 2014 5169; x_wconf 82' lang='lat' dir='ltr'>quos</span> <span class='ocrx_word' id='word_1_759' title='bbox 2125 5097 2288 5170; x_wconf 87' lang='lat' dir='ltr'>regni</span> <span class='ocrx_word' id='word_1_760' title='bbox 2309 5099 2644 5154; x_wconf 88' lang='lat' dir='ltr'>consortem</span> <span class='ocrx_word' id='word_1_761' title='bbox 2669 5091 2827 5164; x_wconf 89' lang='lat' dir='ltr'>fecit,</span> <span class='ocrx_word' id='word_1_762' title='bbox 2853 5105 3023 5164; x_wconf 90' lang='lat' dir='ltr'>quem</span> <span class='ocrx_word' id='word_1_763' title='bbox 3043 5089 3247 5148; x_wconf 91' lang='lat' dir='ltr'>eodem</span> <span class='ocrx_word' id='word_1_764' title='bbox 3269 5101 3418 5146; x_wconf 89' lang='lat' dir='ltr'>anno</span> <span class='ocrx_word' id='word_1_765' title='bbox 3446 5085 3763 5146; x_wconf 88' lang='lat' dir='ltr'>venenoin-</span> 
     </span>
    </p>
   </div>
   <div class='ocr_carea' id='block_1_104' title="bbox 342 5183 2012 5261">
    <p class='ocr_par' dir='ltr' id='par_1_104' title="bbox 342 5183 2012 5261">
     <span class='ocr_line' id='line_1_104' title="bbox 342 5183 2012 5261; baseline 0.001 -19"><span class='ocrx_word' id='word_1_766' title='bbox 342 5183 456 5244; x_wconf 89' lang='lat' dir='ltr'>sibi</span> <span class='ocrx_word' id='word_1_767' title='bbox 475 5199 652 5244; x_wconf 83' lang='lat' dir='ltr'>causa</span> <span class='ocrx_word' id='word_1_768' title='bbox 668 5183 898 5244; x_wconf 90' lang='lat' dir='ltr'>consilii</span> <span class='ocrx_word' id='word_1_769' title='bbox 913 5183 1116 5258; x_wconf 86' lang='lat' dir='ltr'>elegit,</span> <span class='ocrx_word' id='word_1_770' title='bbox 1132 5184 1230 5243; x_wconf 85' lang='lat' dir='ltr'>vix</span> <span class='ocrx_word' id='word_1_771' title='bbox 1244 5183 1390 5244; x_wconf 89' lang='lat' dir='ltr'>duos</span> <span class='ocrx_word' id='word_1_772' title='bbox 1404 5185 1726 5247; x_wconf 87' lang='lat' dir='ltr'>incolomes</span> <span class='ocrx_word' id='word_1_773' title='bbox 1751 5187 2012 5261; x_wconf 88' lang='lat' dir='ltr'>reliquit,</span> 
     </span>
    </p>
   </div>
   <div class='ocr_carea' id='block_1_105' title="bbox 2125 5186 2376 5246">
    <p class='ocr_par' dir='ltr' id='par_1_105' title="bbox 2125 5186 2376 5246">
     <span class='ocr_line' id='line_1_105' title="bbox 2125 5186 2376 5246; baseline -0.012 -1"><span class='ocrx_word' id='word_1_774' title='bbox 2125 5186 2376 5246; x_wconf 90' lang='lat' dir='ltr'>teremit.</span> 
     </span>
    </p>
   </div>
   <div class='ocr_carea' id='block_1_106' title="bbox 1691 5400 2392 5458">
    <p class='ocr_par' dir='ltr' id='par_1_106' title="bbox 1691 5400 2392 5458">
     <span class='ocr_line' id='line_1_106' title="bbox 1691 5400 2392 5458; baseline -0.001 -3"><span class='ocrx_word' id='word_1_775' title='bbox 1691 5401 1929 5458; x_wconf 68' lang='lat' dir='ltr'>VARIzE</span> <span class='ocrx_word' id='word_1_776' title='bbox 1987 5400 2392 5458; x_wconf 81' lang='lat' dir='ltr'>LECTIONES&#39;</span> 
     </span>
    </p>
   </div>
   <div class='ocr_carea' id='block_1_107' title="bbox 412 5531 3742 5624">
    <p class='ocr_par' dir='ltr' id='par_1_107' title="bbox 412 5531 3742 5624">
     <span class='ocr_line' id='line_1_107' title="bbox 412 5531 3742 5624; baseline 0 0"><span class='ocrx_word' id='word_1_777' title='bbox 412 5539 482 5574; x_wconf 87' lang='grc'>⁴³⁰</span> <span class='ocrx_word' id='word_1_778' title='bbox 513 5540 676 5624; x_wconf 57' lang='lat' dir='ltr'>deet</span> <span class='ocrx_word' id='word_1_779' title='bbox 701 5539 880 5624; x_wconf 59' lang='lat'>923’}</span> <span class='ocrx_word' id='word_1_780' title='bbox 910 5541 985 5624; x_wconf 59' lang='lat' dir='ltr'>Ie</span> <span class='ocrx_word' id='word_1_781' title='bbox 1013 5543 1062 5598; x_wconf 69' lang='grc' dir='ltr'>4ο</span> <span class='ocrx_word' id='word_1_782' title='bbox 1099 5541 1205 5624; x_wconf 65' lang='lat' dir='ltr'>hoc.</span> <span class='ocrx_word' id='word_1_783' title='bbox 1238 5543 1357 5624; x_wconf 70' lang='grc' dir='ltr'>ῖοςξο</span> <span class='ocrx_word' id='word_1_784' title='bbox 1390 5541 1614 5624; x_wconf 57' lang='lat' dir='ltr'>taliae</span> <span class='ocrx_word' id='word_1_785' title='bbox 1639 5541 1829 5624; x_wconf 59' lang='lat' dir='ltr'>mbae</span> <span class='ocrx_word' id='word_1_786' title='bbox 1858 5562 1877 5598; x_wconf 90' lang='grc'>-·</span> <span class='ocrx_word' id='word_1_787' title='bbox 1913 5542 2056 5624; x_wconf 59' lang='lat' dir='ltr'>Arni</span> <span class='ocrx_word' id='word_1_788' title='bbox 2116 5541 2366 5624; x_wconf 50' lang='lat' dir='ltr'>Tiberii:</span> <span class='ocrx_word' id='word_1_789' title='bbox 2402 5536 3026 5624; x_wconf 65' lang='grc' dir='ltr'>Ηθιῑράίξ..ιθιςθι’ίξξιθε</span> <span class='ocrx_word' id='word_1_790' title='bbox 3090 5531 3630 5624; x_wconf 54' lang='grc' dir='ltr'>⁴³ἶ,⁰.¹ἒ,¹¹(ἶίέιὲ.ἒῖε</span> <span class='ocrx_word' id='word_1_791' title='bbox 3665 5538 3742 5624; x_wconf 73' lang='lat'>.19</span> 
     </span>
    </p>
   </div>
   <div class='ocr_carea' id='block_1_108' title="bbox 345 5607 1888 5682">
    <p class='ocr_par' dir='ltr' id='par_1_108' title="bbox 345 5607 1846 5672">
     <span class='ocr_line' id='line_1_108' title="bbox 345 5607 1846 5672; baseline 0.001 -4"><span class='ocrx_word' id='word_1_792' title='bbox 345 5627 552 5670; x_wconf 72' lang='lat' dir='ltr'>acor-2°.</span> <span class='ocrx_word' id='word_1_793' title='bbox 591 5618 673 5670; x_wconf 89' lang='lat'>11.</span> <span class='ocrx_word' id='word_1_794' title='bbox 733 5613 800 5646; x_wconf 81' lang='grc'>⁸³³</span> <span class='ocrx_word' id='word_1_795' title='bbox 851 5618 1055 5670; x_wconf 87' lang='lat' dir='ltr'>tantus</span> <span class='ocrx_word' id='word_1_796' title='bbox 1113 5616 1225 5672; x_wconf 88' lang='lat' dir='ltr'>sub</span> <span class='ocrx_word' id='word_1_797' title='bbox 1288 5615 1363 5670; x_wconf 79' lang='lat' dir='ltr'>1b.</span> <span class='ocrx_word' id='word_1_798' title='bbox 1414 5607 1482 5646; x_wconf 59' lang='lat'><strong>‘3‘</strong></span> <span class='ocrx_word' id='word_1_799' title='bbox 1533 5614 1694 5670; x_wconf 79' lang='lat' dir='ltr'>deest</span> <span class='ocrx_word' id='word_1_800' title='bbox 1749 5617 1846 5671; x_wconf 88' lang='lat' dir='ltr'>E1.</span> 
     </span>
    </p>
   </div>
   <div class='ocr_carea' id='block_1_109' title="bbox 2170 5607 3305 5682">
    <p class='ocr_par' dir='ltr' id='par_1_109' title="bbox 2170 5607 3305 5682">
     <span class='ocr_line' id='line_1_109' title="bbox 2170 5607 3305 5682; baseline -0.021 -11"><span class='ocrx_word' id='word_1_801' title='bbox 2170 5607 2446 5672; x_wconf 81' lang='lat' dir='ltr'>timantes</span> <span class='ocrx_word' id='word_1_802' title='bbox 2497 5618 2576 5670; x_wconf 74' lang='lat'>9°.</span> <span class='ocrx_word' id='word_1_803' title='bbox 2627 5611 2697 5646; x_wconf 77' lang='grc'>⁸³⁸</span> <span class='ocrx_word' id='word_1_804' title='bbox 2755 5611 3096 5682; x_wconf 79' lang='lat' dir='ltr'>adoptivum</span> <span class='ocrx_word' id='word_1_805' title='bbox 3143 5613 3202 5668; x_wconf 81' lang='lat' dir='ltr'>9o</span> <span class='ocrx_word' id='word_1_806' title='bbox 3237 5607 3305 5682; x_wconf 50' lang='lat' dir='ltr'>far</span> 
     </span>
    </p>
   </div>
   <div class='ocr_carea' id='block_1_110' title="bbox 341 5677 1888 5744">
    <p class='ocr_par' dir='ltr' id='par_1_110' title="bbox 341 5683 1888 5742">
     <span class='ocr_line' id='line_1_110' title="bbox 341 5683 1888 5742; baseline 0.003 -4"><span class='ocrx_word' id='word_1_807' title='bbox 341 5683 412 5718; x_wconf 78' lang='grc'>⁴³³</span> <span class='ocrx_word' id='word_1_808' title='bbox 442 5685 509 5739; x_wconf 88' lang='lat' dir='ltr'>fr.</span> <span class='ocrx_word' id='word_1_809' title='bbox 545 5699 588 5740; x_wconf 90' lang='lat' dir='ltr'>s.</span> <span class='ocrx_word' id='word_1_810' title='bbox 623 5685 677 5742; x_wconf 87' lang='lat' dir='ltr'>d.</span> <span class='ocrx_word' id='word_1_811' title='bbox 715 5684 815 5742; x_wconf 85' lang='lat' dir='ltr'>filii</span> <span class='ocrx_word' id='word_1_812' title='bbox 851 5690 900 5742; x_wconf 79' lang='lat'>:5.</span> <span class='ocrx_word' id='word_1_813' title='bbox 934 5685 1004 5718; x_wconf 81' lang='grc'>⁴³⁹</span> <span class='ocrx_word' id='word_1_814' title='bbox 1035 5686 1072 5740; x_wconf 92' lang='lat' dir='ltr'>f.</span> <span class='ocrx_word' id='word_1_815' title='bbox 1107 5685 1194 5740; x_wconf 91' lang='lat' dir='ltr'>sui</span> <span class='ocrx_word' id='word_1_816' title='bbox 1226 5689 1276 5740; x_wconf 81' lang='grc'>5.</span> <span class='ocrx_word' id='word_1_817' title='bbox 1309 5685 1380 5718; x_wconf 85' lang='grc'>⁴⁶⁰</span> <span class='ocrx_word' id='word_1_818' title='bbox 1408 5685 1646 5742; x_wconf 86' lang='lat' dir='ltr'>antonio</span> <span class='ocrx_word' id='word_1_819' title='bbox 1679 5687 1728 5740; x_wconf 80' lang='grc'>4.</span> <span class='ocrx_word' id='word_1_820' title='bbox 1763 5691 1888 5742; x_wconf 87' lang='lat' dir='ltr'>autc</span> 
     </span>
    </p>
   </div>
   <div class='ocr_carea' id='block_1_111' title="bbox 2170 5677 3304 5744">
    <p class='ocr_par' dir='ltr' id='par_1_111' title="bbox 2198 5677 3304 5743">
     <span class='ocr_line' id='line_1_111' title="bbox 2198 5677 3304 5743; baseline -0.02 -1"><span class='ocrx_word' id='word_1_821' title='bbox 2198 5686 2510 5742; x_wconf 90' lang='lat' dir='ltr'>beronicen</span> <span class='ocrx_word' id='word_1_822' title='bbox 2558 5686 2654 5740; x_wconf 87' lang='lat' dir='ltr'>E1.</span> <span class='ocrx_word' id='word_1_823' title='bbox 2713 5691 2795 5743; x_wconf 83' lang='lat'>11.</span> <span class='ocrx_word' id='word_1_824' title='bbox 2847 5677 2916 5719; x_wconf 65' lang='grc' dir='ltr'>αι</span> <span class='ocrx_word' id='word_1_825' title='bbox 2962 5681 3062 5742; x_wconf 72' lang='lat' dir='ltr'>illo</span> <span class='ocrx_word' id='word_1_826' title='bbox 3107 5687 3183 5741; x_wconf 68' lang='grc' dir='ltr'>9ο,</span> <span class='ocrx_word' id='word_1_827' title='bbox 3235 5677 3304 5714; x_wconf 79' lang='lat' dir='ltr'>m</span> 
     </span>
    </p>
   </div>
   <div class='ocr_carea' id='block_1_112' title="bbox 3405 5605 3810 5682">
    <p class='ocr_par' dir='ltr' id='par_1_112' title="bbox 3405 5605 3810 5682">
     <span class='ocr_line' id='line_1_112' title="bbox 3405 5605 3810 5682; baseline 0.002 -19"><span class='ocrx_word' id='word_1_828' title='bbox 3405 5606 3633 5682; x_wconf 83' lang='lat' dir='ltr'>atribus</span> <span class='ocrx_word' id='word_1_829' title='bbox 3663 5605 3734 5682; x_wconf 53' lang='lat' dir='ltr'>Et</span> <span class='ocrx_word' id='word_1_830' title='bbox 3789 5671 3810 5682; x_wconf 35' lang='grc' dir='ltr'><strong>υ</strong></span> 
     </span>
    </p>
   </div>
   <div class='ocr_carea' id='block_1_113' title="bbox 3391 5676 3740 5738">
    <p class='ocr_par' dir='ltr' id='par_1_113' title="bbox 3391 5676 3740 5738">
     <span class='ocr_line' id='line_1_113' title="bbox 3391 5676 3740 5738; baseline -0.006 -1"><span class='ocrx_word' id='word_1_831' title='bbox 3391 5677 3512 5738; x_wconf 76' lang='lat' dir='ltr'>eest</span> <span class='ocrx_word' id='word_1_832' title='bbox 3551 5683 3630 5736; x_wconf 80' lang='lat'>9°.</span> <span class='ocrx_word' id='word_1_833' title='bbox 3671 5676 3740 5712; x_wconf 77' lang='lat'><strong>“‘</strong></span> 
     </span>
    </p>
   </div>
   <div class='ocr_carea' id='block_1_114' title="bbox 348 5754 2694 5832">
    <p class='ocr_par' dir='ltr' id='par_1_114' title="bbox 348 5754 2694 5832">
     <span class='ocr_line' id='line_1_114' title="bbox 348 5754 2694 5832; baseline 0 -20"><span class='ocrx_word' id='word_1_834' title='bbox 348 5754 557 5816; x_wconf 88' lang='lat' dir='ltr'>Lucius</span> <span class='ocrx_word' id='word_1_835' title='bbox 587 5758 682 5814; x_wconf 87' lang='lat' dir='ltr'>E1.</span> <span class='ocrx_word' id='word_1_836' title='bbox 717 5759 826 5832; x_wconf 72' lang='lat' dir='ltr'>qui</span> <span class='ocrx_word' id='word_1_837' title='bbox 856 5758 980 5816; x_wconf 61' lang='lat' dir='ltr'>haec</span> <span class='ocrx_word' id='word_1_838' title='bbox 1002 5757 1138 5830; x_wconf 76' lang='lat' dir='ltr'>post</span> <span class='ocrx_word' id='word_1_839' title='bbox 1165 5756 1408 5815; x_wconf 90' lang='lat' dir='ltr'>Ovidius</span> <span class='ocrx_word' id='word_1_840' title='bbox 1438 5787 1506 5798; x_wconf 89' lang='lat'>—</span> <span class='ocrx_word' id='word_1_841' title='bbox 1539 5757 1786 5814; x_wconf 89' lang='lat' dir='ltr'>moritur</span> <span class='ocrx_word' id='word_1_842' title='bbox 1818 5757 2000 5816; x_wconf 70' lang='lat' dir='ltr'>habet</span> <span class='ocrx_word' id='word_1_843' title='bbox 2019 5756 2087 5792; x_wconf 82' lang='grc'>⁴⁴⁸</span> <span class='ocrx_word' id='word_1_844' title='bbox 2117 5757 2312 5832; x_wconf 83' lang='lat' dir='ltr'>patavi</span> <span class='ocrx_word' id='word_1_845' title='bbox 2341 5761 2394 5814; x_wconf 79' lang='grc'>5.</span> <span class='ocrx_word' id='word_1_846' title='bbox 2423 5757 2589 5815; x_wconf 80' lang='lat' dir='ltr'>deest</span> <span class='ocrx_word' id='word_1_847' title='bbox 2617 5761 2694 5814; x_wconf 81' lang='lat'>9°.</span> 
     </span>
    </p>
   </div>
  </div>
