3932 6414
362 400 480 469 663

1530 386 2015 468 EKKEHARDI
2062 403 2616 471 URAUGIENSIS

3657 402 3775 470 664

439 536 2012 615 17.AnnoDominiczeincarnationis32,discipuhChri-
2036 538 2093 600 A
2123 552 2512 614 cognomento
2536 546 2816 617 Herodes,
2852 546 3089 601 Romam
3158 541 3420 615 veniens,
3450 556 3481 600 a
3535 540 3774 615 Tyberio

366 636 461 706 sti,
495 634 852 704 evangelicis
894 634 1168 691 instructi
1218 633 1588 691 documentis
1619 634 1857 690 verbum
1875 630 2008 687 fidei
2122 634 2448 693 clementer
2471 641 2782 706 tractatur,
2810 636 3038 691 favente
3054 632 3324 703 Antonia,
3350 631 3775 689 matreGerma.

369 740 471 797 per
485 725 757 781 civitates
772 724 1142 795 Judaeaeﬁpso
1161 723 1435 779 mittente
1461 722 1936 796 predicaverunt.

437 820 520 871 18.
551 816 655 887 (Cf.
676 815 816 872 0hr.
852 814 1399 884 W—Hrsn.)Anno
1426 812 1851 869 incarnationis
1893 827 2013 870 suae

371 911 455 973 33,
479 905 755 961 Dominus
797 903 1217 959 nosterJhesus
1263 903 1531 960 Christus
1558 918 1768 974 passus
1807 907 1897 959 est
1959 902 2015 958 in

367 1008 541 1050 carne
566 998 625 1048 et
660 990 1080 1057 resurrexit,in
1113 991 1571 1061 cujuspassione
1617 992 1798 1048 multa
1833 991 2018 1049 conti-

368 1084 526 1153 gisse
544 1081 824 1138 miracula
844 1081 1018 1137 etiam
1034 1079 1339 1148 gentilium
1355 1081 1680 1151 scriptores
1699 1085 2012 1138 testantur.

365 1172 652 1243 Iosephus
681 1184 934 1241 quoque,
960 1169 1113 1225 inter
1144 1173 1341 1224 cetera
1358 1184 1484 1238 quae
1506 1168 1882 1240 temporeillo
1899 1174 2015 1226 stu-

366 1260 552 1331 penda
569 1259 962 1329 contigerunt,
980 1257 1181 1314 scribit
1199 1256 1540 1314 sacerdotes
1554 1256 1750 1329 templi
1768 1257 2014 1330 primum

368 1348 791 1406 commotiones
810 1348 1074 1403 locorum
1088 1355 1145 1401 et
1178 1346 1409 1403 sonitus
1423 1347 1703 1417 quosdam
1752 1348 2011 1417 audisse,

369 1440 499 1495 dein
517 1455 587 1494 ex
609 1438 766 1494 adito
786 1437 986 1508 templi
1005 1450 1201 1492 vocem
1216 1436 1504 1507 erupisse:
1530 1438 1930 1497 Transeamus
1942 1452 2018 1494 ea:

367 1529 609 1585 sedibus
624 1528 737 1584 his.
751 1529 825 1582 De
840 1527 968 1597 ipso
983 1526 1156 1581 etiam
1174 1525 1406 1581 Christo
1419 1526 1629 1581 scribit
1644 1527 1723 1581 ita
1741 1528 2010 1595 (xvm,6):

368 1618 485 1675 Fm’
493 1618 602 1673 tan
612 1618 721 1672 tem
735 1616 831 1672 his
845 1613 1201 1686 temporibus
1223 1611 1465 1683 Jhesus,
1491 1615 1735 1685 sapiens
1749 1617 1859 1685 eir,
1874 1617 1933 1673 si
1947 1615 2016 1649 ⁸⁸⁸

370 1707 489 1762 tam
497 1721 567 1762 en
594 1707 793 1761 cirum.
805 1718 935 1761 eum
946 1704 1222 1759 nominer
1228 1715 1257 1759 e
1253 1703 1369 1774 fas
1379 1702 1491 1774 est;
1511 1703 1647 1759 erat
1664 1704 1821 1760 enim
1830 1704 2016 1761 mira-

373 1795 402 1849 o
411 1796 430 1849 i
440 1796 589 1851 lium
601 1807 839 1865 operum
853 1791 1089 1863 efeetor
1100 1790 1157 1846 et
1169 1791 1368 1847 doctor
1380 1790 1682 1848 hominum
1696 1805 1896 1849 eorum
1907 1793 2016 1864 qni

2122 726 2237 782 nici
2267 732 2327 782 et
2360 726 2605 797 Claudii,
2642 741 2770 797 quae
2800 725 2907 782 fuit
2938 739 3087 781 uxor
3116 723 3283 780 Drusi
3302 719 3767 791 fratrisTyberii;

2127 816 2227 871 sed
2255 830 2385 872 cum
2415 819 2815 872 accusaretur:
2852 812 3006 885 quod
3067 815 3300 884 optaret
3346 809 3652 883 Tyberium
3691 807 3776 866 ci-

2125 905 2245 962 tius
2281 905 2425 961 mori
2452 904 2964 975 regnumqueGaio
2997 901 3144 973 dari,
3183 901 3238 957 in
3285 898 3513 958 vincula
3569 899 3643 955 ab
3694 912 3768 955 eo

2128 992 2461 1065 conjicitur,
2497 1007 2603 1050 nec
2621 1008 2689 1050 eo
2724 991 3287 1049 viventesolvitur.,

2198 1085 2284 1139 23.
2320 1082 2421 1150 (Η.
2454 1082 2558 1151 m.)
2589 1084 2652 1137 A.
2689 1081 2758 1135 D.
2800 1082 2886 1135 38.
2920 1078 3198 1149 Tyberius
3218 1074 3767 1147 Romanosgraviter

2128 1171 2407 1240 affligens,
2442 1168 2934 1240 ingentiomnium
2974 1167 3187 1237 gaudio
3213 1167 3269 1223 in
3315 1166 3617 1239 Campania
3670 1178 3769 1221 ve-

2128 1275 2279 1318 neno
2307 1260 2487 1332 periit
2520 1258 2749 1315 insidiis
2779 1256 3076 1328 Caligulae,
3110 1270 3262 1313 anno
3291 1255 3519 1330 imperii
3548 1254 3762 1323 sui23°,

2127 1348 2321 1406 mtatis
2347 1362 2487 1404 vero
2515 1349 2633 1403 780'

2178 1439 2302 1488 Anni
2315 1438 2417 1487 Gaii
2432 1438 2662 1501 Caligula:
2692 1435 2780 1491 ‘7‘.

2718 1527 2842 1575 Anni
2897 1526 2958 1573 ab
2988 1526 3135 1575 inicio
3164 1524 3331 1574 mundi
3355 1530 3562 1587 quatuor
3615 1525 3764 1573 milia.

2199 1616 2246 1666 1.
2283 1610 2383 1678 (Η.
2415 1623 2493 1667 m.
2524 1610 2792 1680 —HIER.)
2821 1610 2985 1664 Anno
3004 1606 3308 1665 dominicis
3346 1605 3762 1663 incarnationis

2125 1704 2214 1769 39,
2249 1700 2320 1755 ab
2342 1700 2494 1756 Urbe
2516 1713 2652 1755 vero
2667 1698 2903 1755 condita
2933 1702 3058 1768 789,
3118 1696 3291 1754 Gaius
3333 1695 3608 1767 Caligula,
3647 1696 3764 1751 ter-

2125 1789 2252 1847 cius
2277 1790 2349 1846 ah
2383 1792 2666 1859 Augusto,
2694 1787 2957 1859 suscepit
3013 1786 3340 1858 imperium,
3395 1790 3455 1841 et
3502 1784 3759 1855 regnavit

371 1878 1202 1976 libenterandinntqnce‘pera
1232 1877 1500 1976 anna-ft
1520 1878 1738 1976 mittas
1766 1879 2017 1976 prsidem
2043 1914 2098 1976 Β
2120 1893 2309 1958 annos
2342 1883 2486 1948 tres,
2520 1892 2748 1934 menses
2774 1882 2856 1943 10,
2892 1876 3019 1933 dies
3045 1878 3096 1931 8.
3134 1876 3237 1932 Hic
3262 1875 3369 1932 fuit
3418 1874 3591 1931 fiilius
3630 1874 3764 1930 Ger-

369 1968 959 2037 Jndceornmminltos
989 1967 1170 2022 etiam
1184 1965 1541 2037 exyentibns
1569 1966 2018 2039 sibiadjnnxit;

375 2058 655 2116 Christus
669 2056 935 2114 hicerat.
976 2056 1887 2126 Hnneaeensationeprimornm
1921 2071 2018 2113 no-

370 2148 512 2205 stris
516 2163 556 2219 θ
563 2160 634 2203 en
641 2147 717 2203 tis
728 2147 991 2201 virorum
1005 2158 1137 2202 cum
1150 2145 1229 2201 Pi
1237 2144 1397 2201 latus
1408 2145 1475 2201 in
1490 2158 1720 2201 erucem
1739 2145 1806 2178 “‘
1845 2159 2017 2216 agen-

374 2236 513 2292 dum
527 2233 892 2299 decrevisset,
906 2247 1023 2290 non
1038 2232 1505 2289 desernerunthi
1516 2232 1584 2265 ⁴⁶⁵
1597 2235 1706 2304 qui
1745 2233 1819 2291 ab
1832 2234 2017 2292 inicio

373 2340 503 2382 eum
517 2324 863 2381 dilexerunt
874 2366 887 2378 .
910 2322 1211 2393 Apparuit
1225 2323 1381 2378 enim
1393 2322 1481 2379 eis
1494 2322 1674 2380 tereio
1686 2322 1785 2380 die
1803 2324 2019 2380 iterum

2129 1968 2360 2039 manici,
2395 1981 2576 2039 nepos
2620 1967 2809 2036 Drusi,
2873 1966 2971 2036 qui
3012 1964 3120 2022 fuit
3150 1964 3452 2036 privignus
3496 1962 3761 2032 Augusti,

2128 2057 2310 2113 frater
2340 2072 2479 2114 vero
2508 2055 2735 2128 Tyberii
2770 2073 2785 2123 ;
2814 2055 2909 2111 hic
2925 2052 3131 2125 quiain
3146 2052 3409 2111 exercitu
3441 2056 3612 2108 natus
3633 2051 3761 2120 fuit,

2126 2160 2200 2203 ex
2226 2146 2615 2203 calciamento
2647 2144 2887 2201 militari
2905 2140 3711 2213 Caligulacognominatusest
3751 2158 3766 2206 ;

2127 2251 2450 2307 magnoque
2481 2237 2679 2292 favore
2710 2234 2853 2291 aviae
2905 2249 3026 2290 sua:
3067 2232 3331 2290 Antonia:
3375 2230 3651 2301 nutritus,
3710 2228 3766 2285 in

2128 2326 2352 2396 magnis
2376 2325 2702 2381 habebatur
2726 2324 3049 2380 honoribus
3065 2321 3206 2391 (Jos.
3222 2335 3382 2390 xvm,
3404 2322 3513 2391 13),
3529 2319 3770 2390 adopta-

368 2410 1371 2483 rions,secundnmqnoddioinitns
1392 2409 1686 2481 inspirati
1712 2411 2020 2484 prophetia
2107 2418 2340 2487 ‘tusque
2374 2428 2404 2471 a
2435 2413 2681 2484 Tyberio
2716 2412 2771 2468 in
2824 2411 3003 2468 filium
3054 2426 3184 2468 cum
3232 2410 3475 2481 Tyberio
3522 2408 3622 2464 filii
3679 2407 3769 2464 sui

369 2503 466 2557 vel
482 2501 713 2559 heeeeel
720 2500 851 2556 alia
864 2499 935 2556 de
964 2511 1026 2555 eo
1038 2499 1357 2555 innumera
1368 2498 1752 2557 miracula‘“
1785 2501 2019 2572 futura

371 2604 492 2649 esse
492 2587 1042 2662 predixerantﬂed
1052 2586 1185 2643 etin
1195 2586 1548 2644 hodiernum
1557 2587 1716 2645 diem
1730 2588 2022 2649 Christia-

370 2694 604 2749 normn,
627 2680 733 2749 qni
746 2676 821 2735 ab
843 2679 971 2748 ipso
984 2674 1313 2747 nnnenpati
1331 2676 1489 2745 sunt,
1522 2678 1579 2733 et
1603 2691 1812 2735 nomen
1820 2693 2021 2751 perse-

372 2769 545 2826 verat
563 2769 622 2824 et
640 2780 857 2839 genus.

450 2863 534 2915 19.
571 2855 737 2923 (Chr.
777 2854 884 2925 W.)
918 2854 982 2908 A.
1018 2854 1080 2908 D.
1106 2856 1192 2909 34.
1225 2853 1492 2923 Iacobus,
1548 2853 1730 2910 frater
1773 2856 2016 2931 Domini,

378 2943 781 3001 Hierosolimis
801 2942 1115 3012 episcopus
1146 2940 1453 2997 ordinatur
1484 2942 1556 2998 ab
1593 2942 1899 3014 apostolis,
1932 2960 2021 3002 se-

377 3033 581 3102 ditque
614 3045 798 3087 annos
826 3033 911 3085 30.

441 3125 530 3178 20.
560 3123 621 3175 A.
649 3122 710 3174 D.
745 3122 833 3175 35.
867 3117 1106 3190 Pylatus
1160 3116 1463 3187 imaginem
1494 3120 1735 3176 caesaris
1790 3120 1847 3177 in
1880 3126 2022 3180 tem-

375 3210 472 3281 plo
505 3208 1003 3269 statuerevolens.
1022 3205 1344 3264 seditiones
1374 3206 1430 3261 in
1473 3206 1690 3265 Iudaeis
1716 3210 2016 3268 excitavit.

437 3300 527 3357 21.
559 3295 850 3369 (Ηιειι.)Α.
880 3296 943 3352 D.
977 3298 1063 3352 36.
1095 3294 1338 3363 Sejanus
1368 3295 2025 3366 prefectuscobortatur
2051 3274 2101 3339 Ο

370 3387 673 3458 Tyberium
689 3390 751 3443 ut
769 3385 1004 3442 Iudaeos
1020 3383 1233 3441 deleat.
1250 3384 1489 3441 Persius
1515 3384 1836 3444 Veliternis
1893 3402 2020 3446 nas-

367 3476 543 3533 citur.

437 3569 525 3621 22.
560 3564 655 3635 (Η.
680 3562 865 3633 m.)A.
886 3563 946 3618 D.
969 3564 1056 3617 37.
1089 3560 1333 3631 Pylatus
1351 3560 1425 3618 ad
1453 3562 1760 3634 Tyberium
1777 3565 2014 3637 scripsit

370 3653 442 3709 de
475 3651 817 3723 passioneet
848 3650 1285 3707 resurrectione
1300 3650 1679 3709 Dominietde
1697 3652 2018 3712 virtutibus

372 3740 525 3810 ejus,
559 3754 663 3811 per
688 3752 854 3808 quas,
902 3743 1211 3795 crescente
1256 3735 1640 3809 plurimorum
1684 3740 1815 3811 ﬁde,
1865 3744 2017 3800 Deus

367 3828 734 3886 crederetur.
770 3827 1052 3897 Tyberius
1082 3831 1275 3883 autem
1305 3842 1436 3883 cum
1453 3828 1639 3899 magni
1658 3829 1873 3888 favoris
1901 3833 2018 3889 suf-

370 3916 557 3987 fragio
589 3912 793 3971 retulit
833 3913 1203 3984 adsenatum,
1229 3914 1570 3973 utChristus
1585 3919 1737 3975 Deus
1774 3919 2019 3980 habere-

367 4007 487 4060 tur.
524 4003 926 4059 Senatusvero
969 4000 1372 4073 indignatione
1402 4011 1750 4079 commotus,
1772 4024 1879 4066 cur
1902 4025 2014 4068 non

370 4092 480 4149 sibi
507 4091 671 4164 prius
702 4091 1025 4147 secundum
1070 4105 1289 4147 morem
1347 4092 1604 4151 delatum
1645 4102 1801 4154 esset
1834 4102 1895 4155 ut
1944 4099 2014 4157 de

364 4178 742 4251 suscipiendo
765 4177 931 4237 cultu
953 4178 1116 4251 prius
1147 4179 1215 4214 ⁸⁸⁷
1238 4181 1365 4252 ipse
1405 4182 1775 4257 decerneret,
1810 4202 2015 4245 conse-

366 4268 684 4326 crationem
738 4266 955 4324 Christi
1003 4269 1298 4326 recusavit
1350 4270 1664 4344 edictoque
1700 4277 2009 4334 constituit

352 4354 846 4413 sexterminandos
867 4353 937 4390 ‘°°
967 4370 1103 4413 esse
1134 4358 1289 4417 Urbe
1305 4359 1692 4432 Christianos,
1739 4365 2014 4437 precipue

369 4458 499 4501 cum
520 4448 579 4500 et
597 4443 943 4515 “’Sejanus,
991 4445 1290 4516 prefectus
1328 4448 1576 4520 Tyberii,
1622 4451 2014 4522 suscipiendis

369 4531 634 4603 religioni
648 4533 1109 4590 obstinatissime
1122 4535 1577 4593 contradiceret.
1621 4540 1901 4609 Tyberius
1932 4547 2016 4600 ta-

2127 2505 2299 2561 Drusi
2344 2502 2563 2573 filio’“,
2599 2503 2655 2559 in
2689 2500 2819 2558 aula
2859 2500 3251 2569 nutriebatur,
3314 2496 3766 2566 liberalibusque

2129 2592 2455 2665 disciplinis
2512 2591 2773 2663 adprime
2803 2590 3091 2660 eruditus,
3143 2592 3385 2661 pr0pter
3442 2587 3761 2644 Germanici

2129 2682 2317 2756 patris
2337 2681 2426 2738 sui
2477 2680 2757 2737 virtutem
2789 2693 2819 2735 a
2868 2676 3103 2750 pepulis
3130 2677 3450 2733 amabatur.
3484 2675 3761 2746 Tyberius

2129 2772 2310 2842 igitur
2333 2784 2462 2827 cum
2491 2769 2606 2839 jam
2639 2768 2710 2824 ad
2731 2771 3092 2825 senectutem
3125 2764 3502 2838 pervenisset,
3547 2762 3763 2836 diispa-

2127 2861 2261 2917 triis
2291 2857 2685 2931 supplicabat,
2706 2861 2767 2914 ut
2791 2856 2844 2912 ei
2864 2857 3093 2926 signum
3112 2853 3480 2911 manifestum
3501 2850 3766 2909 ostende-

2130 2952 2280 3018 rent,
2299 2947 2531 3019 quinam
2551 2950 2687 3017 post
2704 2959 2837 3002 eum
2860 2944 2916 2999 in
2951 2943 3254 3015 imperium
3270 2940 3657 2999 successisset
3676 2938 3762 3010 ⁸⁷³,

2131 3037 2412 3094 festinans
2447 3034 2677 3106 quidem
2703 3038 2765 3090 ut
2799 3033 2996 3104 nepoti
3030 3047 3139 3089 suo
3181 3032 3567 3104 principatum
3599 3029 3766 3086 relin-

2130 3130 2356 3199 queret.
2377 3124 2478 3181 Cui
2510 3139 2640 3181 cum
2672 3123 2893 3180 dictum
2952 3128 3115 3178 esset
3160 3119 3322 3177 illum
3371 3123 3762 3191 regnaturum,

2132 3217 2230 3288 qui
2262 3213 2532 3286 sequenti
2554 3212 2647 3270 die
2684 3212 2904 3285 primus
2931 3225 3001 3268 ex
3025 3210 3294 3267 omnibus
3334 3210 3546 3267 adeum
3581 3208 3766 3266 venis-

2131 3310 2243 3376 set,
2279 3304 2438 3361 misit
2477 3303 2547 3359 ad
2597 3300 2829 3373 nepotis
2870 3300 2958 3357 sui
3003 3300 3400 3372 paedagogum,
3440 3299 3653 3369 jubens
3706 3300 3765 3353 ut

2131 3395 2318 3468 primo
2349 3406 2514 3449 mane
2536 3387 2863 3464 puerumad
2898 3402 2958 3445 se
3002 3387 3369 3460 perduceret,
3402 3391 3614 3460 putans
3652 3384 3765 3443 ulla

2130 3498 2194 3541 re
2213 3482 2465 3540 numinis
2501 3492 2780 3552 superare
2805 3477 3175 3535 sententiam.
3211 3477 3467 3548 Cumque
3532 3475 3658 3532 dies
3705 3473 3766 3530 il-

2128 3571 2397 3640 luxisset,
2423 3569 2601 3641 jussit
2627 3562 2906 3639 Evodum’,
2940 3574 3005 3625 ut
3035 3565 3299 3639 quisquis
3320 3565 3460 3624 foris
3495 3568 3656 3622 esset
3686 3564 3767 3619 in-

2127 3658 2509 3729 fantulorum,
2541 3656 2611 3714 ad
2640 3672 2703 3715 se
2762 3658 3034 3730 primitus
3096 3660 3390 3714 evocaret.
3424 3652 3527 3711 Ille
3575 3657 3762 3710 autem

2126 3762 2403 3820 egressus
2437 3747 2636 3805 Gaium
2660 3751 2796 3804 ante
2830 3745 3269 3804 tabernaculum
3317 3742 3537 3816 reperit
3567 3760 3582 3809 ;
3637 3755 3762 3798 nam

2126 3838 2410 3911 Tyberius
2441 3836 2689 3895 necdum
2706 3836 2931 3906 aderat,
2947 3836 3210 3892 ciborum
3226 3831 3561 3906 acceptione
3574 3830 3764 3887 tarda-

2125 3931 2241 3985 tus.
2274 3924 2379 3982 Ille
2409 3940 2550 3982 vero
2573 3926 2850 3995 ignorans
2882 3929 3071 3982 totum
3094 3922 3249 3995 quod
3280 3921 3562 3993 agebatur
3602 3918 3758 3989 Veni,

2126 4014 2336 4086 inquit,
2351 4014 2527 4071 vocat
2551 4014 2606 4071 te
2650 4013 2853 4085 pater;
2886 4016 2947 4068 et
2987 4010 3317 4068 introduxit
3344 4023 3494 4067 eum.
3556 4005 3763 4063 Videas

2127 4108 2321 4161 autem
2342 4102 2628 4174 Tyberius
2650 4101 2978 4172 majestatis
3014 4116 3081 4158 su
3092 4115 3285 4173 pernae
3328 4097 3662 4171 potentiam,
3677 4110 3762 4153 se—

2124 4196 2236 4248 met
2270 4192 2462 4264 ipsum
2503 4190 2799 4263 culpabat,
2818 4189 3132 4261 quodillud
3146 4188 3451 4260 augurium
3483 4185 3763 4260 postulas-

2126 4287 2238 4351 set,
2269 4279 2368 4337 sed
2402 4294 2515 4336 non
2552 4279 2751 4336 valens
2789 4278 3002 4336 divina)
3062 4276 3414 4335 ordinationi
3464 4275 3758 4342 resistere,

2124 4368 2325 4425 Gaium
2359 4368 2605 4438 benigne
2650 4367 2958 4438 alloquens
3008 4366 3302 4424 commisit
3333 4366 3386 4423 ei
3440 4363 3759 4437 imperium,

2125 4470 2368 4514 monens
2386 4455 2549 4513 illum
2563 4471 2699 4526 erga
2717 4462 2987 4528 nepotem
3014 4455 3323 4527 Tyberium
3337 4453 3592 4512 existere
3611 4451 3763 4509 beni-

2124 4544 2341 4603 volum.
2363 4548 2617 4616 Accepto
2632 4550 2826 4602 autem
2844 4559 3023 4615 regno
3038 4548 3171 4615 post
3186 4540 3759 4616 Tyberium,omnium

367 4634 498 4677 men
530 4620 976 4678 accusatoribus
1008 4621 1225 4678 Christi
1257 4621 1452 4679 edicto
1486 4629 1729 4682 mortem
1780 4631 2015 4687 commi-
2043 4636 2095 4697 D
2125 4636 2260 4691 ante
2283 4649 2346 4690 se
2375 4632 2868 4692 sceleratissimus
2884 4633 3088 4705 fuit,et
3112 4633 3209 4704 qui
3238 4629 3758 4705 Tyberiidedecora

344 4715 543 4783 natus
573 4712 687 4779 est,
726 4707 1474 4781 plurimosquesenatorum
1501 4714 1853 4786 proscripsit
1884 4719 2013 4776 etin

367 4802 613 4854 mortem
645 4797 857 4867 coegit.
911 4799 1221 4870 (Jos.xvm,
1268 4800 1349 4869 7.)
1408 4800 1648 4871 Pylatus
1676 4808 2013 4865 autemcum

344 4883 426 4940 ‘in
446 4885 646 4943 Iudaea
676 4884 1306 4958 decimumcompleret
1338 4901 1571 4960 annum,
1615 4898 1927 4954 accusatus
1984 4911 2015 4952 a

364 4970 583 5029 Judais
612 4972 769 5043 apud
800 4972 1124 5043 Vitellium,
1149 4973 1246 5042 qui
1281 4978 1418 5031 tunc
1450 4976 1629 5047 Syriae
1651 4979 2017 5053 principaba-

368 5064 484 5132 tur,
513 5060 713 5131 jussus
741 5064 833 5118 est
866 5061 936 5095 ⁴⁷⁰
957 5062 1031 5117 ab
1052 5074 1123 5117 eo
1154 5063 1391 5119 Romam
1425 5064 1531 5137 ire,
1576 5071 1638 5125 ut
1680 5069 1735 5124 in
1789 5070 2014 5138 judicio

366 5149 609 5207 caesaris
633 5164 692 5207 se
723 5150 797 5208 ab
822 5148 1077 5221 objectis
1108 5155 1388 5222 purgaret
1418 5156 1553 5221 ;sed
1585 5163 1893 5231 antequam
1908 5163 2017 5220 Ro-

371 5250 520 5295 mam
550 5238 797 5309 veniret,
822 5237 1107 5310 Tyberius
1134 5240 1589 5304 rebushumanis
1633 5249 1913 5307 excessit.
1946 5283 2017 5295 —

373 5325 469 5395 (ν.
500 5328 735 5400 supra.)
767 5324 983 5384 Eodem
1015 5340 1165 5387 anno
1179 5328 1496 5390 Aristoboli
1551 5332 1707 5392 illius
1738 5339 2013 5412 Agrippa.

2127 4725 2485 4798 purgaverit.
2504 4724 2606 4794 (H.
2640 4726 2744 4795 φη.)
2765 4726 2911 4780 Ante
2942 4724 3333 4795 principatum
3360 4722 3570 4794 quippe
3588 4720 3765 4778 omnis

2126 4814 2236 4871 bus
2265 4819 2544 4886 acceptus
2577 4813 2778 4883 fuit,in
2798 4813 3128 4885 principatu
3144 4826 3280 4869 vero
3303 4810 3439 4868 talis
3453 4809 3667 4879 extitit,
3699 4814 3761 4865 ut

2126 4901 2336 4958 merito
2350 4899 2695 4972 vulgaretur
2708 4901 3059 4959 atrociorem
3076 4899 3176 4957 illo
3190 4900 3483 4957 dominum
3496 4914 3606 4956 non
3632 4899 3763 4955 fuis-

2126 5004 2207 5045 se.
2227 4990 2445 5047 Namut
2475 4986 2735 5046 breViter
2784 4989 3196 5047 crudelitatem
3249 4988 3374 5059 ejus
3412 4988 3757 5059 depromam,

2124 5076 2488 5135 exclamasse
2504 5078 2690 5135 fertur
2711 5098 2723 5133 :
2745 5079 2994 5136 Utinam
3001 5077 3263 5151 populus
3275 5079 3577 5136 Romanus
3588 5090 3763 5134 unam

2123 5166 2669 5226 eernieemltaberet
2689 5169 2701 5223 !
2723 5168 2870 5239 Sepe
2883 5167 3060 5224 etiam
3086 5166 3599 5225 deconditionibus
3631 5171 3764 5222 tem-

2124 5269 2331 5328 porum
2366 5271 2605 5314 suorum
2639 5260 3010 5328 questusest,
3040 5256 3191 5329 quod
3224 5255 3401 5314 nullis
3429 5254 3763 5314 calamitati-

2129 5344 2237 5401 bus
2269 5345 2525 5416 publicis
2556 5345 3001 5417 iusignirentur.
3029 5344 3286 5404 Plurima
3302 5343 3459 5416 fecit,
3477 5342 3763 5417 dequibus

1717 5462 1955 5519 VARUE
2019 5464 2420 5526 LECTIONES.

440 5547 956 5642 ίδίξςηὲξ
983 5561 1286 5642 (Ξευμίξβνεῖᾕ
1427 5572 1557 5614 eum
1602 5563 1685 5642 ‘9';-
1720 5559 1787 5593 ‘“
1816 5562 1956 5642 mira
1991 5569 2066 5642 9‘1.
2102 5565 2170 5642 “f'f
2203 5568 2240 5625 i.
2282 5586 2334 5641 p.
2362 5571 2460 5627 Et.
2497 5568 2566 5604 ⁸⁸⁸
2598 5569 2722 5627 chr.
2753 5585 2809 5627 ιι.
2836 5583 2989 5626 esse.
3023 5572 3142 5625 ext.
3175 5566 3363 5625 Ε1.⁴⁶⁹
3385 5565 3544 5625 deest
3576 5566 3669 5623 E1.
3695 5566 3763 5623 In

369 5618 956 5714 ίξφξξξιίξξίιξξλᾷξξῂξξ
987 5624 1046 5714 et
1065 5625 1290 5714 codicis
1320 5632 1396 5683 9ο.
1428 5629 1672 5688 nonnisi
1690 5618 2010 5704 precipuds
2030 5618 2997 5714 lectionesva'feram‘migrasti}.
3026 5618 3344 5712 {iicalig'uli
3378 5618 3541 5694 5.7";—
3576 5618 3761 5698 -ἀὲέέέ

374 5689 459 5747 9οἷ
499 5689 569 5724 ⁸⁷³
614 5689 954 5751 succederet
987 5696 1038 5750 6.
1064 5701 1140 5753 0".
