3932 6426
216 428 334 494 665

1089 424 1529 490 CHRONICA.
1563 457 1641 470 —
1666 416 2145 485 CHRONICON
2189 422 2737 487 UNlVERSALE.

3504 414 3626 479 666

218 562 415 622 nescio
440 578 510 621 an
543 561 747 621 deceat
773 560 1062 621 memoriae
1093 561 1267 635 tradi,
1295 560 1402 620 nisi
1426 560 1494 594 ⁴⁷⁴
1546 562 1694 618 forte
1724 561 1858 633 quia
1887 549 1946 614 A
1975 578 2129 634 rens,
2195 562 2465 635 Agrippae
2522 558 2834 629 commisit,
2888 555 3074 629 ipsum
3131 568 3271 612 vero
3332 555 3620 627 perpetuo

210 653 375 723 juvat
402 653 473 709 de
494 652 861 725 principibus
874 668 1041 710 nosse
1060 652 1272 723 omnia,
1300 657 1362 707 ut
1388 650 1857 723 improbisaltem

216 744 556 799 famaametu
589 742 727 798 talia
747 740 1057 798 declinent.
1095 741 1467 809 (Jonn.De.r.
1490 755 1537 798 ις.
1567 743 1624 797 In
1644 739 1858 813 palatio

218 836 519 888 matronas
548 829 776 887 nobiles
805 831 1037 902 publice
1070 830 1294 887 libidini
1338 830 1606 901 subjecit,
1668 830 1859 885 tribus

220 919 532 977 sororibus
561 920 681 976 suis
712 924 916 991 stupra
941 919 1161 990 intulit,
1186 935 1255 975 ex
1281 934 1393 975 una
1427 935 1624 976 earum
1683 919 1858 975 etiam

218 1014 412 1064 natam
438 1008 614 1064 ﬁliam
648 1007 900 1078 vitiavit,
926 1008 1252 1065 Memmium
1277 1007 1561 1078 Regulum
1590 1007 1778 1077 coegit
1796 1010 1859 1064 ut

215 1099 521 1169 eonjugem
548 1112 710 1154 suam
727 1097 840 1153 sibi
868 1112 1109 1154 uxorem
1126 1097 1322 1154 inloco
1344 1097 1474 1153 ﬁlia)
1498 1096 1665 1152 daret
1683 1111 1858 1167 seque

219 1190 443 1259 patrem
476 1186 603 1257 ejus
632 1186 855 1242 diceret
885 1190 943 1243 et
969 1186 1352 1243 instrumenta
1400 1185 1752 1241 matrimonii
1797 1189 1857 1241 ut

216 1279 384 1347 pater
414 1274 817 1331 conscriberet
852 1293 865 1343 ;
900 1290 1138 1332 sorores
1158 1289 1316 1345 suas,
1352 1288 1496 1345 quas
1542 1274 1857 1347 stupravit,

214 1363 536 1420 insularum
561 1363 737 1419 exilio
788 1363 1099 1419 damnavit.
1138 1365 1321 1436 (HlER.
1364 1396 1434 1404 —
1461 1363 1539 1419 Η.
1586 1373 1690 1433 7n)
1757 1363 1859 1417 Hie

208 1452 453 1525 primus,
481 1452 807 1508 diademate
831 1452 1128 1525 impositi),
1155 1453 1447 1509 dominum
1492 1468 1554 1509 se
1571 1450 1855 1523 appellari

203 1541 405 1612 jussit,
443 1541 569 1598 etin
590 1541 829 1598 deorum
854 1557 1155 1599 numerum
1201 1558 1263 1598 se
1296 1542 1502 1598 referri
1569 1541 1851 1613 prccepit.

219 1630 324 1685 Hic
348 1629 547 1686 statim
581 1634 646 1686 ut
674 1634 806 1701 post
829 1635 1072 1686 mortem
1096 1631 1320 1702 Tyberii
1345 1646 1585 1699 regnum
1605 1629 1853 1700 accepit,

212 1720 528 1791 Agrippam
553 1721 1233 1789 eognomcntollerodem
1257 1736 1287 1776 a
1307 1720 1557 1777 vinculis
1581 1718 1851 1789 absolvit,

211 1807 267 1863 in
302 1807 911 1879 quaeillumTyberius
942 1810 1212 1881 eonjecit,
1258 1810 1428 1880 eique
1473 1808 1853 1864 tetrarchiam

1974 656 2149 713 exilio
2166 654 2503 726 Lugdunum
2524 650 2826 721 relegavit.
2856 651 3226 720 Cognoscens
3241 648 3435 702 autem
3462 644 3615 716 quod

1974 745 2613 802 Herodiassororesset
2637 741 2931 812 Agrippm,
2957 737 3141 794 voluit
3166 736 3218 792 ei
3238 748 3379 806 opes
3393 739 3453 790 et
3468 749 3621 805 quaa-

1974 850 2084 907 que
2120 834 2354 907 propria
2377 833 2733 897 concedere;
2766 829 2868 886 sed
2886 827 2983 885 illa
3042 825 3237 882 mariti
3271 836 3448 882 causa
3483 837 3616 882 con-

1971 929 2279 995 tempncns
2300 922 2509 992 omnia,
2546 925 2749 978 secuta
2764 923 2852 975 est
2879 933 3008 974 eum
3037 916 3092 972 in
3113 914 3374 987 exilium,
3420 912 3618 986 ibique

1973 1014 2194 1086 pariter
2210 1011 2713 1085 perierunt(Cf.A.
2742 1008 2792 1065 I.
2812 1023 2967 1078 xvm,
3002 1007 3114 1078 14.)

2046 1102 2146 1173 (Η.
2179 1117 2257 1160 m.
2279 1102 2296 1173 )
2321 1101 2533 1158 Eodem
2564 1114 2713 1155 anno
2746 1098 2921 1154 Gaius
2950 1111 3081 1152 cum
3119 1094 3618 1151 adversusomnes

1973 1192 2193 1263 ingenti
2227 1191 2574 1249 crudelitate
2622 1187 2877 1257 saeviret,
2903 1201 2931 1241 a
2964 1184 3248 1241 militibus
3296 1183 3351 1238 in
3395 1180 3615 1254 palatio

1974 1281 2207 1338 occisus
2239 1285 2350 1352 est,
2374 1277 2732 1335 annozetatis
2767 1275 2835 1309 ⁸⁷⁷
2866 1280 2955 1340 38,
3010 1273 3171 1343 regni
3218 1275 3448 1343 quarto.
3504 1268 3612 1337 Qui

1973 1375 2283 1441 postquam
2314 1369 2542 1426 occisus
2565 1363 3007 1437 est,duolibelli
3032 1364 3085 1418 in
3120 1358 3507 1429 secretisejus
3526 1372 3614 1419 re-

1974 1459 2123 1532 perti
2149 1463 2302 1527 sunt,
2324 1472 2571 1529 quorum
2594 1455 2767 1512 alteri
2793 1453 2989 1525 pugio,
3043 1450 3211 1506 alteri
3250 1446 3483 1518 gladius
3507 1461 3613 1519 pro

1972 1550 2138 1619 signo
2170 1547 2417 1604 nominis
2437 1546 2930 1617 ascriptumerat;
2966 1542 3135 1597 ambo
3160 1536 3613 1594 lectissimorum

1971 1638 2228 1694 virorum
2259 1635 2563 1705 utriusque
2587 1632 2829 1702 ordinis,
2879 1628 3157 1686 senatorii
3216 1624 3489 1682 videlicet
3559 1627 3620 1679 et

1971 1726 2297 1796 equestris,
2331 1726 2563 1781 nomina
2594 1728 2654 1779 et
2685 1726 2854 1778 notas
2883 1719 3283 1785 continebant,
3316 1714 3413 1785 qui
3446 1712 3616 1768 morti

1971 1815 2711 1873 destinatierant.lnventa
2727 1816 2816 1868 est
2846 1814 3049 1866 ctarca
3085 1807 3289 1877 ingens
3315 1803 3609 1860 variorum

212 1896 465 1969 Philippi
484 1898 633 1969 patri
675 1898 786 1968 sui,
823 1898 1051 1969 quijam
1103 1900 1458 1967 decesserat,
1490 1898 1854 1968 tradidit,rc-
1885 1910 1937 1970 Β
1970 1919 2343 1972 venenorum,
2382 1902 2594 1973 quibus
2635 1916 2767 1956 mox
2821 1896 3060 1955 Claudio
3111 1908 3328 1950 caesare
3369 1890 3613 1962 jubente

207 1999 457 2057 gemque
471 1986 908 2058 appellavit,cui
924 1992 982 2043 et
998 1993 1199 2060 postea
1218 1988 1593 2045 tetrarchiam
1611 1987 1853 2044 Herodis

212 2074 412 2145 patrui
442 2074 534 2132 sui
566 2075 1025 2145 adjecit(Cf.Jos.
1063 2078 1101 2133 Ζ.
1132 2079 1467 2135 l.—EusH.
1503 2092 1550 2134 θ.
1569 2092 1628 2146 ιι,
1648 2076 1851 2148 4).Ιειθ

209 2166 299 2218 est
319 2162 419 2234 qui
441 2162 494 2218 in
527 2164 761 2220 actibus
783 2165 1183 2236 apostolorum
1227 2166 1377 2238 (cap.
1405 2166 1529 2241 xm)
1588 2163 1850 2221 Herodes

211 2251 569 2324 appellatur,
591 2254 685 2324 qui
701 2258 757 2308 et
778 2255 1052 2310 Jacobum
1073 2256 1291 2312 occidit
1321 2262 1380 2311 et
1402 2259 1637 2312 Petrum
1655 2254 1708 2309 in
1728 2266 1849 2309 car.

181 2354 408 2397 -cerem
444 2341 621 2413 misit,
646 2347 924 2414 ctpostea
956 2346 1026 2399 ab
1041 2346 1247 2415 angelo
1281 2359 1609 2418 percussus,
1645 2342 1850 2402 vermi-

213 2429 317 2485 bus
346 2430 1016 2504 scaturiensexSpiravit
1042 2436 1241 2505 ;cujus
1267 2434 1367 2489 filii
1387 2436 1617 2492 fuerunt
1648 2436 1850 2507 Agrip-

212 2532 278 2589 pa
299 2532 426 2586 rex,
462 2519 799 2591 tequivocus
830 2522 975 2592 ejus,
1001 2526 1059 2577 et
1085 2524 1381 2591 Berenice,
1407 2539 1575 2580 soror
1589 2523 1851 2594 ejus.Re-

211 2605 621 2675 gnavitautem
653 2609 819 2665 annis
850 2616 901 2679 7,
929 2612 1293 2683 moriturque
1309 2613 1656 2668 annotercio
1687 2612 1851 2669 Clau-

211 2693 286 2749 dii
324 2693 432 2763 (Cf.
468 2697 595 2753 Eus.
634 2712 692 2768 υ,
732 2702 856 2771 10.).
884 2698 1186 2772 Philippus
1221 2716 1383 2771 vero,
1410 2706 1653 2773 patruus
1701 2703 1846 2773 ejus,

210 2788 478 2841 mortuus
516 2791 606 2841 est
639 2803 787 2844 anno
822 2794 893 2845 22
927 2791 1154 2859 Tyberii
1215 2806 1423 2862 regens
1461 2790 1851 2847 Traconitidis

210 2875 269 2926 et
289 2870 359 2905 ⁸⁷⁸
394 2872 778 2933 Gaulanitidis
809 2879 1099 2948 regionem
1124 2880 1291 2937 annis
1320 2885 1406 2936 32.

281 2964 332 3016 2.
370 2963 522 3019 A.D.
573 2967 657 3022 40.
694 2967 791 3037 qui
823 2972 911 3025 est
955 2969 1073 3025 Gaii
1134 2970 1441 3038 secundus,
1488 2970 1694 3036 Judaei,
1753 2968 1849 3040 qui

206 3049 320 3119 jam
354 3054 496 3109 tunc
527 3055 600 3110 ob
634 3056 963 3126 passionem
992 3058 1208 3113 Christi
1243 3059 1469 3115 meritis
1506 3059 1721 3130 ubique
1737 3057 1853 3113 cla-

215 3138 388 3197 dibus
401 3143 871 3216 exagitabantur,
890 3146 1039 3218 apud
1058 3146 1465 3204 Alexandriam
1482 3152 1686 3204 exorta
1703 3147 1851 3204 sedi-

1968 1993 2260 2061 dimersis,
2299 1991 2473 2047 maria
2522 1990 2732 2045 infecta
2792 1987 3128 2053 traduntur,
3164 1997 3271 2038 non
3319 1980 3443 2038 sine
3498 1992 3614 2033 ma-

1967 2095 2080 2152 gno
2114 2082 2360 2153 piscium
2412 2080 2623 2149 exicio,
2672 2079 2822 2149 quos
2856 2077 3133 2131 cnecatos
3175 2086 3277 2145 per
3338 2066 3613 2142 proxima

1968 2169 2138 2227 litora
2175 2170 2392 2242 passim
2423 2172 2607 2226 aestus
2639 2166 2833 2239 ejeeit.

1963 2272 2085 2318 Anni
2121 2269 2329 2318 Claudii.

2037 2350 2137 2419 (Η.
2166 2364 2243 2405 m.
2279 2348 2549 2419 —Hu:n.)
2576 2349 2737 2402 Anno
2759 2343 3071 2401 Dominieac
3087 2336 3504 2397 incarnationis
3520 2336 3607 2404 43,

1965 2439 2036 2495 ab
2058 2440 2213 2495 Urbe
2246 2444 2440 2496 autem
2481 2436 2713 2493 condita
2735 2438 2858 2491 793.
2879 2432 3174 2495 Claudius,
3227 2429 3299 2484 ab
3346 2428 3609 2497 Augusto

1965 2533 2233 2599 quartus,
2253 2527 2553 2599 imperium
2570 2527 2819 2596 adeptus
2837 2527 2949 2593 est,
2968 2519 3347 2591 regnavitque
3362 2530 3492 2572 ann.
3520 2518 3600 2570 13.
3692 2558 3697 2565 .

1966 2632 2191 2674 menses
2214 2624 2265 2685 8,
2293 2617 2417 2675 dies
2438 2622 2524 2673 28.
2546 2616 2766 2687 (H.7n.)
2801 2614 2903 2671 llic
2927 2613 3035 2669 fuit
3076 2614 3321 2683 patruus
3361 2604 3481 2661 Gaii
3507 2603 3607 2660 Ca-

1962 2707 2182 2779 ligulae,
2221 2707 2376 2763 filius
2406 2707 2576 2763 Drusi
2605 2704 2853 2778 privigni
2876 2700 3140 2772 Augusti,
3183 2697 3279 2770 qui
3329 2694 3607 2768 apudMo-

1962 2796 2218 2868 gontiam
2252 2797 2900 2860 habetmonumentum,
2944 2792 3113 2863 cujus
3152 2800 3333 2859 nepos
3366 2787 3491 2841 erat
3507 2783 3609 2839 Ca-

1965 2886 2163 2957 ligula.
2200 2887 2339 2957 Iste,
2373 2900 2503 2943 eum
2529 2888 2766 2942 senatus
2803 2881 3128 2938 censuisset
3188 2891 3373 2948 genus
3422 2875 3608 2931 Caesa-

1965 2989 2091 3031 rum
2115 2974 2513 3045 exterminari,
2549 2971 2793 3029 deformi
2818 2969 3043 3026 latebra
3093 2967 3276 3024 latere
3310 2965 3601 3036 repertus,

1967 3064 2098 3136 quia
2133 3079 2340 3121 vecors
2361 3067 2508 3133 erat,
2537 3061 2883 3118 mitissimus
2899 3057 3206 3115 videbatur
3228 3050 3609 3125 imprudenti-

1966 3155 2095 3225 bus,
2122 3155 2321 3224 sicque
2353 3157 2603 3225 raptusa
2644 3150 2948 3221 militibus,
3004 3148 3321 3220 imperator
3363 3140 3606 3198 eﬁ‘eetus

214 3226 388 3330 ίίοξξθ,
414 3231 704 3330 Ρξίξῦίξεθιί
727 3236 1056 3330 suntczede,
1089 3240 1263 3306 atque
1281 3237 1514 3309 ρυιείθκ
1535 3239 1676 3295 αι’ὺο
1710 3252 1850 3308 ςβιό
1885 3268 1933 3330 C
1964 3249 2077 3314 est,
2114 3242 2572 3313 annitente('219)
2598 3237 2986 3312 Agrippa,qui
3018 3240 3158 3293 tunc
3183 3236 3335 3289 forte
3368 3232 3606 3330 Romam

213 3319 425 3387 quibus
457 3320 657 3392 Phylo,
694 3323 782 3377 vir
814 3338 952 3380 sane
984 3325 1245 3396 apprime
1285 3326 1575 3397 eruditus,
1597 3326 1879 3383 secunda

212 3406 336 3463 vice
366 3409 602 3466 Romam
631 3411 911 3478 veniens;
944 3424 1002 3469 et.
1026 3414 1179 3485 apud
1231 3415 1850 3486 Gaiuminterpellans,

211 3494 384 3551 nichil
415 3498 687 3569 profecit,
713 3500 811 3555 sed
838 3500 913 3555 ibi
940 3518 1303 3559 commorans
1354 3503 1573 3559 dicitur
1606 3505 1854 3560 cumPe-

212 3589 303 3641 tro
326 3586 598 3658 apostolo
627 3586 864 3647 loeutus
898 3591 1077 3648 fuisse
1100 3591 1341 3665 ejusque
1391 3593 1709 3649 amicieiam
1759 3592 1857 3648 ha-

213 3673 410 3732 buisse
446 3674 551 3744 (Cf.
581 3678 710 3734 Eos.
748 3694 805 3747 ιι,
842 3684 918 3745 5).

281 3762 518 3837 3.(01ιν.
568 3766 754 3837 W.)A.
784 3769 842 3823 Ι).
877 3771 961 3825 41.
990 3770 1230 3840 Pylatus
1288 3772 1487 3829 multis
1513 3772 1858 3831 calamitati-

214 3852 319 3909 bus
348 3867 379 3908 a
413 3853 553 3910 Gaio
584 3856 924 3928 obpressus,
958 3873 1019 3915 se
1054 3859 1243 3930 ipsum
1276 3861 1588 3917 interfecit.

282 3943 333 3997 4.
350 3944 415 4000 A.
443 3942 506 3998 D.
526 3946 612 3999 42.
630 3944 890 4002 Mathcus
909 3948 1276 4017 evangelium
1294 3950 1532 4021 scripsit
1549 3950 1851 4007 Hebraiee.

214 4030 473 4090 Herodes
493 4034 814 4105 tetrarcha,
852 4035 948 4105 qui
975 4036 1033 4092 in
1058 4038 1340 4094 Johannis
1386 4039 1654 4110 baptista)
1715 4054 1854 4096 nece

214 4124 415 4176 auctor
433 4121 705 4178 cxtititet
730 4124 983 4194 passioni
1013 4126 1235 4181 Domini
1261 4127 1549 4197 interfuit,
1576 4127 1730 4184 ﬁlius
1749 4129 1852 4184 He-

215 4206 373 4264 rodis
405 4209 736 4280 Magni,sub
760 4226 872 4282 quo
896 4217 1067 4270 natus
1091 4219 1178 4270 est
1207 4215 1474 4273 Christus
1503 4216 1846 4289 (VJUJM'J).

216 4295 449 4353 Romam
479 4298 660 4370 venit,
698 4305 943 4369 cogente
966 4302 1294 4360 Herodiade
1329 4319 1509 4360 uxore
1534 4320 1658 4376 sua,
1679 4321 1849 4375 quam

214 4385 456 4442 abstulit
494 4386 656 4443 fratri
688 4403 794 4445 suo
810 4388 948 4461 (Jos.
967 4391 1052 4447 De
1083 4391 1133 4458 ὑ,
1166 4392 1223 4448 .Ῑ.
1254 4408 1310 4463 n,
1342 4396 1419 4464 8).
1453 4393 1590 4459 Quae
1622 4409 1752 4450 eum
1773 4396 1853 4450 vi-

215 4471 377 4529 deret
411 4475 725 4548 Agrippam
753 4477 989 4533 fratrem
1011 4495 1178 4536 suum
1205 4482 1386 4537 aCaio
1406 4496 1595 4552 regem
1612 4483 1848 4553 factum,

215 4562 737 4636 exprobareccepit
772 4566 983 4622 Herodi
1044 4569 1389 4640 socordiam,
1445 4570 1575 4641 quia
1633 4588 1735 4641 per
1797 4572 1852 4629 id

217 4650 370 4719 quod
398 4650 650 4708 noluerit
674 4654 744 4710 ad
780 4669 1060 4711 czesarem
1080 4658 1351 4728 navigare
1383 4631 1850 4730 careret-majori
1886 4631 1937 4690 Β

216 4735 453 4795 honore.
492 4740 627 4796 Nam
649 4757 779 4797 eum
798 4743 1107 4816 Agrippam
1159 4762 1229 4802 ex
1261 4747 1489 4818 privato
1524 4765 1716 4820 regem
1781 4754 1855 4806 fc-

218 4826 364 4882 eisse
388 4841 500 4885 non
530 4834 691 4886 esset
722 4829 960 4888 dubium
984 4834 1122 4905 quin
1153 4849 1283 4891 eum
1312 4851 1385 4892 ex
1433 4841 1721 4897 tetrarcba
1763 4857 1857 4912 pa-

218 4914 264 4970 ri
294 4915 514 4973 honore
563 4920 935 4989 proveheret.
988 4924 1087 4979 His
1133 4924 1424 4982 adductus
1476 4930 1857 4986 HerodcsRo-

222 5017 367 5059 mam
400 5005 973 5079 venitsubsequente
995 5011 1207 5069 m'eum
1238 5019 1293 5070 et
1317 5022 1628 5073 accusante
1655 5019 1856 5090 Agrip-

222 5106 311 5163 pa,
354 5092 475 5149 iilio
501 5095 700 5153 fratris
720 5097 808 5153 sui
834 5099 1176 5156 Aristoboli.
1214 5103 1389 5158 Caius
1429 5105 1644 5161 eumdc
1672 5107 1857 5161 avari-

218 5180 702 5240 ciavchementer
744 5184 1667 5261 increpavit,eiquetctrarehiam
1703 5196 1857 5251 aufe-

1966 3337 2205 3390 venerat
2235 3336 2289 3389 et
2322 3347 2351 3388 a
2380 3337 2585 3388 senatu
2616 3328 2670 3384 in
2721 3325 3029 3385 consilium
3088 3326 3334 3380 vocatus
3393 3320 3603 3383 fuerat,

1967 3422 2118 3481 unde
2150 3426 2208 3478 et
2244 3421 2422 3478 filium
2455 3420 2581 3489 ejus
2616 3419 2927 3490 Agrippam
2959 3418 3162 3487 postea
3219 3425 3411 3480 regem
3444 3407 3602 3463 fecit.

1969 3512 2068 3581 (H.
2107 3513 2207 3583 θη.)
2240 3511 2339 3566 llic
2372 3509 2580 3577 ventri,
2606 3509 2759 3577 vino,
2810 3504 3035 3561 libidini
3076 3501 3241 3558 {tedae
3299 3497 3604 3567 obediens,

1968 3616 2175 3658 vecors
2190 3604 2246 3656 et
2272 3614 2452 3671 prope
2469 3599 2649 3654 hebes
2666 3612 2729 3653 ac
2755 3594 3017 3667 pavidus,
3036 3593 3381 3648 libertorum
3397 3591 3453 3643 et
3473 3601 3608 3642 con-

1964 3691 2121 3763 jugis
2152 3688 2493 3759 subjaeebat
2514 3686 2775 3758 imperiis
2800 3684 2996 3753 (Onos.
3017 3697 3112 3751 vn,
3132 3684 3184 3749 6,
3217 3695 3263 3734 s.
3289 3680 3441 3735 Bson
3462 3691 3500 3763 l,
3528 3677 3604 3748 3);

1970 3761 2213 3852 cupiens
2260 3782 2451 3836 tamen
2504 3776 2704 3834 utilem
2753 3789 2813 3830 se
2876 3771 3123 3845 publicae
3168 3768 3248 3823 rei
3300 3761 3607 3824 ostendere

1971 3868 2311 3940 principem,
2338 3864 2850 3922 exercitummovit
2878 3862 2933 3918 in
2950 3859 3326 3926 Britanniam,
3350 3862 3610 3911 transve-

1969 3956 2285 4028 ctusquein
2320 3955 2583 4024 insulam,
2610 3969 2778 4024 quam
2805 3967 2972 4008 nemo
3006 3954 3139 4006 ante
3168 3946 3382 4003 Julium
3425 3945 3612 4000 Cresa-

1968 4060 2086 4102 rem
2121 4059 2224 4100 nec
2243 4047 2514 4114 posteum
2542 4057 2718 4098 ausus
2740 4041 2847 4097 fuit
2868 4039 3053 4107 adire,
3072 4038 3222 4093 intra
3249 4047 3467 4106 paucos
3486 4031 3610 4087 dies

1968 4136 2093 4191 sine
2132 4132 2334 4204 praelio
2364 4130 2719 4200 etsanguine
2749 4128 3059 4201 plurimum
3091 4126 3218 4195 ejus
3274 4114 3499 4195 partem
3552 4119 3608 4176 in

1900 4274 1909 4280 .
1966 4220 2320 4280 deditionem
2345 4219 2573 4290 accepit
2602 4235 2626 4286 ,ο
2657 4216 2954 4273 Orchadas
2976 4214 3150 4270 etiam
3200 4211 3420 4269 insulas
3455 4208 3611 4266 ultra

1966 4309 2319 4368 Britanniam
2332 4308 2588 4364 Romano
2605 4304 2849 4376 imperio
2867 4303 3103 4373 adjecit,
3139 4316 3207 4358 ac
3223 4304 3391 4357 sexto
3412 4311 3610 4355 mense

1965 4417 2035 4458 ex
2063 4414 2177 4470 quo
2198 4397 2503 4469 profectus
2525 4400 2621 4451 est
2641 4396 2879 4450 Romam
2909 4391 3103 4448 rediit.
3132 4391 3344 4462 (Ηηκ.)
3361 4389 3454 4444 Sic
3467 4402 3609 4458 ergo

1966 4491 2036 4547 de
2054 4485 2348 4544 Britannis
2378 4482 2782 4555 triumphavit,
2841 4480 3137 4550 filiumque
3178 4494 3346 4536 suum
3386 4477 3611 4534 Britan-

1968 4578 2159 4634 nicum
2179 4574 2431 4632 vocavit.
2450 4573 2550 4643 (Η.
2574 4572 2686 4643 m.)
2709 4573 2866 4627 Uxor
2898 4583 3036 4625 vero
3052 4566 3276 4623 Claudii
3302 4563 3607 4623 Messalina

1966 4666 2036 4699 ⁸⁷⁸
2060 4664 2245 4736 primo
2281 4661 2494 4734 passim
2511 4658 2797 4717 adulteris
2817 4657 3095 4715 utebatur
3132 4672 3147 4722 ;
3185 4670 3257 4710 ex
3304 4668 3419 4725 quo
3454 4653 3609 4708 facto

1968 4755 2168 4827 plures
2200 4755 2355 4808 metu
2380 4750 2753 4807 abstinebant
2791 4751 2850 4803 et
2898 4743 3144 4802 extincti
3180 4746 3339 4813 sunt,
3399 4740 3610 4797 dehinc

1969 4841 2229 4898 atrocius
2260 4854 2527 4909 accensa,
2563 4836 2881 4894 nobiliores
2904 4844 3163 4905 Quasque
3195 4828 3610 4902 nuptasetvir-

1967 4932 2021 5000 gi
2033 4945 2134 4986 nes
2150 4933 2480 4986 scortorum
2497 4926 2665 4984 modo
2680 4939 2873 4983 secum
2888 4918 3609 4997 proposuerat,coaetique

1970 5025 2111 5076 sunt
2138 5033 2327 5074 mares
2345 5017 2725 5073 utadessent.
2771 5013 2935 5082 Quod
2959 5012 3006 5067 si
3048 5009 3329 5082 quistalia
3368 5008 3611 5063 horrue-

1970 5110 2079 5177 rat,
2105 5105 2354 5162 conflcto
2370 5103 2611 5159 crimine
2631 5102 2685 5157 in
2719 5099 2929 5159 eum‘7°
2951 5111 3292 5169 omnemque
3337 5094 3609 5151 familiam

1969 5194 2037 5229 “°
2058 5194 2186 5264 ejus
2232 5192 2587 5251 seviebatur.
2627 5193 2711 5249 Ita
2751 5188 2820 5225 “1
2854 5188 3048 5246 liberti
3087 5186 3212 5257 ejus
3257 5187 3610 5258 potestatem

1589 5363 1823 5421 VARle
1866 5366 2265 5421 LECTIONES.

284 5476 351 5510 ⁸⁷⁸
383 5476 646 5559 deﬁcit};
707 5478 1114 5559 ⁸Ῐ⁸ιάθξᾷτι9ὲ
1172 5483 1265 5559 ⁴⁷ζ
1285 5486 1386 5543 sed
1426 5502 1471 5544 s.
1533 5514 1602 5529 α-
1644 5489 1812 5559 gaius
1866 5492 1961 5546 E1.
2021 5489 2090 5524 ‘77
2122 5506 2151 5547 a
2203 5504 2325 5547 suae
2373 5492 2449 5545 9°.
2499 5487 2569 5523 ⁸⁷⁸
2617 5487 2885 5547 messalia
2942 5491 2991 5543 5.
3075 5490 3153 5545 9ο.
3223 5484 3292 5520 ‘7'
3319 5485 3471 5543 conf.
3557 5482 3614 5541 in

218 5559 346 5604 eum
377 5564 427 5605 e.
465 5553 517 5604 5.
542 5548 610 5583 ⁶⁸⁰
631 5550 685 5606 in
718 5550 754 5606 f.
789 5556 866 5608 9°.
900 5551 968 5586 ⁴⁸¹
998 5554 1200 5626 Itaque
1224 5557 1320 5613 E1.

292 5742 443 5817 ('219)
478 5747 612 5803 Haec
638 5740 841 5805 nescio
856 5747 1279 5809 undehauserit
1312 5753 1708 5813 Ekkehardus.

1800 5659 2030 5723 NOTIE,
