3932 6418
124 389 242 453 6'78

996 388 1545 465 CHRONICA._—
1576 388 2054 455 CHRONICON
2098 388 2643 458 UNIVERSALE.

3411 404 3531 472 6’74

127 524 376 597 pervixit
410 523 490 579 ita
522 520 797 594 Caligulae
825 525 1097 583 avunculi
1131 527 1221 584 sui
1256 526 1506 597 vestigia
1534 529 1773 583 secutus
1804 526 1860 586 A
1889 525 1973 580 nit
2005 527 2080 597 (υ.
2113 529 2352 599 supra);
2384 532 2443 583 et
2474 527 2610 597 quia
2642 527 2817 585 Linus
2842 530 2958 600 jam
2991 535 3269 608 excessit,
3305 539 3531 599 Cletum

126 619 238 683 est,
272 614 445 669 immo
472 626 896 684 supergressus
928 620 1037 685 est,
1066 619 1125 671 ut
1159 620 1333 687 turpe
1367 616 1440 671 sit
1476 615 1671 672 dicere
1705 613 1776 670 ad

127 707 399 772 quantam
430 700 849 773 malignitatem
875 704 1226 774 pervenerit.
1263 704 1365 773 (Η.
1384 718 1461 761 m.
1489 709 1547 760 et
1571 704 1648 759 H.
1675 703 1775 775 Β.)

126 789 437 846 Plurimam
470 793 807 847 senatorum
842 794 1068 863 partem
1100 792 1412 863 interfecit,
1445 796 1777 863 equestrem

127 877 388 935 ordinem
419 892 565 949 pene
598 878 892 947 destituit,
921 879 1092 936 bonis
1124 880 1394 936 omnibus
1425 880 1614 937 hostis
1646 878 1775 936 fuit.

127 967 487 1024 Libidinibus
517 982 695 1039 porro
729 968 914 1024 tantis
944 969 1201 1038 agitatus
1222 973 1334 1039 est,
1361 974 1424 1026 ut
1446 982 1517 1025 ne
1542 982 1572 1023 a
1594 972 1779 1024 matre

126 1058 357 1128 quidem
382 1056 469 1113 vel
494 1071 697 1113 sorore
726 1055 917 1113 ullave
946 1058 1475 1126 consanguinitatis
1510 1070 1781 1114 reveren-

124 1146 203 1202 tia
236 1146 530 1203 referatur
553 1145 925 1213 abstinuisse,
953 1146 1139 1202 virum
1165 1146 1219 1202 in
1247 1160 1486 1202 uxorem
1516 1146 1771 1215 duxerit,

125 1236 245 1309 ipse
267 1234 517 1291 amictus
539 1234 879 1290 nubentium
899 1234 1189 1304 virginum
1214 1235 1429 1306 specie,
1451 1239 1774 1291 convocato

124 1328 326 1380 senatu
360 1322 431 1379 ad
469 1321 864 1395 placitandum
910 1323 980 1379 de
1017 1322 1243 1378 ratione
1281 1323 1459 1393 dotis,
1509 1322 1772 1394 ipsisque

122 1413 351 1484 nuptias
373 1411 830 1481 celebrantibus,
865 1410 1017 1483 pelle
1047 1416 1389 1483 coopertus,
1426 1412 1545 1467 fere
1576 1424 1606 1467 a
1639 1411 1768 1467 viro

121 1507 182 1557 ut
202 1516 350 1557 uxor
373 1500 587 1557 ductus
616 1500 710 1555 sit.
745 1500 1066 1557 Parricidia
1096 1499 1276 1557 multa
1308 1500 1621 1569 commisit,
1655 1514 1769 1556 ma-

120 1597 225 1661 tre,
260 1590 462 1660 fratre,
491 1603 711 1659 sorore,
739 1603 920 1645 uxore
951 1589 1285 1659 ceterisque
1312 1587 1768 1658 consanguineis

118 1678 462 1735 interfectis.
490 1678 702 1733 Urbem
724 1678 960 1733 Romam
983 1692 1089 1748 per
1110 1691 1213 1733 sex
1235 1678 1359 1734 dies
1380 1683 1436 1734 et
1462 1682 1663 1734 noctes
1685 1676 1767 1733 in-

115 1768 326 1837 cendit,
353 1770 418 1824 ut
444 1765 617 1837 quale
639 1771 797 1823 esset
819 1765 1149 1822 incendium
1179 1767 1361 1837 Trojaa
1390 1766 1651 1833 videret;
1684 1766 1766 1837 ip-

117 1870 291 1927 seque
312 1860 482 1912 stans
504 1855 563 1942 in
590 1854 867 1942 altissima
893 1854 1043 1942 turri
1066 1853 1352 1942 laetusque
1376 1857 1764 1942 prospectans
1795 1882 1851 1942 Β

120 1943 391 2011 flammas,
415 1941 642 2011 tragico
660 1940 901 1998 indutus
918 1940 1143 2012 habitu,
1167 1940 1424 1998 Illiadein
1440 1941 1764 2012 tragediam

118 2032 379 2089 canebat.
408 2032 473 2085 In
499 2044 560 2085 re
583 2029 820 2086 militari
851 2030 1031 2086 nichil
1053 2032 1285 2088 omnino
1309 2045 1507 2101 ausus,
1543 2030 1769 2087 Britan-

118 2122 263 2178 niam
295 2134 439 2192 pene
470 2119 685 2176 amisit.
724 2119 899 2176 Auxit
932 2118 1142 2176 molem
1176 2120 1496 2177 facinorum
1526 2119 1655 2189 ejus
1685 2123 1770 2175 te-

119 2209 353 2265 meritas
384 2207 712 2280 impietatis
735 2206 791 2262 in
816 2208 1014 2265 Deum.
1051 2208 1280 2265 Primus
1313 2209 1466 2264 enim
1499 2221 1772 2280 persecu-

118 2297 329 2354 tionem
379 2297 438 2354 in
493 2295 855 2353 Christianos
913 2296 1093 2353 movit
1155 2312 1259 2368 per
1306 2311 1473 2352 omne
1521 2311 1764 2365 regnum

119 2400 300 2455 suum,
333 2386 642 2458 ipsumque
672 2398 875 2441 nomen
906 2384 1234 2456 exstirpare
1261 2386 1525 2457 cupiens,
1560 2384 1773 2457 princi-

117 2488 216 2545 pes
252 2472 653 2545 apostolorum
699 2474 937 2530 Petrum
970 2476 1029 2529 et
1060 2472 1302 2531 Paulum
1346 2472 1583 2529 occidit.
1637 2474 1769 2543 Ipse

115 2563 530 2635 Vespasianum
578 2576 707 2618 cum
757 2560 880 2617 ﬁlio
931 2577 1036 2618 suo
1086 2562 1213 2618 Tito
1246 2562 1318 2617 ad
1350 2560 1769 2619 destruendam

115 2652 547 2729 Hierosolimam
570 2650 748 2706 misit.
783 2652 941 2707 Inter
963 2652 1089 2706 haec
1111 2651 1286 2706 Galba
1310 2651 1613 2723 llyspaniae
1638 2665 1771 2722 pre-

116 2747 205 2797 tor
238 2743 293 2796 et
326 2740 506 2796 Gaius
530 2738 718 2796 Iulius
745 2739 1051 2811 imperium
1084 2740 1442 2811 corripuere.
1482 2741 1635 2795 Nero
1665 2754 1767 2795 au-

116 2835 247 2901 tem,
271 2829 543 2885 omnibus
561 2828 933 2898 execrabilis,
969 2829 1158 2885 hostis
1184 2843 1214 2884 a
1242 2834 1446 2885 senatu
1473 2828 1775 2899 judicatus

117 2922 232 2986 est;
274 2917 577 2976 decretum
610 2916 678 2950 ⁸⁰⁶
705 2921 818 2987 est,
854 2921 935 2988 ut,
974 2917 1133 2973 furca
1168 2917 1326 2973 collo
1371 2918 1499 2988 ejus
1532 2917 1769 3001 inserta,

117 3007 298 3066 nudus
324 3020 428 3079 per
466 3006 761 3079 publicum
798 3006 1138 3077 duceretur,
1174 3011 1232 3062 et
1266 3007 1452 3077 virgis
1486 3022 1670 3077 usque
1704 3007 1775 3063 ad

120 3100 350 3153 mortem
396 3110 611 3166 caesus,
645 3095 714 3151 de
747 3110 888 3152 saxo
921 3095 1399 3167 precipitaretur.
1456 3095 1620 3163 Quod
1674 3094 1775 3153 ille

119 3185 352 3243 audiens
377 3183 673 3256 simulque
701 3184 1017 3240 adventum
1049 3184 1242 3241 Galbae
1265 3184 1657 3258 comperiens,
1694 3185 1778 3265 fu_

120 3274 259 3344 gite
286 3272 533 3348 palatio,
576 3272 888 3342 noctisque
928 3272 1119 3328 medio
1160 3273 1312 3327 Urbe
1356 3287 1631 3342 egressus
1663 3276 1753 3329 est

125 3362 310 3421 Secuti
333 3366 469 3421 sunt
489 3365 686 3419 autem
708 3375 839 3416 eum
856 3361 1051 3417 Phaon
1071 3365 1130 3415 et
1147 3361 1525 3432 Epafroditus
1545 3366 1605 3418 et
1627 3350 1776 3419 Nefil

124 3456 216 3509 tus
235 3456 293 3510 et
313 3451 499 3524 spado
530 3450 817 3521 Nesporo,
863 3464 1035 3520 quem
1068 3449 1359 3520 quondam
1387 3454 1687 3507 exsectum
1717 3450 1774 3506 in

125 3539 417 3597 mulierem
440 3541 695 3596 formare
714 3542 1127 3611 temptaverat.
1158 3541 1416 3611 Cumque
1438 3539 1694 3595 venisset
1716 3537 1772 3593 in

129 3630 522 3687 suburbanum
553 3627 753 3685 liberti
783 3628 895 3697 sui,
932 3628 1085 3698 quod
1115 3633 1207 3684 est
1236 3628 1388 3683 inter
1410 3628 1689 3685 Salariam
1713 3632 1772 3684 et

129 3718 538 3775 Numentanam
587 3716 736 3773 viam
778 3715 851 3771 ad
896 3720 1168 3787 quartum
1212 3717 1385 3773 Urbis
1435 3716 1768 3786 miliarium,

131 3806 244 3864 ictu
261 3806 438 3878 gladii
462 3820 525 3862 se
548 3809 858 3877 percutere
879 3805 1083 3875 voluit,
1112 3805 1215 3862 sed
1244 3805 1576 3877 trepidante
1600 3817 1771 3860 manu

130 3895 230 3953 hoc
252 3895 535 3970 perficere
556 3910 671 3951 non
696 3894 904 3965 potuit.
935 3895 1154 3950 Etcum
1186 3895 1406 3951 nullum
1431 3893 1715 3949 inveniret
1740 3907 1770 3948 a

132 3999 238 4056 quo
261 3985 558 4055 feriretur,
579 3982 929 4041 exclamavit
947 3984 1149 4040 dicens
1167 4003 1179 4038 :
1196 3984 1372 4041 Itane
1390 3997 1495 4041 nec
1515 3984 1773 4041 amicum

130 4086 232 4130 nec
246 4073 561 4131 inimicam
582 4070 1070 4144 habereposswm.
1095 4072 1259 4143 (Aun.
1282 4072 1543 4143 Vicron.)
1560 4070 1772 4127 Videns

134 4161 235 4220 hoc
251 4163 514 4235 Nesporo
531 4160 757 4232 adjuvit
774 4176 1002 4218 manum
1019 4163 1365 4217 trementem
1382 4178 1397 4227 ;
1415 4165 1476 4216 et
1495 4160 1574 4215 ita
1597 4160 1771 4231 periit

134 4264 276 4309 anno
297 4252 433 4309 vitae
453 4266 581 4309 suae
603 4254 719 4322 31°,
745 4252 971 4323 imperii
995 4254 1109 4321 14°,
1135 4251 1335 4322 sicque
1357 4251 1545 4306 omnis
1578 4253 1771 4320 Augu-

134 4340 206 4396 sti
235 4340 449 4397 familia
472 4341 529 4396 in
554 4355 624 4396 eo
647 4345 991 4411 consumpta
1023 4344 1131 4398 est.
1168 4341 1267 4412 (H.
1290 4342 1395 4412 φη.)
1426 4340 1609 4411 Hujus
1631 4344 1776 4394 tem-

136 4429 369 4500 poribus
386 4431 583 4487 Roma)
600 4429 896 4501 pollebant
914 4430 1131 4487 Seneca
1148 4430 1413 4499 tragicus
1426 4433 1484 4484 et
1500 4427 1771 4501 phyloso-

1890 614 1944 669 in
1977 614 2167 671 locum
2199 616 2325 685 eius
2355 616 2716 685 subrogavit,
2752 619 2847 688 qui
2883 622 2940 675 et
2971 620 3092 691 ipse
3126 626 3292 683 annis
3327 632 3394 684 12
3422 645 3533 689 aee-

1889 700 2127 759 clesiam
2162 704 2343 770 rexit;
2376 706 2585 761 Petrus
2606 704 2675 738 ⁸⁰⁷
2693 720 2834 762 vero
2858 709 3241 777 predicationi
3275 714 3536 777 deservi-

1886 793 1990 845 vit.
2028 790 2194 861 (σήν.
2241 792 2347 862 W.)
2386 794 2695 863 Hueusque
2727 793 2938 851 librum
2969 801 3204 857 actuum
3237 806 3535 875 apostolo-

1888 892 2015 934 rum
2059 878 2239 934 Lucas
2276 879 2549 950 perduxit
2580 881 2959 951 evangelista.

1959 970 2009 1020 3.
2048 970 2131 1021 13.
2168 967 2377 1039 (HIER.)
2413 970 2473 1023 A.
2509 970 2568 1023 D.
2606 974 2691 1025 59.
2724 972 2949 1029 Probus
2976 974 3229 1034 Beritius
3254 981 3535 1040 eruditis-

1887 1054 2070 1111 simus
2098 1057 2455 1125 gramaticus
2478 1056 2708 1114 claruit.

1957 1147 2007 1198 4.
2046 1148 2129 1200 14.
2164 1147 2229 1200 A.
2265 1147 2329 1201 D.
2351 1149 2437 1203 60.
2467 1146 2687 1204 Statius
2708 1148 2983 1209 Sursulus
3006 1158 3175 1224 poeta
3201 1156 3528 1217 Colosensis

1884 1233 2139 1290 celebris
2170 1235 2295 1291 fuit.

1954 1327 2124 1410 6.16.
2163 1325 2320 1380 A.D.
2355 1328 2442 1382 61.
2490 1326 2861 1383 Terremotus
2919 1330 3114 1390 Romae
3168 1336 3224 1390 et
3278 1336 3530 1410 eclypsis
3589 1363 3592 1366 ~

1883 1409 2026 1466 solis
2058 1411 2207 1467 facta
2239 1417 2350 1469 est.

1951 1503 2002 1555 6.
2044 1502 2125 1553 16.
2160 1499 2325 1571 (0hr.
2374 1501 2483 1572 W.)
2516 1504 2579 1559 A.
2602 1504 2663 1559 D.
2691 1508 2777 1561 62.
2804 1507 2973 1562 Festo
2996 1510 3259 1567 succedit
3283 1511 3526 1574 Albinus

1880 1585 1936 1641 in
1969 1588 2273 1658 presidatu
2304 1588 2542 1648 Iudam.

1948 1680 2001 1731 7.
2042 1681 2126 1733 17.
2170 1678 2382 1749 (HIER.)
2423 1682 2487 1735 A.
2522 1680 2581 1735 1).
2617 1684 2703 1737 63.
2742 1683 3017 1755 Iacobus,
3058 1686 3242 1745 frater
3280 1689 3524 1763 Domini,

1879 1760 2174 1852 lapidatur
2213 1780 2243 1822 a
2282 1766 2517 1838 Iudaeis,
2560 1773 2620 1823 et
2658 1771 2898 1841 Symeon
2926 1771 3023 1844 ⁵⁸⁸,
3059 1774 3241 1833 frater
3278 1779 3426 1852 ejus,
3470 1760 3528 1837 in

1880 1850 2072 1908 locum
2103 1853 2230 1925 ejus
2262 1856 2659 1912 constituitur.

1951 1943 2002 1996 8.
2040 1946 2123 1999 18.
2160 1942 2327 2011 (0hr.
2373 1945 2481 2015 W.)
2528 1946 2593 2001 A.
2627 1946 2691 2001 Ι).
2737 1949 2824 2003 64.
2883 1949 3107 2006 Marcus
3163 1953 3524 2025 evangelista

1882 2044 2090 2101 passus
2118 2037 2208 2089 est
2253 2032 2638 2091 Alexandriae.

1951 2124 2003 2175 9.
2040 2124 2121 2176 19.
2160 2123 2221 2175 A.
2257 2122 2319 2175 D.
2352 2125 2438 2178 65.
2475 2122 2686 2194 (Ηιειι.)
2729 2125 2968 2183 Persius
2998 2130 3244 2188 moritur
3274 2146 3423 2191 anno
3452 2150 3527 2194 ie-

1881 2206 2023 2265 tatis
2050 2206 2120 2241 ⁸⁰⁰
2149 2212 2261 2264 29°.
2297 2212 2444 2265 Ante
2476 2225 2728 2267 mensam
2770 2212 3015 2270 Neronis
3045 2215 3258 2275 fulmen
3288 2223 3520 2280 cecidit.

1955 2299 2037 2353 10.
2070 2299 2156 2353 20.
2194 2299 2255 2353 A.
2302 2299 2363 2353 D.
2408 2302 2494 2354 66.
2541 2301 2773 2356 Anneus
2816 2302 3079 2361 Lucanus
3130 2307 3525 2369 Cordubensis

1882 2388 2051 2454 poeta
2080 2384 2136 2439 in
2168 2385 2476 2442 Pisoniana
2508 2387 2911 2457 coniuratione
2942 2392 3363 2469 deprehensus,
3398 2398 3531 2457 bra-

1880 2471 2073 2528 chium
2105 2472 2175 2530 ad
2218 2476 2500 2532 secandas
2530 2490 2704 2533 venas
2740 2479 2990 2549 prebuit.

1952 2565 2036 2618 11.
2070 2565 2157 2618 21.
2193 2564 2257 2618 A.
2291 2564 2354 2618 D.
2390 2567 2475 2620 67.
2521 2565 2670 2620 Nero
2714 2566 2969 2623 incendit
3000 2570 3233 2628 Romam
3267 2574 3339 2629 ad
3370 2576 3528 2632 simi-

1880 2647 2187 2706 litudinem
2217 2650 2419 2721 Trojaa.

1954 2741 2037 2794 12.
2071 2741 2157 2795 22.
2194 2741 2257 2797 A.
2293 2740 2355 2795 1).
2391 2743 2477 2797 68.
2538 2743 2770 2798 Anneus
2828 2742 3044 2801 Seneca
3104 2748 3523 2825 Cordubensis,

1881 2830 2210 2897 praeceptor
2240 2828 2487 2885 Neronis
2517 2833 2572 2883 et
2607 2834 2854 2901 patruus
2884 2831 3117 2905 Lucani,
3144 2834 3349 2905 jussus
3369 2853 3397 2894 a
3422 2841 3530 2897 Ne-

1884 2928 2023 2971 rone
2068 2929 2253 2984 genus
2305 2916 2509 2972 mortis
2556 2916 2792 2988 eligere,
2837 2918 3113 2978 incisione
3160 2938 3438 2984 venarum
3468 2931 3527 2987 et

1884 3001 2100 3060 haustu
2147 3004 2351 3061 veneni
2384 3005 2631 3061 interiit.
2666 3007 2843 3077 Cujus
2876 3008 3059 3066 frater
3085 3013 3290 3072 Junius
3321 3015 3526 3088 Gallio,

1885 3092 2158 3161 egregius
2182 3093 2558 3165 declamator,
2582 3095 2814 3167 propria
2836 3112 2897 3153 se
2921 3112 3092 3157 manu
3113 3099 3183 3135 ἰο
3203 3101 3530 3176 interfecit;

1888 3180 2068 3235 frater
2099 3195 2238 3237 vero
2272 3180 2505 3239 illorum
2539 3182 2745 3240 Lucius
2778 3186 3011 3243 Anneus
3042 3188 3218 3247 Melas
3248 3191 3396 3249 bona
3427 3192 3529 3249 filii

1886 3269 1977 3325 sui
2009 3270 2220 3325 Lucani
2254 3284 2283 3326 a
2321 3271 2547 3327 Nerone
2578 3274 2921 3343 promeruit.

1957 3361 2042 3412 13.
2077 3362 2162 3413 23.
2208 3358 2369 3430 (Chr.
2426 3360 2505 3417 W.
2537 3391 2607 3401 —
2638 3361 2717 3416 Cf.
2758 3364 2883 3420 Jos.
2926 3364 3013 3420 De
3042 3364 3095 3421 ὗ.
3125 3367 3183 3423 .Ῑ.
3217 3370 3326 3441 in.)
3360 3372 3424 3427 A.
3459 3373 3526 3432 1).

1883 3447 1969 3501 69.
2015 3446 2403 3517 Vespasianus
2437 3448 2553 3504 dux
2582 3450 2879 3507 exercitus
2922 3452 3228 3511 adversum
3270 3457 3523 3531 Iudmos,
3600 3476 3611 3489 ‘

1884 3534 1979 3605 qui
2015 3534 2203 3590 Gessn
2235 3535 2407 3607 Flori,
2442 3539 2808 3595 successoris
2836 3538 3049 3605 Albini,
3076 3544 3383 3604 avariciam
3415 3563 3526 3605 non

1883 3622 2162 3693 ferentes,
2195 3623 2577 3695 rebellabant,
2608 3641 2640 3681 a
2669 3628 2895 3683 Nerone
2926 3630 3157 3702 missus,
3190 3632 3346 3690 inter
3374 3643 3533 3695 cete-

1881 3725 1976 3767 ras
2007 3713 2183 3768 urbes
2200 3712 2267 3746 δα
2288 3716 2615 3786 Iotapatam
2640 3716 2917 3774 munitam
2950 3719 3245 3777 civitatem
3265 3725 3443 3796 cepit,
3472 3727 3529 3783 in

1881 3811 1994 3870 qua
2015 3804 2076 3855 et
2094 3801 2415 3873 Iosippum,
2451 3803 2547 3874 qui
2570 3807 2629 3859 et
2648 3806 2953 3877 Iosephus,
2986 3807 3191 3865 ducem
3216 3811 3353 3866 belli
3375 3827 3533 3870 com-

1879 3888 2209 3959 prehendit.
2244 3889 2503 3955 Quicum
2527 3892 2970 3951 interﬁciendus
3001 3901 3158 3953 esset
3179 3913 3209 3955 a
3233 3899 3527 3975 Romanis,

1882 3976 2139 4048 predixit
2188 3979 2545 4051 Vespasiano
2596 3984 2749 4052 quod
2791 3984 2917 4055 ipse
2948 3985 3267 4058 imperator
3298 3990 3530 4049 futurus

1880 4070 2060 4132 esset,
2113 4066 2313 4137 sicque
2363 4068 2540 4125 vitam
2592 4074 2934 4141 promeruit.
2986 4075 3089 4133 Hic
3136 4081 3227 4134 est
3275 4080 3531 4151 scriptor

1882 4154 2330 4224 Antiquitatum.

1957 4263 2039 4317 14.
2070 4263 2156 4318 24.
2194 4263 2257 4317 A.
2292 4263 2353 4316 1).
2388 4263 2476 4319 70.
2511 4264 2724 4319 Petrus
2762 4266 3091 4340 apostolus,
3124 4276 3365 4341 peracto
3397 4288 3531 4348 pre-

1883 4349 2191 4407 dicationis
2214 4365 2332 4407 sua)
2355 4355 2637 4421 tempore,
2670 4351 2883 4409 iterum
2913 4356 3153 4413 veniens
3182 4358 3417 4419 Romam
3440 4363 3530 4438 η’,

1884 4438 2158 4495 defuncto
2187 4438 2350 4495 Cleto
2381 4438 2671 4512 discipulo
2708 4455 2833 4513 suo,
2868 4442 3151 4501 Clementi
3185 4447 3527 4510 kathedram

135 4517 614 4590 phus,Musonius
634 4523 695 4575 et
714 4517 1065 4575 Plutarchus
1088 4517 1454 4591 phylosophi,
1478 4516 1772 4575 Iuvenalis
1801 4598 1843 4603 _
1883 4529 2195 4586 Romanam
2225 4528 2537 4599 commisit,
2570 4528 2714 4586 dans
2734 4531 2788 4586 ei
2810 4531 3051 4603 suisque
3081 4540 3530 4599 successoribus

136 4609 192 4701 gl
219 4607 452 4665 Persius
492 4606 752 4701 satirici,
796 4608 1060 4666 Lucanus
1100 4621 1350 4678 quoque,
1387 4605 1542 4663 ﬁlius
1570 4604 1772 4664 fratris
1801 4598 1855 4662 D
1885 4621 2236 4690 potestatem
2268 4617 2483 4687 ligandi
2509 4598 2567 4674 et
2593 4618 2875 4694 solvendi,
2910 4598 3062 4679 sicut
3096 4623 3219 4696 ipse
3248 4629 3528 4701 accepita

136 4692 382 4767 Seneca),
412 4700 474 4752 et
503 4696 745 4753 Statius.

194 4801 316 4852 Anni

136 4879 353 4933 Neronis.

203 4983 253 5036 1.
288 4984 372 5038 11.
408 4979 575 5051 (07w.
630 4981 737 5053 W.)
768 4981 962 5038 Primo
993 4985 1187 5039 autem
1218 4978 1465 5039 Neronis
1498 4982 1645 5039 anno
1677 4981 1775 5038 Fe-

139 5070 265 5126 stus
295 5069 586 5127 successit
614 5068 789 5127 Felici
820 5070 1062 5142 presidi.

206 5161 256 5212 2.
291 5161 377 5214 12.
412 5156 627 5232 (Ηωιι.)
659 5160 724 5216 A.
765 5159 830 5215 D.
874 5162 959 5215 58.
1012 5158 1226 5216 Paulus
1272 5156 1575 5233 apostolus
1622 5157 1776 5231 apud

1884 4707 2147 4779 Domino,
2198 4708 2519 4780 eodemque
2557 4707 2625 4742 ⁸¹³
2664 4724 2813 4765 anno
2863 4709 2985 4783 ipse
3029 4712 3241 4771 Petrus
3284 4716 3529 4788 jubente

1884 4798 2111 4854 Nerone
2132 4798 2449 4856 cruciﬁxus
2467 4802 2579 4870 est,
2599 4798 2815 4857 Paulus
2834 4813 2974 4858 vero
2996 4800 3342 4864 deeollatus.
3365 4806 3528 4865 Sedit

1885 4892 2079 4943 autem
2132 4885 2395 4944 Clemens
2426 4902 2558 4945 ann.
2594 4892 2680 4959 19,
2732 4903 2962 4947 menses
2993 4895 3044 4961 5,
3080 4905 3409 4965 passusque
3436 4903 3530 4955 est

1886 4975 1997 5031 sub
2025 4975 2360 5031 Domiciano
2380 4980 2414 5032 9
2434 4976 2545 5031 kal.
2581 4977 2901 5049 Decembr.,
2927 4977 3064 5036 licet
3088 4981 3318 5051 quidam
3352 4982 3529 5054 (BBDA

1882 5062 2101 5134 Mart,
2134 5079 2190 5136 p.
2221 5065 2347 5136 351)
2387 5066 2744 5123 contendant
2770 5081 2903 5127 eum
2933 5083 3167 5140 passum
3199 5072 3309 5127 sub
3339 5071 3532 5143 Traja-

1886 5166 1980 5209 no.
2005 5152 2333 5210 Secundum
2355 5152 2834 5212 ecclesiasticam
2856 5157 3175 5227 hystoriam
3200 5158 3353 5229 (EUS.
3374 5162 3451 5219 Η.
3478 5176 3526 5223 ο.

141 5242 389 5317 Festum,
408 5250 684 5318 presente
702 5246 956 5319 Agrippa
976 5246 1449 5319 rege,religionis
1467 5261 1586 5306 sum
1605 5247 1780 5306 ratio-
1886 5255 1969 5312 ιιι,
2010 5243 2094 5314 12)
2128 5240 2350 5313 primus
2399 5246 2533 5313 post
2580 5243 2817 5300 Petrum
2862 5244 3039 5303 Linus
3090 5246 3199 5304 hoc
3246 5262 3395 5307 anno
3423 5251 3534 5309 Ro-

142 5347 265 5391 nem
310 5348 635 5408 exponens,
677 5336 751 5394 ab
788 5336 994 5393 eodem
1043 5337 1215 5393 Festo
1263 5336 1495 5396 vinctus
1541 5337 1778 5396 Romam

144 5421 412 5496 mittitur,
452 5423 552 5483 ubi
580 5431 644 5485 et
669 5424 884 5486 Petrus
920 5438 1261 5497 occurrens,
1302 5424 1544 5489 Paulum
1574 5441 1781 5485 conve-

1886 5345 2114 5389 manam
2140 5329 2398 5402 suscepit
2421 5330 2746 5389 aecclesiam
2767 5338 2826 5388 et
2847 5347 2956 5405 per
2978 5338 3042 5391 12
3063 5341 3295 5395 rexerat
3326 5351 3529 5400 annos.

1888 5424 2040 5480 Nero
2068 5422 2260 5479 autem
2278 5423 2416 5493 post
2434 5420 2904 5481 interfectionem
2938 5424 3337 5497 apostolorum
3360 5441 3427 5485 se
3446 5429 3537 5504 ip-

1517 5525 1755 5585 VARL‘E
1796 5522 2196 5586 LECTIONES.

212 5616 728 5699 “eiectatamque
757 5620 801 5699 Ε
828 5626 879 5677 1ο
1054 5622 1261 5699 petrus
1280 5619 1688 5699 —9sssrvirit
1717 5624 1789 5699 in
1817 5621 2279 5699 mammas:
2320 5615 2620 5699 vim,
2651 5614 2871 5699 εὲςεεξθιῖ
2897 5622 2979 5674 ίίο
3004 5619 3128 5699 __‘°'
3156 5636 3354 5695 symon
3385 5626 3423 5682 4
3446 5628 3530 5689 9°.

150 5692 232 5749 10.
270 5694 354 5753 11.
436 5687 508 5725 ⁸⁰⁰
535 5705 588 5750 a.
620 5684 741 5751 suae
769 5696 847 5751 9°.
922 5688 993 5727 ἰο
1022 5684 1095 5749 ni.
1133 5704 1197 5750 se
1222 5696 1282 5751 5.
1363 5690 1431 5728 ἰι
1460 5692 1871 5769 deost/olim
1896 5695 1942 5754 E
1971 5698 2023 5751 1.
2099 5688 2166 5726 “’
2194 5703 2414 5750 romam
2442 5703 2498 5750 v.
2526 5684 2612 5745 5(
2656 5684 2725 5722 ⁸1³
2753 5686 2969 5750 Eodem
3000 5694 3075 5749 9°.
