3932 6408
386 368 506 429 675

1536 363 2020 426 EKKEHARDI
2065 362 2620 427 URAUGIENSIS

3686 368 3806 431 6'76

387 518 513 561 sum
543 500 841 558 interfecit
871 500 1077 556 ordine
1107 513 1283 570 supra
1314 497 1534 571 scripto
1556 497 1643 569 “‘,
1671 504 1735 554 ut
1758 498 1814 554 in
1838 499 2040 554 Roma-
2071 498 2125 558 A
2159 498 2303 554 titus
2323 502 2410 553 est
2437 497 2701 569 imperio,
2735 496 2948 554 familia
2979 496 3263 556 honorata
3291 501 3473 571 magis
3502 516 3676 572 quam
3708 518 3808 559 no-

389 606 459 648 na
493 590 709 661 legitur
740 588 1022 660 hystoria,
1068 603 1196 644 cum
1229 586 1463 657 quidam
1497 587 1758 644 scribant
1788 586 1948 642 illum
1984 587 2038 642 in

390 679 540 738 silva
589 684 880 734 errantem
910 692 941 734 a
973 676 1127 747 lupis
1171 691 1302 732 esse
1350 676 1711 733 devoratum.
1750 676 1914 739 (Ana.
1950 675 2045 731 νι-

389 769 578 842 cron.)
613 769 777 824 Hunc
799 769 993 823 Persae
1017 766 1073 821 in
1096 770 1320 821 tantum
1346 765 1700 835 dilexerunt,
1730 768 1794 820 ut
1817 764 2043 834 legatos

394 859 695 914 mitterent
726 856 985 925 Romam,
1012 853 1254 911 multum
1291 858 1583 923 rogantes,
1611 857 1669 909 ut
1695 854 2044 909 concedere-

388 951 486 1005 tur
509 946 627 1002 illis
650 944 886 1000 licentia
919 944 1240 1000 fabricandi
1264 943 1316 997 ei
1341 941 1737 1013 sepulchrum.
1773 942 2042 999 Ceterum

391 1050 593 1093 omnes
620 1033 748 1091 alite
784 1032 1095 1105 provincia}
1119 1036 1175 1087 et
1199 1036 1322 1088 tota
1350 1032 1529 1087 Roma
1553 1031 1622 1087 de
1645 1030 1885 1087 interitu
1914 1030 2043 1100 ejus

387 1123 559 1180 nimis
592 1122 1027 1191 exultaverunt,
1054 1121 1110 1176 in
1138 1124 1361 1176 tantum
1393 1125 1456 1176 ut
1486 1135 1686 1176 omnes
1711 1119 1907 1175 vestiti
1941 1117 2044 1190 pil-

387 1213 496 1270 leis
530 1210 1067 1280 manumissionum,
1111 1210 1265 1279 quod
1306 1213 1443 1265 tunc
1480 1214 1608 1264 erat
1639 1210 1867 1279 signum
1900 1208 2045 1263 libe-

388 1302 658 1371 rationis,
690 1299 854 1371 quasi
880 1298 953 1353 ab
977 1298 1153 1369 impio
1184 1297 1415 1354 domino
1446 1296 1702 1367 liberati,
1733 1296 2042 1353 victoriam

385 1390 778 1447 celebrarent.
796 1421 861 1428 —
879 1388 1090 1459 (HIER.)
1121 1386 1380 1456 Ignatius
1404 1386 1726 1442 Antiochiae
1750 1384 2045 1441 secundus

389 1478 699 1535 ordinatur
719 1476 1055 1548 episcopus,
1078 1490 1209 1531 cum
1232 1490 1363 1531 eum
1390 1474 1744 1547 processerit
1765 1472 2039 1530 Evodius.

467 1576 635 1625 Galba.

457 1659 545 1711 25.
584 1653 686 1725 (H.
719 1655 824 1726 m.)
860 1655 1024 1708 Anno
1055 1651 1367 1708 Dominicze
1399 1650 1821 1709 incarnationis
1848 1654 1936 1721 71,
1971 1650 2044 1707 ab

390 1745 545 1802 Urbe
578 1756 717 1799 vero
746 1741 983 1798 condita
1006 1746 1128 1809 821,
1156 1740 1353 1809 Galba,
1389 1739 1809 1810 antiquissima;
1841 1738 2046 1797 nobili-

390 1832 536 1888 tatis
578 1836 837 1899 senator,
884 1830 953 1885 de
997 1828 1384 1900 Sulpiciorum
1422 1842 1637 1898 genere
1681 1828 2039 1899 progenitus,
2073 1862 2129 1922 Β

389 1937 520 1978 cum
547 1919 1041 1992 septuagesimum
1065 1918 1310 1973 tercium
1333 1920 1569 1987 gereret
1592 1917 1784 1974 aetatis
1809 1931 2041 1984 annum,

391 2009 463 2066 ab
489 2009 775 2082 Hyspanis
795 2013 856 2063 et
875 2006 1052 2063 Gallis
1072 2007 1316 2075 electus,
1341 2021 1471 2061 mox
1496 2007 1566 2062 ab
1592 2006 1861 2062 universo
1883 2020 2047 2062 exer-

389 2099 511 2155 citu
538 2097 792 2154 libenter
815 2095 1133 2167 imperator
1156 2098 1461 2166 acceptus,
1487 2095 1685 2150 statim
1711 2100 1772 2150 ut
1799 2095 2045 2151 Neronis

391 2190 636 2244 mortem
661 2184 904 2254 audivit,
929 2185 1164 2240 Romam
1199 2183 1376 2253 venit,
1415 2186 1736 2252 sextusque
1760 2183 1831 2238 ab
1856 2185 2048 2252 Augu-

390 2279 481 2333 sto
504 2275 805 2331 mensibus
827 2276 860 2329 7
886 2272 1169 2343 regnavit.
1206 2273 1389 2343 llujus
1408 2272 1634 2343 privata
1658 2271 1777 2328 vita
1800 2270 2046 2341 insignis

391 2366 497 2422 fuit
522 2363 876 2420 militaribus
900 2366 959 2418 et
982 2361 1256 2418 civilibus
1278 2360 1484 2426 rebus;
1517 2374 1655 2431 sepe
1682 2360 1786 2416 fuit
1810 2360 2046 2427 consul;

392 2468 532 2525 sepe
559 2450 895 2525 proconsul,
921 2465 1059 2521 sepe
1083 2449 1201 2506 dux
1220 2449 1274 2505 in
1294 2449 1661 2520 gravissimis
1687 2448 1879 2518 bellis,
1904 2448 2049 2504 mili-

391 2547 508 2599 tem
543 2556 712 2598 suum
737 2541 816 2595 ita
841 2539 1213 2596 severissime
1242 2543 1524 2608 tractans,
1560 2541 1643 2607 ut,
1678 2537 1944 2607 ingresso
1976 2552 2046 2593 eo

391 2631 449 2689 in
480 2635 695 2701 castra,
730 2629 1030 2685 diceretur
1073 2628 1272 2683 statim
1314 2627 1385 2681 ab
1425 2625 1613 2682 altero
1647 2624 1717 2681 ad
1749 2625 1999 2684 alterum
2032 2645 2045 2684 :

388 2720 567 2778 Disce
592 2718 885 2788 militare,
918 2716 1113 2775 Galba
1140 2715 1321 2787 venit,
1352 2730 1471 2772 non
1507 2713 1833 2773 Gctulz‘cus.
1868 2716 2050 2787 Impe-

393 2809 543 2868 rium
577 2822 718 2864 vero
752 2806 1020 2878 adeptus,
1055 2820 1185 2861 cum
1216 2804 1486 2862 avaricias
1513 2805 1657 2860 vitio
1680 2804 2048 2876 segnitiaque

394 2912 598 2955 omnes
617 2894 967 2964 offenderet,
988 2895 1256 2950 Pisonem
1276 2893 1561 2964 quendam
1583 2892 1831 2949 nobilem
1854 2892 2050 2950 adole-

394 2990 656 3045 scentem
682 2984 737 3041 in
764 2982 944 3041 filium
969 2997 1328 3053 regnumque
1352 2982 1683 3054 adoptavit;
1710 2982 1835 3055 ipse
1854 2986 2048 3039 autem

393 3089 591 3133 mense
612 3073 861 3147 septimo
882 3074 938 3129 in
957 3071 1149 3128 medio
1168 3072 1441 3128 Romanae
1464 3070 1628 3128 urbis
1651 3072 1775 3127 foro
1798 3070 2051 3127 decolla-

394 3167 491 3223 tus
532 3168 644 3237 est,
690 3162 919 3220 insidiis
957 3160 1256 3232 cujusdam
1297 3159 1591 3231 Ottbonis,
1626 3161 1722 3231 qui
1757 3164 1889 3233 post
1917 3174 2046 3217 eum

394 3253 648 3327 arripuit
699 3266 941 3323 regnum
992 3251 1085 3321 (cf.
1121 3252 1294 3309 Onos.
1330 3264 1429 3321 vn,
1460 3254 1493 3307 8
1523 3250 1603 3306 Η.
1636 3251 1761 3322 m.).

412 3410 419 3417 η
460 3354 625 3405 Ottho.
1524 3364 1533 3371 ‘

466 3435 677 3492 Lucius
730 3431 930 3501 Ottho,
982 3430 1195 3489 occisis
1250 3429 1430 3485 Galba
1461 3433 1521 3487 et
1552 3429 1782 3499 Pisone,
1836 3428 2048 3487 invasit

395 3523 704 3595 imperium
746 3523 1158 3590 Romanorum,
1199 3523 1471 3576 ortusex
1501 3519 1678 3590 opido
1722 3518 2051 3591 Ferentino,

396 3617 662 3669 materno
691 3624 907 3680 genere
939 3609 1195 3666 nobilior
1225 3623 1395 3679 quam
1426 3613 1694 3679 paterno,
1729 3612 1941 3666 neutro
1973 3614 2053 3665 ta-

397 3715 525 3757 men
557 3701 845 3767 obscuro;
876 3699 931 3753 in
961 3697 1188 3768 privata
1211 3697 1332 3754 vita
1357 3695 1570 3768 mollis,
1603 3697 1966 3770 maximeque
1996 3698 2054 3755 in

399 3788 794 3848 adolescentia
824 3787 1012 3859 turpis
1036 3793 1094 3844 et
1116 3784 1443 3842 Neronis‘“
1458 3785 1780 3857 familiaris,
1802 3786 1859 3843 in
1878 3788 2057 3859 impe-

396 3879 485 3937 rio
503 3894 644 3935 vero
664 3877 1076 3934 documentum
1095 3875 1186 3932 sui
1206 3890 1318 3931 non
1340 3876 1527 3947 potuit
1554 3876 1885 3933 ostendere.
1914 3876 2054 3934 Nam

397 3984 527 4027 cum
552 3968 781 4024 hisdem
806 3964 1170 4037 temporibus
1192 3965 1405 4035 quibus
1424 3966 1602 4022 Ottho
1621 3966 1857 4023 Galbam
1875 3965 1944 3999 ‘1‘
1961 3981 2058 4025 oc.

398 4063 642 4131 ciderat,
667 4062 842 4117 etiam
862 4059 1130 4116 Vitellius
1150 4075 1179 4115 a
1199 4060 1554 4117 Germanicis
1577 4061 1938 4119 exercitibus
1957 4061 2060 4117 im-

398 4156 638 4225 perator
657 4152 849 4206 factus
871 4153 1047 4220 esset,
1073 4148 1285 4206 bellum
1312 4153 1515 4206 contra
1539 4149 1834 4207 Vitellium
1861 4164 2061 4208 susce-

399 4247 519 4314 pto,
558 4240 751 4297 tribus
781 4238 1007 4296 levibus
1050 4238 1270 4311 praeliis
1314 4238 1492 4297 Ottho
1521 4237 1590 4273 “7
1618 4240 1809 4297 victor
1836 4239 2056 4326 extitit,

398 4346 514 4388 uno
544 4330 698 4403 apud
720 4328 917 4401 Alpes,
945 4327 1059 4385 alio
1082 4327 1239 4385 circa
1260 4328 1641 4400 Placentiam,
1676 4329 1862 4387 tercio
1893 4328 2059 4387 circa

395 4435 587 4492 locum
611 4434 780 4491 quem
807 4419 1078 4476 Castores
1106 4424 1350 4487 vocant;
1385 4423 1598 4490 quarto
1621 4433 1753 4476 cum
1779 4418 1935 4490 apud
1959 4417 2060 4474 Be-

396 4510 646 4578 zriacum
675 4509 731 4565 in
763 4508 931 4565 Italia
961 4507 1154 4564 victus
1183 4512 1347 4563 esset
1377 4507 1493 4563 levi
1527 4507 1752 4579 praelia,
1789 4506 2058 4577 ingentes

2081 3225 2130 3288 C

2159 586 2258 642 bili
2290 592 2458 643 ortus
2499 586 2593 656 (cf.
2630 587 2803 644 Onos.
2843 588 2878 645 Ζ.
2915 589 2999 659 2.).
3045 589 3182 644 Nam
3220 594 3388 659 pater
3428 591 3555 661 ejus
3598 592 3806 649 Lucius

2157 674 2429 731 Vitellius
2460 691 2570 731 non
2602 677 2908 733 admodum
2942 676 3100 733 clare
3132 682 3300 734 natus
3327 684 3435 748 est,
3464 685 3587 736 tres
3612 684 3801 737 tamen

2155 764 2486 820 ordinarios
2534 767 2799 832 gesserat
2850 765 3212 823 consulatus.
3259 767 3359 835 (Η.
3393 769 3465 824 R.
3498 773 3556 824 ct
3586 769 3668 824 Η.
3698 772 3802 840 an.)

2157 854 2259 909 llic
2288 868 2417 911 cum
2455 854 2638 910 multo
2669 854 2956 911 dedecore
2987 856 3312 928 imperavit,
3366 857 3542 914 multa
3593 860 3802 915 sevitia

2153 943 2487 1015 ceterisque
2512 944 2671 1000 vitiis
2694 944 2989 1015 notabilis,
3013 945 3256 1001 maxime
3280 946 3533 1016 ingluvie
3552 951 3615 1003 et
3637 962 3804 1004 vora-

2156 1032 2356 1102 citate,
2393 1031 2608 1105 quippe
2636 1034 2733 1103 qui
2765 1033 2835 1089 dc
2867 1034 2961 1090 die
2990 1038 3200 1104 quarto
3226 1035 3321 1090 vel
3352 1035 3553 1105 quinto
3576 1050 3717 1108 sepe
3736 1035 3804 1069 ‘“

2157 1121 2345 1177 fertur
2389 1121 2684 1192 epulatus.
2734 1123 3045 1179 Notissima
3093 1126 3255 1179 certe
3303 1138 3464 1180 coena
3505 1127 3800 1182 memoria:

2156 1208 2426 1265 mandata
2444 1214 2553 1279 est,
2577 1226 2744 1280 quam
2764 1212 2813 1266 ei
2839 1210 3128 1281 Vitellius,
3152 1212 3330 1268 frater
3348 1213 3493 1284 ejus,
3510 1214 3798 1284 exhibuit,

2158 1299 2213 1355 in
2247 1314 2358 1370 qua
2391 1314 2569 1371 super
2599 1303 2832 1358 ceteros
2860 1306 3127 1372 sumptus
3149 1301 3263 1357 duo
3285 1302 3438 1357 milia
3462 1302 3712 1373 piscium
3742 1308 3799 1358 et

2156 1393 2379 1459 septem
2406 1388 2561 1445 milia
2587 1389 2960 1445 avicellorum
2985 1388 3054 1422 δι’
3077 1390 3342 1461 apposita
3374 1395 3528 1447 sunt.
3560 1391 3797 1448 Interim

2157 1477 2544 1548 Vespasianus
2562 1477 3002 1533 Hierosolimam
3021 1478 3313 1548 obsidens,
3340 1478 3533 1536 audita
3558 1481 3800 1537 Neronis

2158 1570 2365 1635 morte,
2391 1581 2420 1621 a
2447 1565 2732 1622 militibus
2764 1566 3082 1637 imperator
3111 1572 3345 1624 creatus
3373 1571 3484 1624 est.
3520 1567 3684 1635 Quod
3707 1584 3802 1626 au-

2158 1652 2324 1710 diens
2356 1652 2645 1723 Vitellius,
2682 1655 2977 1724 Sabinum,
3014 1656 3251 1712 fratrem
3282 1655 3641 1727 Vespasiani,
3671 1671 3798 1714 cum

2158 1741 2359 1801 multis
2392 1741 2524 1799 aliis
2553 1743 2607 1797 in
2641 1743 2928 1814 Capitolio
2962 1744 3198 1800 incenso
3230 1744 3541 1801 interfecit.
3575 1745 3740 1802 Unde
3769 1762 3797 1802 a

2160 1831 2445 1888 militibus
2475 1831 2813 1903 Vespasiani
2837 1833 2944 1889 sub
2968 1833 3148 1890 muris
3170 1833 3339 1889 Urbis
3370 1832 3565 1891 habito
3598 1834 3799 1907 praelia

2160 1926 2494 1991 superatus,
2521 1936 2650 1977 cum
2676 1921 2730 1976 in
2756 1921 3040 1991 quandam
3065 1921 3332 1979 cellulam
3364 1923 3578 1994 palatio
3614 1924 3799 1995 proxi-

2160 2022 2309 2065 mam
2359 2023 2422 2064 se
2471 2009 2883 2080 contrusissct,
2940 2010 3193 2081 turpiter
3250 2011 3381 2067 inde
3442 2018 3796 2083 protractus,

2158 2096 2374 2153 vinctis
2420 2103 2558 2169 post
2605 2103 2835 2167 tergum
2888 2100 3173 2166 manibus,
3216 2100 3550 2170 resupinato
3584 2102 3797 2171 capite,

2157 2184 2354 2255 gladio
2385 2186 2458 2243 ad
2492 2191 2748 2244 mentum
2779 2187 3106 2259 subposito,
3138 2203 3243 2259 per
3276 2189 3460 2245 forum
3484 2189 3552 2244 ad
3578 2195 3803 2261 specta-

2158 2274 2353 2331 culum
2391 2274 2547 2345 vulgi
2580 2276 2842 2341 ducitur;
2884 2276 3199 2348 multisque
3235 2277 3457 2335 ﬁrmum
3488 2281 3546 2335 et
3577 2293 3799 2335 coenam

2160 2363 2215 2419 in
2252 2363 2454 2420 faciem
2474 2364 2602 2434 ejus
2629 2365 3018 2436 mittentibus,
3051 2366 3289 2422 minutis
3312 2366 3525 2423 ictibus
3546 2367 3803 2423 excarni-

2162 2452 2386 2524 ficatus,
2421 2467 2571 2510 unco
2596 2453 2727 2510 inde
2748 2453 3006 2511 trahitur
3027 2458 3086 2511 et
3110 2454 3164 2511 in
3185 2456 3447 2526 Tyberim
3478 2456 3799 2527 projicitur,

2158 2555 2307 2596 anno
2362 2542 2555 2597 aetatis
2586 2548 2700 2611 57°,
2740 2543 2964 2613 imperii
3013 2548 3204 2600 autem
3256 2558 3446 2600 mense
3476 2548 3555 2602 8°.
3593 2544 3802 2617 (Πιειι.)

2162 2630 2226 2685 Hi
2260 2635 2383 2688 tres
2416 2638 2549 2703 post
2581 2633 2861 2687 Neronem
2906 2637 3224 2703 rapuerunt
3268 2633 3592 2704 imperium,
3628 2633 3799 2690 Galba

2162 2719 2216 2773 in
2250 2720 2559 2792 liyspania,
2597 2735 2711 2790 quo
2745 2720 2962 2777 missus
2991 2727 3118 2778 erat
3148 2736 3279 2777 cum
3312 2722 3592 2791 exercitu,
3629 2723 3800 2778 Ottho

2158 2809 2372 2880 Roma),
2400 2808 2668 2866 Vitellius
2692 2810 2748 2866 in
2772 2810 3094 2882 Germania,
3121 2818 3626 2883 regnaveruntque
3653 2827 3797 2868 anno

2159 2911 2275 2954 uno
2306 2902 2362 2955 et
2398 2899 2696 2956 mensibus
2727 2914 2847 2956 sex.
2881 2930 2952 2940 —
2982 2900 3300 2957 Antiochia}
3332 2900 3623 2959 secundus
3650 2901 3799 2957 ordi-

2161 2991 2334 3044 natur
2363 2987 2679 3060 episcopus
2707 2988 2988 3059 lgnatius.

2159 3086 2285 3135 Anni
2317 3085 2610 3149 Vespasiani.

2234 3169 2396 3222 Anno
2418 3167 2730 3226 Dominicae
2755 3168 3176 3226 incarnationis
3197 3173 3283 3237 '72,
3305 3170 3374 3226 ab
3396 3169 3549 3227 Urbe
3571 3170 3796 3228 condita

2161 3258 2284 3312 822.
2317 3256 2711 3328 Vespasianus
2736 3258 2789 3312 in
2813 3257 3068 3314 Iudaeam
3092 3272 3121 3314 a
3148 3259 3367 3316 Nerone
3389 3274 3518 3316 cum
3540 3260 3800 3317 exercitu

2163 3344 2398 3415 missus,
2430 3351 2728 3418 comperta
2754 3352 2939 3404 morte
2962 3347 3226 3419 Neronis,
3251 3347 3327 3404 ab
3342 3348 3605 3406 exercitu
3633 3348 3795 3420 impe

2162 3438 2326 3492 rator
2358 3434 2636 3501 efficitur;
2682 3436 3043 3507 dimissoque
3072 3437 3197 3493 Tito
3236 3437 3352 3493 ﬁlio
3385 3452 3492 3495 suo
3524 3438 3579 3493 in
3610 3437 3800 3495 Judzea

2167 3524 2236 3580 ab
2253 3524 2632 3581 obsidendam
2654 3524 3119 3598 Hierosolimam,
3136 3527 3258 3599 ipse
3280 3543 3382 3599 per
3402 3526 3799 3584 Alexandriam

2166 3614 2467 3687 profectus
2497 3619 2587 3671 est
2617 3615 2873 3685 Romam,
2910 3615 3028 3685 ubi,
3065 3621 3306 3687 accepto
3342 3616 3602 3688 imperio,
3632 3617 3802 3689 septi-

2167 3717 2293 3760 mus
2344 3704 2492 3774 (220)
2542 3704 2614 3760 ab
2665 3706 2947 3774 Augusto,
2981 3705 3243 3775 regnavit
3279 3705 3445 3761 annis
3472 3707 3532 3771 9;
3562 3706 3799 3764 obscure

2168 3791 2399 3864 quidem
2428 3797 2601 3850 natus
2635 3794 2836 3863 (H.171.
2864 3797 2919 3850 et
2945 3795 3023 3850 H.
3051 3794 3173 3865 12.),
3205 3793 3306 3851 sed
3336 3793 3422 3849 vir
3440 3794 3674 3851 militari
3692 3795 3800 3852 vir-

2167 3886 2294 3938 tute
2327 3882 2643 3955 precipuus
2665 3890 2723 3938 et
2749 3881 2986 3954 optimis
3007 3882 3449 3954 comparandus,
3477 3887 3678 3955 utpote
3707 3883 3797 3955 qui

2170 3985 2200 4028 a
2237 3971 2476 4029 Claudio
2508 3972 2724 4028 missus
2755 3971 2812 4026 in
2845 3972 3228 4042 Germaniam,
3266 3973 3473 4029 deinde
3503 3973 3557 4029 in
3589 3973 3799 4029 Britano

2169 4061 2321 4118 niam
2342 4058 2430 4131 “°,
2457 4060 2659 4118 tricies
2688 4065 2747 4116 et
2783 4061 2870 4117 bis
2893 4076 3023 4118 cum
3055 4061 3222 4118 hoste
3253 4062 3509 4119 conﬂixit
3542 4061 3800 4119 multum-

2171 4165 2280 4223 que
2309 4151 2567 4207 Romano
2599 4150 2850 4223 imperio
2882 4149 3111 4220 adjecit.
3146 4151 3326 4208 Hicin
3349 4152 3589 4224 imperio
3617 4150 3799 4208 mode-
3830 4215 3837 4220 I

2171 4245 2295 4296 rate
2324 4253 2388 4296 se
2419 4238 2619 4309 gessit.
2651 4240 2810 4297 Inter
2838 4244 3037 4297 cetera
3063 4254 3310 4313 namque
3342 4239 3487 4298 bona
3517 4242 3661 4297 hanc
3679 4255 3800 4311 gra-

2170 4330 2309 4386 tiam
2342 4328 2565 4399 habuit,
2602 4333 2665 4386 ut
2698 4329 3041 4387 inimicicias
3074 4330 3128 4386 in
3159 4331 3337 4387 corde
3367 4344 3478 4387 non
3508 4330 3797 4399 retineret,

2173 4419 2228 4475 in
2250 4422 2479 4476 tantum
2503 4422 2566 4475 ut
2590 4418 2764 4476 filiam
2789 4419 3039 4491 predicti
3071 4418 3290 4476 Vitellii
3312 4412 3523 4477 inimici
3546 4420 3656 4490 sui,
3688 4434 3800 4475 mu-

2174 4508 2273 4565 ltis
2301 4508 2559 4565 dotatam
2603 4508 2847 4579 divitiis,
2889 4508 3256 4566 nobilissimo
3296 4508 3555 4566 traderet
3580 4509 3795 4565 marito.

392 4603 588 4656 tamen
618 4598 819 4669 copias
852 4597 1074 4654 habens
1098 4595 1171 4652 ad
1193 4595 1429 4668 bellum,
1456 4599 1665 4669 sponte
1698 4599 1881 4652 semet
1904 4595 2059 4653 occi-
2084 4589 2140 4655 D
2170 4596 2275 4655 Hic
2303 4611 2434 4655 cum
2458 4596 2529 4653 ab
2552 4598 2754 4656 amicis
2783 4604 3119 4656 moneretur
3140 4596 3208 4631 ⁸²¹
3233 4602 3293 4655 ut
3316 4602 3546 4656 caveret
3579 4614 3638 4655 se
3659 4613 3690 4654 a
3708 4599 3801 4655 Ta-

393 4688 499 4762 dit,
526 4691 621 4745 38°
642 4686 838 4744 aetatis
867 4700 1016 4744 anno
1050 4689 1369 4755 transacto,
1393 4687 1490 4741 95°
1512 4685 1739 4758 imperii
1761 4684 1874 4757 die,
1899 4684 2058 4743 scili-

394 4783 488 4836 cet
520 4790 720 4835 mense
751 4779 831 4834 4ο.
869 4775 974 4832 Hic
1008 4773 1266 4849 propriis
1305 4772 1593 4831 militibus
1630 4777 1749 4831 tam
1788 4773 2055 4833 amabilis

394 4868 524 4939 fuit,
560 4873 627 4927 ut
658 4866 943 4940 plerique,
994 4867 1125 4920 viso
1170 4864 1298 4934 ejus
1347 4878 1598 4936 corpore
1648 4869 1897 4937 mortuo,
1933 4863 2055 4924 suis

393 4957 662 5016 manibus
694 4954 1028 5013 interirent.

462 5056 707 5106 Vitellius.

463 5134 762 5207 Vitellius,
785 5134 1026 5192 Romam
1049 5130 1240 5190 vietor
1261 5131 1579 5207 ingressus,
1598 5134 1656 5193 vi
1670 5134 1929 5193 Romano
1953 5149 2052 5208 po-

2170 4687 2348 4744 metio
2402 4687 2810 4759 Pomposiano,
2838 4688 2908 4745 de
2934 4702 3049 4759 quo
3073 4703 3262 4744 sermo
3293 4688 3635 4758 vulgabatur
3657 4688 3800 4758 quod

2170 4770 2522 4847 regnaturus
2540 4782 2719 4849 esset,
2743 4777 3045 4834 consulem
3071 4777 3231 4834 illum
3258 4777 3411 4848 fecit,
3433 4775 3802 4846 alludenstali

2167 4864 2378 4923 cavillo
2412 4885 2425 4921 :
2462 4865 2710 4932 Quando
2746 4880 2998 4938 regnum
3024 4867 3325 4938 acceperit
3350 4866 3518 4937 ,talis
3549 4863 3804 4937 ὀρθωΜὶ

2163 4968 2376 5013 memor
2403 4955 2537 5012 erit.
2568 4954 2802 5012 Talibus
2831 4969 2969 5027 sepe
2997 4955 3195 5012 verbis
3219 4953 3579 5025 jocularibus
3610 4953 3806 5011 amico-

2164 5060 2292 5103 rum
2324 5044 2441 5103 iras
2472 5044 2747 5117 placavit.
2804 5044 3061 5117 Cumque
3108 5044 3345 5101 Romam
3387 5044 3674 5102 incendiis
3700 5044 3805 5101 rui-

2162 5135 2371 5207 nisque
2390 5133 2699 5192 veteribus
2721 5133 3067 5192 destitutam
3094 5137 3416 5207 repararet,
3436 5147 3508 5192 ac
3529 5132 3806 5191 multare-

1786 5250 2024 5307 VARLE
2071 5251 2469 5309 LECTlONES.

461 5357 531 5395 ⁸⁸⁸
562 5374 609 5416 s.
646 5356 810 5414 dicto
842 5357 1036 5429 590,
1087 5350 1158 5387 ⁸¹⁸
1187 5353 1633 5429 Neronis
1681 5355 1883 5429 neroni
1931 5360 2008 5413 9°.
2061 5357 2263 5429 aerom'
2313 5356 2390 5414 μ’.
2470 5354 2539 5392 ⁸²⁶
2568 5356 2799 5429 galbam
2848 5357 3018 5416 ottho
3066 5362 3115 5415 5.
3196 5355 3266 5393 ⁸⁸⁷
3297 5357 3436 5417 otho
3486 5357 3650 5418 codd.
3681 5357 3734 5417 λ.
3766 5359 3800 5415 l.

394 5428 471 5467 ⁸¹⁸
501 5430 670 5490 deest
690 5434 766 5487 9°.
845 5425 915 5462 “'
944 5425 1139 5485 avium
1168 5427 1247 5484 1b.
1287 5433 1370 5486 11.
1447 5427 1519 5463 ⁵²⁰
1550 5426 1927 5486 britthaniam
1954 5430 2010 5483 δ.
2088 5427 2158 5462 ⁸³¹
2177 5429 2393 5503 pergit
2416 5429 2463 5486 E
2493 5434 2544 5487 1.

464 5623 714 5703 (220)__ln
744 5624 836 5685 his
864 5626 1129 5689 numeris
1158 5622 1537 5684 Ekkehardus
1565 5621 1850 5697 deinceps
1880 5532 2616 5701 Hicfoggfmmvsequitur,
2648 5640 2723 5685 ex
2752 5640 2873 5699 quo
2906 5626 3083 5686 etiam
3119 5625 3283 5703 regni
3315 5640 3497 5686 annos
3518 5632 3580 5686 et
3605 5641 3782 5687 menso

396 5699 687 5758 enotavit.
1474 5732 1477 5737 ν
