3932 6406
185 383 302 444 677

1054 382 1488 447 CHRONICA.
1539 419 1607 430 —
1635 373 2112 480 CHRONIQON
2158 383 2711 449 UNIVERSALE.

184 533 298 589 gno
331 520 589 576 Romano
621 518 921 589 adjiciens,
955 532 1084 574 cum
1117 519 1244 574 Tito
1279 517 1398 575 ﬁlio
1429 517 1499 574 de
1530 517 1828 590 superatis
1859 519 1914 579 A
1947 516 2200 584 Quadam
2251 520 2449 590 itaque
2497 519 2591 575 die
2623 519 2758 575 dum
2779 517 2846 551 ⁸²⁷
2876 517 3294 577 recordaretur
3321 535 3378 577 1n
3424 537 3588 580 coena

182 607 402 664 Iudaeis
425 607 837 679 triumpharet,
857 597 1202 679 cunctisque
1226 606 1490 664 amabilis
1514 607 1826 663 existeret:

187 697 467 766 profluvio
496 697 720 753 ventris
784 699 991 760 fessus.
1028 698 1084 752 in
1116 697 1251 752 villa
1284 697 1520 768 propria
1551 697 1707 753 circa
1737 694 1832 752 Sa-

184 785 353 841 binos
384 785 630 852 interiit,
664 801 812 842 anno
843 786 1036 842 astatis
1063 785 1129 818 ⁸³³
1155 789 1245 841 79.

253 878 338 931 26.
374 880 424 930 1.
459 873 623 944 (0hr.
691 875 946 931 W.—H.
997 878 1100 946 τη.)
1134 875 1312 947 Cujus
1335 889 1483 932 anno
1531 873 1716 946 primo
1747 872 1833 927 Ti-

181 967 298 1033 tus,
336 962 487 1019 filius
515 963 660 1033 ejus,
688 964 920 1020 Iudaeos
961 963 1334 1020 inenarrabili
1367 963 1512 1019 fame
1544 958 1829 1019 cruciavit

179 1052 476 1122 obsessos,
493 1067 762 1123 premens
775 1053 1136 1109 eosdiversis
1152 1051 1382 1108 bellicis
1399 1048 1826 1108 instrumentis.

249 1145 299 1194 2.
329 1143 491 1197 Anno
542 1142 848 1198 dominicze
879 1141 1298 1197 incarnationis
1342 1144 1429 1196 73.
1468 1135 1829 1195 Hierusalem

179 1242 209 1283 a
241 1229 367 1284 Tito
399 1231 645 1300 capitur,
691 1246 801 1287 non
836 1230 961 1286 sine
993 1231 1175 1287 multo
1233 1244 1467 1286 suorum
1523 1226 1826 1296 sanguine,

178 1319 578 1389 subversaque
609 1319 868 1387 civitate,
915 1323 1018 1375 600
1042 1317 1276 1374 miliam
1293 1318 1623 1374 Iudaeorum
1651 1315 1830 1370 inter-

180 1406 337 1476 fecit,
373 1412 436 1462 ut
460 1405 755 1463 Cornelius
777 1413 837 1463 et
879 1407 1192 1464 Suetonius
1223 1409 1500 1463 referunt.
1536 1403 1828 1474 Iosephus

177 1510 336 1565 vero,
360 1497 455 1567 qui
488 1502 544 1552 et
577 1497 870 1568 Josippus,
906 1512 1056 1552 unus
1087 1512 1158 1554 ex
1205 1495 1437 1564 Iudaeis,
1471 1495 1568 1565 qui
1601 1494 1652 1549 ei
1691 1497 1826 1548 tunc

179 1584 333 1640 bello
360 1587 596 1656 prefuit,
649 1586 856 1641 scribit
881 1586 1154 1642 undecies
1187 1590 1430 1641 centena
1493 1582 1648 1638 milia
1681 1580 1826 1639 fame

177 1674 408 1745 perisse
455 1679 512 1730 et
535 1674 750 1745 gladio,
784 1680 842 1730 et
877 1679 1111 1732 centum
1147 1673 1303 1730 milia
1335 1672 1694 1744 captivorum
1726 1684 1828 1741 pu-

177 1761 328 1818 blice
359 1763 705 1820 venundata.
747 1763 958 1836 (HIER.)
992 1766 1281 1819 Utautem
1314 1766 1474 1818 tanta
1509 1757 1824 1816 multitudo

175 1851 570 1908 Hierosolimis
600 1853 984 1924 reperiretur,
1027 1866 1260 1909 causam
1295 1852 1610 1908 azimorum
1645 1847 1825 1903 fuisse
1855 1881 1909 1942 B

177 1941 382 2014 refert,
408 1942 481 1996 ob
507 1956 634 2011 quae
649 1955 720 1996 ex
742 1942 893 1999 omni
909 1947 1081 2010 gente
1103 1940 1434 1997 Iudaeorum
1455 1938 1524 1995 ad
1547 1934 1825 2006 templum

174 2029 557 2100 confluentes,
589 2030 730 2086 urbe
771 2030 933 2101 quasi
957 2043 1197 2085 carcere
1220 2033 1356 2086 sunt
1380 2025 1611 2084 inclusi.
1649 2025 1830 2095 Opor-

171 2116 286 2174 tuit
313 2119 463 2173 enim
487 2122 548 2174 ut
583 2117 805 2174 hisdem
833 2117 1043 2174 diebus
1069 2118 1300 2188 pascha
1334 2115 1828 2204 interficerentur,

173 2204 227 2260 in
241 2204 311 2238 ⁵²⁴
326 2206 537 2276 quibus
559 2205 919 2263 Salvatorem
944 2207 1390 2272 interfecerunt,
1413 2203 1720 2273 Colligitur
1735 2203 1833 2255 au.

170 2296 285 2350 tem
310 2310 478 2351 omne
524 2299 760 2366 tempus
796 2295 850 2351 in
887 2295 1202 2352 secundum
1245 2309 1454 2351 annum
1490 2287 1828 2364 Vespasiani

172 2385 227 2438 et
254 2384 695 2440 subversionem
745 2384 1269 2440 Hierosolimorum
1297 2381 1670 2440 novissimam
1702 2394 1732 2434 a
1764 2383 1830 2435 15

173 2487 319 2529 anno
343 2472 570 2543 Tybcrii
603 2473 842 2530 caesaris
865 2475 1015 2530 etab
1038 2473 1282 2530 oxordio
1315 2469 1672 2541 evangelicae
1701 2481 1828 2540 pre-

172 2559 482 2618 dicationis
530 2562 660 2616 anni
695 2565 780 2632 42,
836 2576 866 2617 a
897 2562 1239 2634 captivitate
1299 2566 1492 2617 autem
1552 2572 1722 2630 quam
1757 2557 1827 2613 ab

174 2650 460 2705 Antiocho
486 2650 643 2720 passi
669 2657 809 2706 sunt
845 2651 1030 2707 Judaei
1055 2650 1186 2705 anni
1223 2649 1479 2718 ducenti,
1506 2663 1536 2704 a
1569 2644 1827 2704 secundo

171 2752 318 2794 anno
346 2738 523 2809 Darii,
584 2753 698 2809 quo
760 2739 1229 2796 rezediflcabatur
1288 2736 1587 2810 templum,
1623 2738 1762 2802 590;
1794 2749 1824 2790 a

171 2827 356 2900 prima
415 2842 554 2884 vero
603 2827 672 2862 ⁸³⁵
718 2828 1106 2885 aedificatione
1161 2829 1270 2885 sub
1324 2827 1631 2884 Salomone
1690 2824 1822 2881 anni

172 2920 324 2973 1102.

238 3010 287 3062 3.
325 3008 390 3062 A.
421 3006 483 3061 Ι).
518 3008 605 3061 74.
667 3006 1057 3080 Vespasianus
1110 3004 1456 3078 Capitolium
1511 3003 1692 3076 coepit
1737 3017 1823 3058 re-

169 3092 478 3152 aedificare.

238 3185 288 3238 4.
321 3185 388 3238 Α.
423 3183 488 3237 Ι).
524 3185 610 3251 75,
647 3181 866 3239 Seditio
900 3183 956 3240 in
985 3182 1344 3240 Alexandria
1375 3186 1503 3238 orta
1528 3186 1639 3237 est.

239 3275 288 3328 5.
321 3274 388 3328 Α.
424 3273 486 3328 D.
523 3275 610 3328 76.
656 3271 936 3328 Colossus
965 3278 1199 3328 erectus
1231 3276 1340 3342 .st,
1378 3271 1601 3327 habens
1627 3267 1824 3326 altitu-

171 3361 362 3418 dinem
395 3361 608 3433 pedum
637 3366 872 3418 centum
903 3365 959 3418 et
988 3367 1233 3434 septem.

247 3455 297 3508 6.
331 3451 501 3521 (ΟΜ.
543 3453 650 3524 W.)
676 3455 739 3508 A.
771 3453 833 3508 D.
869 3454 956 3507 77.
987 3451 1274 3523 Iosephus
1298 3447 1826 3521 hystoriographus

179 3539 408 3598 claruit.

247 3634 296 3688 7.
334 3630 545 3701 (Ηιειι.)
581 3632 643 3687 Α.
683 3633 861 3687 0.78.
922 3631 1060 3687 Tres
1117 3629 1390 3687 civitates
1452 3626 1606 3699 Cipri
1670 3630 1827 3681 terre

179 3725 336 3777 motu
365 3726 738 3777 corruerunt.

243 3813 295 3866 8.
328 3813 391 3866 A.
426 3810 488 3864 D.
519 3812 604 3864 79.
641 3808 978 3865 Pestilentia
1013 3810 1207 3864 Romze
1242 3812 1401 3864 tanta
1428 3808 1577 3862 facta
1612 3809 1723 3875 est,
1761 3809 1823 3862 ut

177 3898 324 3956 intra
356 3913 472 3955 non
506 3897 719 3954 multos
747 3897 872 3954 dies
906 3898 1103 3954 decem
1144 3899 1322 3953 ferme
1344 3895 1498 3952 milia
1533 3894 1825 3951 hominum

179 3991 562 4055 morerentur,

244 4079 295 4132 9.
331 4079 394 4132 A.
428 4077 490 4130 D.
526 4079 618 4132 80.
660 4076 1046 4147 Vespasianus
1083 4074 1366 4146 proﬂuvio
1395 4073 1618 4130 ventris
1677 4087 1828 4128 mor-

179 4169 315 4222 tuus
348 4170 460 4223 est.

266 4263 392 4312 Anni
424 4263 536 4315 Titi.

247 4344 347 4414 (H.
373 4344 450 4400 R.
474 4347 533 4398 et
555 4342 632 4397 Η.
652 4343 756 4410 m.)
785 4343 944 4396 Anno
967 4337 1717 4396 Dominiczeincarnationis
1733 4335 1821 4409 81,

177 4432 247 4489 ab
271 4434 421 4489 Urbe
442 4430 674 4488 condita
716 4432 838 4501 831,
871 4429 1053 4498 Titus,
1088 4427 1423 4498 Vespasiani
1454 4432 1511 4483 et
1563 4427 1823 4483 Domitil-

177 4519 245 4578 lae
276 4521 450 4590 illius,
485 4523 723 4577 octavus
753 4520 825 4574 ab
857 4520 1141 4587 Augusto,
1175 4516 1481 4585 imperium
1531 4516 1816 4588 suscepit,

1944 605 2096 674 quod
2120 620 2184 661 ea
2208 604 2300 662 die
2333 605 2477 663 nulli
2523 607 2830 678 quicquam
2866 607 3246 678 prestitisset,
3270 609 3416 665 dixit
3450 612 3595 668 assi-

1943 691 2218 750 dentibus
2243 714 2253 748 :
2278 695 2490 758 Amici.
2525 695 2698 752 Ιιοίίἱε
2730 696 2883 752 diem
2902 695 3168 766 perdidi.
3206 699 3367 753 Anno
3399 703 3593 757 autem

1940 782 2134 837 aetatis
2147 797 2267 838 suae
2288 787 2382 838 42°
2403 783 2546 839 obiit
2574 783 2626 838 in
2653 785 2850 839 eadem
2871 782 3005 839 villa
3032 799 3142 854 qua
3168 790 3227 840 et
3250 790 3419 857 pater
3440 789 3596 858 ejus.

1940 870 2155 926 Tantus
2183 887 2323 928 vero
2353 871 2622 944 planctus
2657 873 2762 928 fuit
2795 873 2850 927 in
2885 873 3027 929 urbe
3060 873 3238 930 Roma
3272 891 3378 946 pro
3401 883 3589 934 morte

1939 958 2087 1030 ejus,
2127 963 2290 1032 quasi
2321 963 2563 1034 orphani
2602 962 3074 1034 relinquerentur
3106 978 3135 1019 a
3169 969 3354 1036 patre.

2014 1057 2064 1106 1.
2098 1052 2308 1126 (lin-zu.)
2355 1053 2546 1109 Primo
2579 1054 2758 1122 igitur
2792 1053 3018 1124 imperii
3073 1054 3160 1109 sui
3194 1069 3342 1110 anno
3371 1057 3590 1127 amphi-

1942 1139 2232 1197 theatrum
2289 1143 2482 1197 Romae
2539 1141 2872 1211 zediflcavit,
2909 1142 2963 1196 in
2996 1141 3163 1211 cujus
3221 1143 3589 1200 dedicatione

1938 1231 1969 1281 5
2003 1228 2156 1283 milia
2192 1230 2442 1286 ferarum
2475 1229 2544 1263 ⁸³⁸
2575 1229 2821 1286 occidit.

2012 1317 2106 1388 (Η.
2137 1318 2240 1388 m.)
2275 1321 2336 1373 A.
2374 1320 2435 1374 D.
2471 1322 2557 1374 82.
2617 1318 3004 1390 Repentinum
3037 1317 3365 1374 incendium
3393 1321 3590 1378 Romae

1939 1419 2042 1477 per
2072 1407 2330 1463 triduum
2365 1408 2490 1463 fuit.
2547 1407 2876 1464 Secundum
2897 1407 2964 1440 ⁸³⁸
2986 1407 3459 1465 aecclesiasticam
3495 1410 3594 1482 hy-

1938 1495 2179 1550 storiam
2213 1496 2364 1565 (Eus.
2414 1498 2490 1552 Η.
2545 1512 2590 1554 e.
2655 1513 2733 1566 ιιι,
2770 1501 2854 1567 12,
2924 1499 3028 1568 14),
3094 1497 3372 1554 defuncto
3428 1499 3588 1570 Lino,

1938 1584 2253 1640 Anacletus
2285 1585 2590 1642 ordinatur
2635 1601 2803 1656 papa,
2838 1585 3108 1656 seditque
3141 1599 3324 1642 annos
3360 1591 3453 1654 12;
3489 1589 3589 1646 sed

1937 1670 2036 1726 alii
2067 1672 2176 1728 hoc
2208 1679 2420 1742 negant
2453 1673 2540 1728 δέο.

2010 1762 2173 1816 Αηηο
2195 1761 2500 1817 Dominicae
2527 1761 2944 1817 incarnationis
2965 1763 3051 1831 83,
3075 1761 3146 1817 ab
3170 1762 3323 1818 Urbe
3357 1763 3588 1820 condita

1937 1849 2059 1914 833,
2090 1849 2480 1918 Domicianus,
2560 1849 2894 1920 Vespasiani
2933 1854 2992 1904 et
3049 1850 3356 1909 Domitillze
3415 1852 3588 1922 ﬁlius,

1941 1935 2123 1991 frater
2143 1937 2478 2007 Titijunior,
2502 1953 2690 1994 nonus
2713 1939 2784 1994 ab
2811 1940 3097 2009 Augusto,
3125 1955 3368 2008 regnare
3387 1942 3588 2014 erepit,

1941 2028 1998 2078 et
2033 2025 2198 2081 annis
2229 2029 2292 2080 15
2324 2041 2390 2082 ac
2423 2025 2719 2082 mensibus
2753 2041 2852 2082 sex
2885 2026 3166 2096 regnavit.
3204 2027 3303 2095 (Η.
3337 2031 3441 2100 m.)
3475 2031 3591 2086 Iste

1944 2113 2190 2183 primum
2227 2114 2389 2170 finxit
2422 2129 2484 2170 se
2518 2114 2954 2172 misericordem
2988 2123 3047 2170 et
3081 2116 3408 2174 modestum
3437 2133 3588 2189 esse,

1945 2203 2330 2273 moxTyberio
2353 2203 2747 2274 autCaligulae
2779 2203 2868 2259 vel
2901 2205 3114 2260 Neroni
3145 2203 3390 2262 similior
3421 2222 3590 2278 quam

1942 2291 2095 2362 patri
2128 2295 2228 2347 aut
2248 2292 2435 2361 fratri,
2471 2293 2540 2348 ad
2576 2293 2764 2349 omnia
2793 2293 3048 2350 vitorum
3078 2308 3292 2364 genera
3323 2310 3592 2366 progres-

1942 2394 2042 2436 sus
2087 2387 2198 2451 est,
2233 2382 2287 2436 in
2343 2387 2565 2437 tantum
2602 2388 2662 2438 ut
2698 2397 2801 2454 pro
2851 2381 3178 2438 sceleribus
3209 2385 3477 2442 omnibus
3507 2401 3594 2443 se-

1941 2469 2130 2525 cundo
2154 2469 2516 2525 Christianos
2533 2475 3008 2541 persequeretur,
3030 2471 3252 2552 primus
3272 2473 3594 2544 postNero-

1940 2573 2098 2625 nem;
2124 2560 2224 2628 (Η.
2249 2562 2352 2631 m.)
2371 2561 2424 2614 in
2451 2575 2561 2631 qua
2590 2561 2999 2631 persecutione
3019 2561 3335 2618 Iohannem
3359 2568 3593 2634 aposto-

1941 2644 2056 2702 lum
2085 2651 2143 2703 et
2177 2646 2592 2717 evangelistam
2625 2649 2699 2703 ob
2731 2649 3188 2719 predicationem
3217 2650 3380 2706 verbi
3411 2649 3592 2708 divini

1938 2733 1994 2790 in
2024 2735 2298 2793 Pathmos
2330 2736 2578 2793 insulam
2612 2737 2918 2808 relegavit,
2949 2743 3006 2793 et
3047 2737 3298 2794 Flaviam
3333 2737 3590 2795 Domitil—

1937 2821 2068 2896 lam,
2106 2823 2279 2880 ﬁliam
2312 2825 2530 2881 sororis
2556 2825 2734 2881 Flavii
2767 2825 3099 2895 Clementis,
3137 2826 3192 2882 in
3239 2826 3586 2884 Pontianam

1933 2909 2001 2945 ⁸³³
2024 2911 2268 2969 insulam
2287 2930 2417 2970 cum
2442 2914 2642 2970 multis
2672 2915 2801 2972 aliis
2820 2914 3105 2985 exiliavit,
3128 2914 3460 2986 multosque
3492 2930 3592 2973 no-

1937 3000 2084 3057 biles
2111 3017 2182 3057 ex
2205 3003 2476 3059 Romanis
2499 3003 2749 3059 necavit.
2775 3003 2876 3059 Hic
2906 3002 3202 3060 dominum
3236 3019 3300 3060 ac
3330 3005 3501 3061 deum
3526 3019 3588 3062 se

1935 3090 2216 3162 appellari
2248 3092 2540 3164 scribique
2582 3092 2774 3162 jussit,
2811 3091 3146 3163 nullamque
3206 3093 3316 3149 nisi
3352 3109 3588 3152 auream

1933 3179 2024 3235 vel
2060 3185 2390 3251 argenteam
2425 3184 2674 3237 statuam
2704 3180 2814 3237 sibi
2847 3180 2902 3237 in
2926 3179 3145 3252 palatio
3163 3183 3343 3238 statui
3377 3184 3591 3254 permi-

1935 3268 2030 3324 sit.
2056 3270 2117 3324 In
2158 3273 2378 3325 tantam
2427 3285 2564 3325 vero
2614 3269 2826 3326 mentis
2861 3269 3167 3338 segnitiem
3201 3269 3458 3340 devenit,
3499 3277 3582 3342 ut,

1937 3357 2174 3414 remotis
2197 3358 2481 3424 omnibus,
2506 3357 2664 3415 solus
2697 3359 2751 3413 in
2786 3357 3000 3430 palatio
3033 3372 3361 3415 muscarum
3395 3374 3590 3431 perse-

1939 3451 2219 3517 queretur
2243 3447 2485 3517 agmina.
2505 3447 2683 3514 Quem
2700 3463 2830 3504 cum
2847 3447 3077 3517 quidam
3100 3452 3590 3519 percunctaretur

1939 3551 2007 3592 an
2039 3536 2251 3606 aliquis
2283 3541 2437 3592 esset
2469 3537 2523 3592 in
2559 3535 2795 3608 palatio,
2833 3535 3134 3606 reSpondit
3170 3555 3183 3590 :
3242 3536 3334 3594 Ne
3383 3550 3592 3595 musca

1938 3626 2196 3698 quidem.
2236 3628 2490 3698 Cumque
2541 3625 2782 3682 odiosus
2813 3630 2967 3682 esset
3001 3624 3289 3695 omnibus,
3326 3626 3591 3695 conjura-

1937 3714 2097 3771 tione
2129 3730 2366 3772 suorum
2421 3716 2768 3772 interfectus
2797 3720 2888 3770 est
2922 3716 2975 3769 in
3011 3714 3245 3785 palatio,
3284 3716 3500 3771 asscita
3534 3715 3591 3772 in

1937 3803 2245 3862 consilium
2271 3820 2450 3862 uxore
2473 3820 2574 3862 sua
2595 3805 2848 3862 Domicia
2869 3805 2943 3860 ob
2968 3819 3220 3860 amorem
3242 3804 3469 3860 Paridis
3491 3804 3593 3860 hv-

1940 3893 2198 3963 strionis,
2223 3908 2373 3949 anno
2404 3895 2540 3950 vitae
2563 3909 2682 3950 sua)
2732 3897 2846 3949 350.
2882 3895 3074 3950 Funus
3103 3897 3228 3964 ejus
3261 3907 3362 3965 per
3391 3893 3592 3965 vispil-

1939 3981 2267 4038 lionescum
2291 3982 2510 4053 ingenti
2536 3983 2822 4038 dedecore
2847 3987 3218 4053 exportatum
3242 3987 3301 4038 et
3326 3982 3592 4052 ignobili-

1941 4076 2030 4126 ter
2057 4075 2146 4125 est
2176 4071 2490 4142 sepultum,
2526 4077 2880 4140 senatusque
2912 4085 3119 4127 nomen
3153 4070 3280 4140 ejus
3306 4070 3592 4127 abraden-

1939 4160 2072 4215 dum
2096 4158 2162 4192 ⁵³³
2186 4157 2470 4229 decrevit,
2495 4174 2564 4214 ne
2585 4159 2714 4228 quis
2735 4175 2864 4214 eum
2895 4159 3305 4231 imperatorem
3333 4161 3588 4216 nomina-

1939 4251 2047 4303 ret.
2074 4248 2178 4302 Hic
2210 4247 2262 4300 in
2288 4251 2416 4303 arte
2447 4246 2763 4316 sagittandi
2797 4252 2912 4302 tam
2945 4248 3156 4304 doctus
3179 4247 3308 4319 fuit,
3342 4251 3404 4305 ut
3437 4249 3592 4306 inter

1936 4350 2223 4409 expansos
2257 4334 2476 4404 digitos
2506 4333 2756 4391 hominis
2805 4349 2834 4391 a
2868 4333 3039 4405 longe
3069 4336 3282 4393 stantis
3310 4337 3587 4408 sagittam

1934 4426 2384 4483 transmitteret.

2011 4521 2056 4572 1.
2092 4513 2304 4588 (HIER.)
2337 4514 2438 4571 Hic
2467 4512 2653 4586 primo
2676 4525 2822 4569 anno
2844 4527 2949 4570 suo
2972 4513 3276 4570 eunuchos
3303 4514 3426 4570 ﬁeri
3454 4531 3585 4588 pro-

176 4614 233 4665 et
263 4609 495 4667 duobus
519 4609 683 4664 annis
710 4608 1052 4678 duobusque
1085 4607 1382 4662 mensibus
1405 4604 1688 4675 regnavit.
1716 4605 1820 4662 Hic
1848 4597 1903 4660 D
1934 4605 2145 4663 hibuit.

176 4699 346 4756 etiam
376 4699 772 4771 Vespasianus
802 4711 874 4753 ex
905 4696 1134 4752 nomine
1164 4695 1346 4767 patris
1370 4695 1564 4752 dictus
1593 4699 1705 4765 est,
1729 4693 1820 4752 vir

177 4789 231 4845 in
254 4795 504 4860 utraque
528 4787 744 4857 lingua,
770 4786 994 4842 scilicet
1021 4785 1202 4840 Greca
1223 4789 1281 4840 et
1307 4784 1524 4855 Latina,
1554 4783 1820 4840 disertis-

177 4877 372 4949 simus,
411 4876 919 4943 bellicosissimus,
973 4874 1502 4942 modera'fssimus,
1539 4872 1821 4930 omnium-

177 4981 284 5037 que
306 4981 522 5036 genere
543 4966 829 5022 virtutum
845 4963 1151 5032 mirabilis,
1173 4963 1316 5019 adeo
1341 4966 1400 5018 ut
1421 4963 1597 5018 Amor
1628 4966 1687 5018 et
1718 4964 1820 5018 De-

177 5053 313 5112 litize
330 5055 566 5127 generis
605 5053 835 5110 humani
870 5052 1191 5108 diceretur.
1218 5054 1418 5108 Tantae
1448 5066 1587 5108 vero
1609 5049 1677 5083 ⁵³⁸
1708 5051 1819 5109 lar-

173 5146 372 5215 gitatis
401 5148 550 5216 erat,
583 5149 645 5202 ut
679 5143 824 5201 nulli
859 5160 889 5200 a
923 5158 981 5200 se
1014 5142 1233 5214 petenti
1265 5146 1526 5212 negaret.
1557 5143 1818 5215 Dumque

176 5235 702 5308 reprehenderetur
724 5234 796 5290 ab
822 5234 1023 5290 amicis
1040 5247 1144 5289 cur
1174 5233 1284 5289 hoc
1317 5233 1554 5304 faceret,
1581 5245 1822 5305 respon-

175 5323 257 5381 dit
287 5323 511 5383 nullum
571 5323 786 5381 debere
835 5323 908 5379 ab
939 5322 1293 5396 imperatore
1348 5320 1579 5380 tristem
1634 5323 1816 5380 exire.

2001 4699 2052 4752 2.
2079 4694 2246 4766 (σήν.
2294 4693 2400 4766 W.)
2433 4696 2495 4751 A.
2531 4694 2593 4748 Ι).
2626 4695 2712 4749 84.
2765 4692 2927 4750 Titus
2954 4691 3196 4748 decreto
3229 4697 3472 4750 senatus
3502 4694 3592 4752 in.

1930 4791 2021 4843 ter
2056 4786 2197 4843 deos
2228 4787 2557 4856 reputatur.

1999 4879 2050 4930 3.
2087 4874 2299 4946 (Ηιειι.)
2333 4875 2399 4930 Α.
2432 4875 2494 4928 D.
2526 4875 2613 4928 85.
2649 4871 3020 4929 Domicianus
3044 4869 3329 4944 plurimos
3357 4876 3561 4928 senato

1931 4978 2056 5021 rum
2092 4963 2146 5017 in
2181 4961 2421 5018 exilium
2452 4961 2633 5017 mittit
2669 4960 2754 5016 ⁸³³.

2001 5051 2053 5109 4.
2090 5050 2255 5123 (Chr.
2307 5051 2415 5122 W.)
2450 5053 2512 5107 A.
2549 5053 2610 5106 Ι).
2643 5053 2728 5107 86.
2767 5049 3022 5107 Anianus
3041 5049 3267 5121 primus
3288 5053 3422 5122 post
3445 5049 3588 5107 Mar-

1931 5157 2064 5202 cum
2097 5138 2488 5210 Alexandriaa,
2524 5139 2836 5212 epiSCOpus
2855 5139 3020 5209 obiit,
3043 5142 3170 5210 post
3194 5142 3263 5196 22
3284 5138 3590 5211 episcopa-

1933 5239 2032 5290 tus
2059 5231 2152 5288 sui
2187 5243 2418 5287 annum.
2457 5228 2558 5287 Cui
2590 5228 2818 5286 Abilius
2849 5227 3141 5286 secundus
3166 5228 3476 5285 successit.

2002 5325 2052 5378 5.
2091 5319 2304 5391 (Iliam)
2334 5319 2399 5375 A.
2429 5319 2492 5375 Ι).
2525 5319 2610 5374 87.
2672 5316 3022 5384 Quintianus
3047 5315 3138 5392 f”
3169 5331 3242 5373 ex
3297 5317 3588 5390 Hyspania

1521 5458 1758 5515 VABUE
1815 5454 2216 5516 LECTIONES.

237 5560 305 5596 ⁶¹²
337 5575 386 5618 a.
424 5573 526 5618 sue
552 5562 628 5615 9°.
662 5557 900 5614 LXVIII]
931 5557 1027 5614 E1.
1110 5554 1179 5590 ⁸³³
1204 5555 1369 5614 deest
1393 5557 1472 5613 9ο.
1556 5555 1625 5592 ⁸²⁴
1652 5557 1818 5618 deest
1840 5563 1891 5616 5.
1977 5555 2045 5591 ⁵¹³
2067 5560 2260 5615 autem
2284 5557 2334 5609 5.
2419 5549 2488 5584 ⁶²⁶
2517 5549 2679 5608 deest
2704 5553 2780 5606 9°.

2870 5547 2939 5582 “7
2969 5549 3103 5606 dum
3124 5548 3300 5605 —die
3329 5548 3398 5606 in
3423 5561 3585 5606 mar-

164 5633 308 5704 gine
335 5635 398 5688 9°
470 5631 601 5704 “3f.
637 5630 792 5686 milia
812 5634 878 5704 gf),
962 5627 1030 5662 ⁸³³
1060 5627 1477 5704 Secundum_—
1494 5630 1961 5704 negantdescmt
1975 5630 2070 5704 El.“
2119 5625 2189 5704 “f’
2211 5630 2270 5704 9°
2297 5621 2790 5704 qddzEChronica
2809 5620 3118 5704 [heronimi
3140 5620 3344 5704 dicunt
3367 5618 3584 5694 Cletus,

173 5690 266 5777 qui
297 5710 354 5762 et
391 5702 726 5764 Anacletus.
811 5699 880 5734 ⁸³³
910 5700 1167 5774 pontiam
1199 5705 1250 5757 5.
1337 5698 1406 5734 ⁸³²
1436 5690 1832 5760 ειάτεῖἰθηᾶυηι
1865 5707 1915 5760 5.
2004 5698 2072 5735 ⁸³³
2101 5697 2261 5758 misit
2294 5700 2345 5755 5.
2433 5693 2500 5729 ⁸³⁸
2526 5694 2614 5753 ita
2632 5707 2746 5767 pro
2777 5690 3164 5766 quintilianus
3195 5691 3444 5756 codices.

3473 389 3593 450 6'78
3690 427 3696 433 -
