3932 6412
327 388 446 455 679

1490 368 1972 440 EKKEHARDI
2016 370 2576 438 URAUGIENSIS

3618 372 3745 435 680

328 526 805 601 Calagurritanus
854 520 1075 592 primus
1106 519 1302 574 Romae
1334 513 1623 587 publicam
1658 512 1873 571 scolam
1905 510 1974 545 ⁵³⁸
2006 510 2059 570 Α
2089 523 2163 565 ex
2195 508 2407 564 familia
2438 508 2675 578 antiqua
2731 506 2913 576 magis
2947 520 3117 577 quam
3166 504 3344 575 clara,
3379 520 3506 562 cum
3535 510 3736 562 tamen

326 622 528 681 habuit
554 621 610 675 et
646 614 920 672 salarium
957 625 987 665 e
1018 609 1158 664 ﬁsco
1192 605 1439 677 accepit.

394 716 445 769 6.
480 713 544 766 A.
579 710 642 763 D.
675 707 760 761 88.
797 699 1163 757 Domicianus
1214 693 1655 752 mathematicos
1686 695 1741 746 ct
1775 689 1977 762 phylo-

325 802 540 875 sophos
565 797 720 853 Urbe
756 790 1001 866 pepulit.

391 868 443 948 "7.
480 892 543 944 Α.
579 887 642 941 D.
676 887 763 940 89.
801 879 1137 947 Auacletus,
1172 876 1386 933 tertius
1417 888 1444 929 a
1469 870 1665 942 Petro,
1693 868 1976 928 Clementi

324 977 631 1045 successit,
681 972 1011 1040 sedensque
1044 982 1174 1024 aun.
1213 966 1298 1033 12,
1363 976 1590 1020 menses
1624 966 1708 1031 10,
1770 973 1981 1031 passus

324 1075 410 1126 est
447 1068 556 1125 sub
586 1062 891 1134 Trajano,6
920 1058 1039 1116 Kal.
1074 1056 1198 1113 Mai.

393 1161 443 1215 8.
480 1157 692 1231 (HIER.)
735 1157 791 1211 Α.
827 1155 891 1208 Ι).
924 1154 1012 1207 90.
1070 1145 1442 1205 Domicianus
1478 1143 1662 1197 forum
1702 1141 1763 1194 et
1797 1135 1975 1192 multa

324 1245 569 1303 :edificia
603 1245 763 1302 fecit.

388 1340 439 1391 9.
474 1332 642 1406 (Chr.
691 1330 799 1401 W.)
832 1332 892 1385 A.
930 1329 991 1383 Ι).
1044 1329 1130 1380 91.
1165 1320 1398 1379 Heresis
1429 1313 1722 1374 Menandri
1747 1318 1805 1368 et
1838 1311 1979 1367 alio-

326 1440 452 1483 rum
484 1422 801 1479 multorum
833 1416 1118 1474 exoritur.
1610 1458 1617 1467 ,

394 1519 479 1571 10.
518 1516 580 1569 Α.
617 1511 678 1565 D.
706 1512 793 1564 92.
829 1504 1202 1562 Domicianus
1231 1499 1301 1555 de
1334 1496 1505 1552 Dacis
1533 1497 1594 1549 et
1617 1488 1977 1548 Germanicis

321 1599 726 1673 triumphavit.

398 1696 479 1748 11.
509 1667 580 1746 Ἀ.
615 1690 678 1744 Ι).
713 1691 801 1744 93.
835 1683 1208 1742 Domicianus
1266 1673 1562 1750 prohibuit
1615 1671 1764 1726 vites
1796 1667 1849 1722 in
1886 1682 1979 1723 ur-

327 1782 500 1838 bibus
529 1778 647 1835 seri
673 1775 760 1833 ⁵³⁸.

403 1875 485 1928 12.
517 1869 706 1940 mea.)
744 1871 804 1922 A.
840 1867 901 1921 Ι).
934 1866 1022 1920 94.
1084 1858 1453 1916 Domicianus
1512 1850 1974 1924 persecutionem
2006 1874 2062 1935 B

326 1960 641 2017 secundam
673 1958 728 2012 in
790 1953 1176 2020 Christianos,
1228 1946 1448 2019 primus
1482 1947 1611 2015 post
1669 1941 1974 2006 Neronem,

324 2048 520 2106 movit.
554 2048 727 2104 Juxta
750 2043 817 2078 ⁸³⁷
858 2038 1336 2099 :eeclesiasticam
1375 2030 1693 2104 hystoriam
1719 2028 1871 2099 (Eus.
1909 2026 1973 2079 Η.

322 2155 368 2197 c.
407 2140 596 2208 111,14,
625 2136 742 2207 34.)
776 2134 830 2188 in
867 2132 1011 2188 urbe
1042 2130 1221 2184 Roma
1258 2122 1604 2208 Anaclctus,
1631 2122 1697 2173 12
1729 2115 1897 2171 anuis
1923 2114 1977 2168 in

323 2204 667 2300 episcopatu
700 2204 943 2289 exactis,
979 2214 1293 2274 sacerdotii
1328 2211 1522 2269 sedem
1552 2204 1831 2264 Clementi
1863 2207 1979 2258 tra-

325 2315 493 2385 didit,
529 2327 698 2385 quam
732 2311 830 2368 ille
859 2313 892 2365 9
923 2308 1088 2364 annis
1122 2303 1331 2361 tenuit.

400 2381 730 2476 13.(l{mn.)
768 2402 831 2457 A.
864 2401 929 2454 Ι).
974 2400 1059 2452 95.
1114 2390 1483 2450 Domicianus
1543 2384 1759 2442 multos
1817 2381 1979 2437 nobi-

323 2493 462 2551 lium
496 2489 770 2564 perdidit.

393 2558 536 2653 14.’(
552 2579 687 2637 Vita
714 2578 781 2635 S.
812 2573 1008 2644 Dion.)
1044 2576 1107 2629 A.
1139 2572 1201 2625 D.
1235 2571 1321 2623 96.
1384 2561 1679 2653 Dionisius
1738 2558 1980 2653 ariopa-

318 2671 462 2743 gita,
508 2647 730 2743 primus
756 2661 1193 2720 Atheniensium
1226 2656 1542 2743 episcopus
1569 2665 1600 2706 a
1631 2647 1811 2705 Paulo
1843 2660 1980 2743 apo-

322 2733 475 2817 stolo
488 2733 868 2822 constitutus,
884 2752 985 2809 sed
1012 2753 1217 2822 postea
1236 2748 1291 2801 in
1307 2742 1523 2800 Gallias
1543 2738 1880 2812 prcdicator
1896 2733 1980 2790 di-

322 2854 547 2918 rectus,
582 2844 736 2919 apud
767 2840 1056 2899 Parisium
1087 2834 1413 2893 decollatus
1445 2836 1532 2887 est
1570 2843 1701 2885 cum
1734 2825 1976 2883 Rustico

322 2943 384 2996 et
413 2933 774 3002 Eleutherio,
809 2930 917 2986 sub
957 2925 1212 2983 Sisiuuio
1267 2922 1548 2995 prefecto,
1606 2931 1756 2974 anno
1788 2930 1816 2971 a
1850 2928 1980 2985 pas-

329 3026 493 3084 sione
522 3020 747 3079 Domini
777 3021 872 3076 64.

400 3120 482 3173 15.
517 3110 728 3185 (HIER.)
762 3111 825 3166 A.
860 3109 922 3163 D.
956 3108 1050 3162 97.
1080 3102 1273 3160 Flavia
1303 3096 1594 3157 Domitilla
1625 3094 1680 3151 in
1733 3091 1980 3149 insulam

325 3203 669 3262 Pontianam
700 3198 942 3257 exiliata
969 3199 1078 3251 est.

399 3297 481 3349 16.
519 3288 686 3361 (0hr.
735 3286 842 3359 W.)
875 3287 939 3341 A.
976 3284 1038 3339 D.
1074 3284 1162 3338 98.
1198 3276 1569 3336 Domicianus
1600 3287 1628 3330 a
1655 3270 1780 3329 suis
1807 3270 1985 3325 inter-

326 3385 517 3441 fectus
545 3383 656 3436 est.

411 3483 584 3530 Nerva.

399 3565 449 3617 1.
487 3558 578 3629 (Η
600 3559 702 3628 m.)
740 3557 899 3610 Anno
948 3548 1262 3607 Dominicae
1310 3538 1732 3600 incarnationis
1763 3540 1852 3608 99,
1888 3538 1988 3591 ['r-

333 3649 422 3706 bis
454 3625 596 3705 vero
628 3625 696 3678 ³³έ
725 3642 980 3700 condita:
1030 3641 1154 3709 849,
1215 3637 1401 3691 Nerva
1462 3629 1761 3698 Cocceius,
1812 3625 1986 3697 opido

327 3734 636 3795 Narniensi
668 3733 926 3803 genitus,
955 3727 1160 3784 mediae
1184 3720 1536 3790 nobilitatis,
1562 3718 1872 3775 admodum
1900 3731 1989 3773 se-

328 3840 462 3898 nex,
498 3824 761 3881 decimus
817 3821 889 3875 ab
922 3818 1205 3886 Augusto,
1242 3809 1505 3881 suscepit
1540 3807 1866 3879 imperium,
1900 3820 1989 3862 re-

329 3896 651 3989 gnavitque
680 3924 831 3968 anno
856 3922 989 3977 uno,
1012 3918 1237 3960 menses
1261 3907 1533 3972 quatuor,
1557 3897 1680 3954 dies
1702 3900 1855 3952 octo.
1882 3896 1987 3953 Hic

331 3984 389 4062 in
418 4003 647 4075 privata
664 4000 780 4056 vita
798 3997 1135 4053 moderatus
1147 3997 1207 4048 et
1222 3987 1578 4056 strenuus,in
1594 3986 1836 4057 imperio
1849 3984 1988 4041 eivi-

329 4092 612 4152 lissimum
646 4104 709 4146 se
740 4092 799 4144 et
830 4083 1226 4157 aequissimum
1261 4077 1515 4152 prebuit.
1543 4076 1747 4147 (Hier.)
1777 4075 1879 4131 Hic
1913 4089 1987 4130 ex

328 4179 572 4240 decreto
605 4184 845 4236 senatus
888 4171 1203 4231 constituit
1253 4168 1484 4224 irritum
1519 4165 1640 4222 fieri
1704 4164 1984 4235 quicquid

325 4270 695 4327 Domicianus
731 4265 855 4322 ﬁeri
884 4263 1084 4334 jussit,
1118 4264 1178 4316 et
1210 4258 1406 4315 edicto
1429 4271 1534 4314 suo
1557 4254 1761 4311 exules
1784 4268 1987 4310 omnes

323 4358 647 4418 revocavit.
676 4357 776 4427 (H.
828 4356 932 4427 φη.)
963 4352 1122 4408 Unde
1170 4354 1227 4406 et
1260 4351 1501 4406 sanctus
1530 4346 1823 4402 Iohannes
1856 4359 1993 4415 apo.

326 4449 517 4508 stolus
546 4449 618 4505 ab
649 4445 826 4504 exilio
854 4444 1145 4516 Ephesum
1176 4439 1433 4507 rediens,
1460 4438 1518 4493 et
1543 4433 1869 4491 aecclesiam
1888 4435 1989 4491 he-

323 4540 556 4597 resibus
583 4538 877 4595 turbatam
900 4529 1225 4600 inveniens,
1262 4527 1502 4583 hortatu
1535 4525 1781 4579 fratrum
1812 4537 1987 4579 evan-

2017 3235 2065 3298 C

2092 605 2258 671 pater
2288 597 2414 666 ejus
2447 596 2650 652 consul
2672 602 2853 665 esset,
2875 596 3029 666 apud
3056 595 3450 667 Agrippinam,
3478 592 3733 651 nobilem

2089 686 2286 744 Galliae
2307 686 2629 755 civitatem,
2652 685 2971 756 imperator
2996 685 3186 740 factus
3199 688 3307 754 est,
3327 683 3728 753 reguavitque,

2090 775 2428 832 undecimus
2450 776 2521 831 ab
2546 778 2827 844 Augusto,
2855 772 3021 829 annis
3046 777 3134 844 19,
3177 787 3402 830 menses
3418 777 3470 843 6,
3494 772 3621 828 dies
3647 776 3731 826 15.

2089 865 2190 921 llic
2215 879 2333 920 rem
2361 863 2742 936 publicamita
2768 862 3197 918 administravit
3216 868 3273 919 ut
3295 863 3563 918 omnibus
3576 861 3736 934 prin-

2089 955 2319 1026 cipibus
2351 953 2559 1009 merito
2601 959 3047 1024 preponeretur.
3111 953 3247 1007 Nam
3280 966 3409 1009 cum
3470 951 3582 1008 duo
3611 949 3733 1005 sint

2091 1044 2307 1115 qumab
2329 1042 2584 1112 egregiis
2620 1041 2982 1113 principibus
3012 1045 3365 1112 expetantur
3393 1040 3482 1110 δη,
3517 1038 3735 1095 sancti-

2090 1138 2184 1189 tas
2207 1132 2382 1202 domi,
2417 1132 2472 1187 in
2505 1132 2684 1187 armis
2718 1130 3020 1200 fortitudo,
3056 1130 3369 1201 utrobique
3399 1128 3730 1200 prudentia,

2092 1225 2290 1279 tantus
2319 1221 2372 1276 in
2406 1236 2475 1277 eo
2518 1220 2894 1276 maximarum
2946 1233 3140 1275 rerum
3170 1219 3358 1275 fuerat
3417 1216 3637 1287 medus,
3669 1224 3735 1273 ut

2091 1311 2257 1380 quasi
2284 1313 2744 1381 temperamento
2785 1307 3033 1378 quodam
3059 1306 3307 1363 virtutes
3323 1306 3621 1362 miscuisse
3651 1306 3737 1361 vi-

2091 1399 2350 1469 deretur,
2385 1399 2495 1455 nisi
2531 1397 2685 1469 quod
2719 1397 2850 1453 cibo
2879 1397 3128 1467 vinoque
3173 1394 3469 1468 paululum
3503 1394 3738 1451 deditus

2089 1495 2235 1546 erat.
2266 1491 2506 1546 Laboris
2539 1489 2769 1561 patiens
2792 1488 2919 1557 fuit,
2940 1486 3480 1559 justiciaejurisque
3500 1484 3731 1541 humani

2088 1583 2148 1634 et
2170 1578 2346 1635 divini
2384 1584 2499 1635 tam
2547 1584 2819 1650 repertor
2842 1576 2972 1633 novi
3019 1590 3186 1647 quam
3219 1580 3482 1632 veterum
3510 1579 3733 1636 custos.

2091 1670 2252 1739 (Ana.
2291 1668 2380 1739 V.)
2429 1667 2605 1725 Multa
2631 1668 2889 1722 Romano
2920 1666 3164 1737 imperio
3192 1664 3520 1734 adjiciebat,
3554 1663 3735 1720 multa

2092 1758 2366 1814 beneﬁcia
2387 1772 2489 1829 per
2507 1761 2695 1813 totum
2715 1757 2917 1812 orbem
2934 1755 3263 1826 quibusque
3279 1754 3576 1825 prestabat
3594 1771 3610 1820 ;
3627 1752 3737 1809 fuit

2091 1846 2241 1902 enim
2268 1845 2588 1902 bellicosus
2619 1849 2675 1900 et
2711 1845 2766 1900 in
2797 1844 3067 1900 omnibus
3099 1842 3267 1899 bonis
3294 1840 3605 1899 studiosus.
3630 1841 3736 1912 (Η.

2090 1938 2193 2007 m.)
2218 1937 2379 1991 Hunc
2400 1950 2530 1991 cum
2564 1933 2734 1990 amici
2770 1932 3099 2004 culparent,
3136 1931 3287 2002 quod
3318 1930 3551 1987 nimium
3582 1944 3739 1986 com-

2093 2025 2284 2081 munis
2317 2029 2479 2081 esset
2501 2039 2640 2093 erga
2660 2037 2882 2093 omnes,
2911 2021 3219 2092 respondit
3245 2039 3257 2074 :
3299 2019 3621 2091 Imperator
3650 2018 3739 2076 ta-

2093 2116 2172 2171 tis
2185 2128 2307 2172 esse
2329 2113 2496 2170 debet
2513 2127 2659 2184 erga
2677 2111 2987 2182 subjectos,
3004 2109 3215 2182 quales
3244 2124 3388 2182 erga
3403 2123 3465 2167 se
3484 2109 3739 2180 impera-

2093 2205 2245 2262 tores
2256 2216 2379 2261 esse
2389 2203 2617 2274 optaret
2624 2203 2752 2273 ipse
2754 2199 3054 2273 privatas.
3072 2199 3253 2269 Hujus
3273 2213 3412 2269 ergo
3426 2197 3734 2270 imperium

2092 2294 2448 2350 credebatur
2468 2291 2748 2347 divinitus
2767 2289 2965 2347 datum
2998 2288 3052 2344 in
3086 2287 3405 2345 remedium
3443 2287 3652 2359 perditi
3674 2294 3738 2342 et

2090 2383 2375 2454 prostrati
2421 2386 2664 2438 senatus
2710 2379 2970 2449 Romani,
3005 2392 3110 2449 pro
3143 2391 3211 2434 eo
3246 2376 3401 2448 quod
3458 2376 3735 2448 pleraque

2092 2471 2391 2541 magnifica
2428 2469 2569 2526 illud
2604 2466 3087 2526 denuneiaverint
3125 2464 3213 2536 ⁸⁸³,
3266 2465 3319 2520 in
3350 2464 3558 2536 quibus
3591 2463 3735 2520 illud

2093 2561 2456 2634 preeipuum,
2493 2558 2645 2631 quod
2691 2558 2891 2615 cornix
2923 2574 2954 2614 c
2988 2555 3220 2627 fastigio
3243 2553 3508 2626 Capitolii
3546 2554 3736 2610 Attico

2089 2665 2356 2708 sermone
2401 2649 2712 2706 clamavit:
2746 2649 2931 2706 Italos.
2972 2647 3073 2703 llic
3109 2650 3304 2718 postea
3338 2644 3618 2716 deceptus
3648 2660 3737 2701 er-

2091 2755 2243 2811 rore,
2274 2754 2405 2796 cum
2436 2738 2901 2810 persecutionem
2935 2736 3176 2793 terciam
3202 2737 3456 2791 moveret
3490 2733 3543 2788 in
3579 2732 3735 2790 Chri-

2091 2829 2338 2899 stianos,
2372 2833 2432 2884 et
2459 2827 2681 2885 Plinius
2717 2824 3038 2896 Secundus,
3075 2824 3173 2895 qui
3202 2824 3356 2879 inter
3389 2825 3622 2878 ceteros
3644 2822 3731 2891 ju-

2090 2918 2272 2989 dices,
2304 2922 2365 2974 ut
2388 2915 2779 2974 Tertullianus
2804 2915 3001 2983 refert,
3030 2916 3366 2985 persecutor
3397 2910 3567 2967 datus
3586 2914 3731 2980 erat,

2090 3008 2141 3065 ei
2169 3010 2534 3078 suggereret,
2557 3019 2659 3061 eos
2682 3004 2945 3061 homines
2969 3002 3147 3059 nichil
3170 3004 3358 3057 morte
3378 2999 3610 3069 dignum
3639 3013 3732 3068 ge-

2094 3111 2244 3166 rere,
2279 3096 2384 3152 nisi
2417 3094 2573 3165 quod
2607 3093 2718 3151 diis
2762 3108 2876 3149 non
2906 3090 3292 3160 immolareut,
3352 3096 3410 3145 et
3444 3087 3729 3145 Christum

2093 3185 2276 3241 veluti
2308 3187 2506 3254 Deum,
2542 3187 2675 3240 ante
2734 3182 2922 3239 lucem
2953 3182 3282 3249 surgentes,
3343 3175 3667 3247 laudarent,
3701 3191 3731 3232 a

2097 3274 2265 3332 malis
2288 3288 2426 3329 vero
2453 3272 2722 3329 omnibus
2740 3271 3131 3328 abstinerent:
3151 3266 3460 3339 rescripsit
3480 3265 3735 3334 ei'l‘raja-

2100 3381 2205 3421 nus
2238 3362 2599 3420 Christianos
2658 3376 2760 3433 pro
2794 3359 2905 3416 fide
2957 3358 3291 3415 nullatenus
3322 3354 3730 3426 inquirendos;

2098 3455 2295 3524 sicque
2326 3451 2662 3524 perswutio
2717 3450 2918 3506 sedata
2948 3450 3057 3505 est.
3092 3446 3276 3517 Igitur
3304 3443 3578 3513 Trajanus
3610 3448 3735 3515 post

2100 3545 2392 3612 ingentem
2414 3540 2658 3611 gloriam
2686 3537 2839 3595 bello
2864 3535 3132 3607 domique
3155 3533 3438 3605 quesitam
3457 3531 3734 3588 ePerside

2101 3632 2352 3701 rediens,
2386 3629 2541 3702 apud
2575 3627 2897 3685 Seleuciam
2931 3624 3183 3682 Ysaurize
3216 3621 3497 3695 proﬂuvio
3516 3619 3735 3677 ventris

2099 3721 2427 3779 exstinctus
2477 3722 2587 3791 est,
2624 3733 2775 3774 anno
2818 3716 2954 3773 vitae
2987 3728 3106 3771 suae
3137 3716 3253 3783 63°,
3287 3725 3479 3768 mense
3526 3710 3730 3782 primo.

2100 3811 2191 3867 die
2223 3813 2301 3879 4ο,
2337 3823 2534 3867 mense
2553 3807 2619 3841 ³⁸⁸
2670 3822 2810 3863 vero
2838 3810 2899 3861 7°
2928 3804 3061 3861 anni
3118 3800 3379 3858 vicesimi
3430 3798 3590 3870 regni
3624 3798 3730 3855 sui.

2099 3900 2274 3971 Cujus
2322 3898 2519 3957 exusti
2548 3895 2816 3968 corporis
2843 3908 3071 3950 cineres
3100 3891 3156 3946 iu
3191 3904 3332 3947 urna
3362 3901 3536 3945 aurea
3570 3885 3731 3943 relati

2098 3993 2352 4062 Romam,
2389 3987 2611 4046 humati
2644 3991 2777 4043 sunt
2812 3984 2866 4040 in
2910 3984 3036 4039 foro
3083 3979 3308 4051 Trajani
3356 3976 3464 4034 sub
3494 3978 3619 4047 ejus
3642 3990 3734 4033 co-

2098 4079 2315 4150 lumna,
2330 4078 2499 4149 cujus
2516 4074 2766 4134 altitudo
2793 4075 2892 4129 140
2909 4070 3293 4144 pedesliabet,
3322 4071 3379 4124 et
3400 4067 3583 4135 imago
3604 4064 3733 4121 sub-

2101 4170 2293 4242 posita
2324 4172 2434 4238 est,
2466 4162 2951 4237 triumphantium
2974 4173 3134 4216 more
3165 4157 3412 4226 invecta,
3446 4158 3646 4211 senatu
3674 4156 3730 4209 et

2099 4259 2365 4315 exercitu
2399 4258 2700 4329 preeunte,
2751 4251 3028 4323 solusque
3058 4248 3311 4305 omnium
3344 4245 3495 4301 intra
3525 4243 3731 4300 Urbem

2099 4346 2371 4421 sepultus
2403 4350 2514 4403 est.
2542 4342 2725 4414 Hujus
2757 4339 3048 4397 memoriae
3082 4342 3306 4394 tantum
3335 4333 3587 4391 delatum
3617 4336 3728 4401 est,

2099 4443 2161 4495 ut
2195 4450 2382 4509 usque
2416 4435 2485 4492 ad
2536 4437 2795 4490 nostram
2841 4432 3073 4487 aetatem
3103 4440 3217 4483 non
3251 4423 3419 4480 aliter
3444 4421 3501 4478 in
3533 4424 3729 4478 senatu

2100 4526 2466 4600 principibus
2524 4522 2947 4580 acclamaretur
2994 4514 3102 4574 nisi
3134 4512 3426 4572 :Felicior
3450 4508 3730 4582 Augusto,

318 4628 535 4700 gelium
564 4624 826 4698 scripsit,
863 4636 978 4693 quo
1011 4620 1183 4676 fidem
1212 4599 1436 4672 rectam
1468 4610 1835 4670 confirmavit
1867 4610 1977 4680 (Cf.
2010 4599 2066 4663 D
2092 4599 2302 4675 mer
2334 4615 2597 4686 Trajano
2626 4611 2722 4684 (cf,
2755 4608 2834 4667 Η,
2867 4609 2989 4680 3,),

318 4720 472 4777 BEDA
523 4716 713 4788 Cum).
747 4714 936 4770 Nerva
969 4722 1130 4780 vero,
1165 4706 1448 4776 adOptato
1476 4701 1535 4757 in
1576 4715 1816 4771 regnum
1846 4702 1981 4757 Tra-

312 4796 1392 4880 jano,morboeoufectusobiit,mense
1408 4791 1613 4863 quinto
1627 4789 1761 4847 anni
1775 4803 1978 4848 secun-

320 4896 377 4955 di
397 4895 624 4970 imperii
649 4894 761 4965 sui,
792 4890 988 4950 mtatis
1010 4887 1079 4922 ‘3’
1106 4899 1257 4945 anno
1286 4887 1375 4941 72.
1412 4881 1519 4953 (Cf.
1559 4883 1749 4953 Hum.)

390 4997 535 5045 Anni.
567 4992 761 5055 Trajani
783 4989 870 5044 “°.

392 5083 494 5155 (H.
518 5084 623 5156 m.)
648 5083 812 5139 Auno
850 5074 1162 5133 Dominicae
1198 5069 1618 5129 incarnationis
1638 5068 1977 5135 centesimo,

318 5175 496 5233 Urbis
527 5187 669 5232 vero
700 5169 770 5204 “1
798 5165 1052 5227 conditae
1081 5167 1205 5221 850.
1239 5161 1445 5235 Ulpius
1486 5159 1765 5232 Trajanus
1797 5158 1982 5216 Crini-

323 5268 443 5335 tus,
473 5278 548 5322 ex
577 5262 724 5321 urbe
766 5255 1083 5318 Tudertina
1110 5252 1368 5325 genitus,
1401 5263 1619 5322 genere
1648 5248 1973 5323 Hyspanu‘s.

2165 4713 2215 4763 1.
2253 4706 2420 4779 (Chr.
2458 4703 2568 4774 W.)
2591 4702 2774 4771 Hujus
2812 4712 2962 4755 anno
2984 4695 3168 4769 primo
3189 4693 3731 4779 Iohannesaposto-

2093 4798 2187 4856 lus
2214 4778 2274 4854 et
2296 4790 2657 4864 evangelista
2679 4787 2833 4861 apud
2865 4785 3151 4859 Ephesum
3180 4778 3551 4849 obdormivit,
3586 4789 3731 4864 anno

2092 4904 2123 4946 a
2157 4862 2711 4959 passiochDomini
2769 4881 2885 4947 68°,
2944 4874 3078 4932 vita;
3106 4886 3226 4930 suae
3281 4872 3397 4925 99°.
3422 4898 3499 4959 7-—
3527 4862 3730 4959 illisu.)

2093 4952 2460 5035 Alexandriae
2492 4970 2710 5028 tercius
2738 4965 3043 5024 ordinatur
3069 4961 3381 5035 episcopus
3405 4954 3608 5025 Cerdo,
3637 4952 3731 5024 qui

2094 5065 2248 5124 sedit
2280 5063 2357 5120 ibi
2390 5060 2558 5117 annis
2590 5064 2675 5114 11.

2160 5158 2213 5211 2.
2250 5155 2316 5211 Α.
2350 5153 2413 5209 Ι).
2450 5154 2571 5207 101.
2605 5148 2793 5204 Nerva
2814 5144 2986 5217 jussu
3016 5142 3258 5198 senatus
3289 5135 3441 5192 inter
3471 5134 3618 5190 Deos
3648 5143 3734 5187 re-

2093 5246 2282 5302 fertur
2308 5240 2395 5297 ⁸⁸⁸.

1684 5436 1926 5495 VARLE
1983 5430 2388 5495 LECTIONES.

396 5591 466 5630 ⁸³⁸
495 5593 659 5653 deest
683 5594 760 5651 9°.
848 5588 918 5632 ⁸³⁸
947 5589 1176 5648 ﬁeri9c.
1240 5588 1299 5645 in
1353 5600 1410 5643 u.
1468 5599 1525 5641 ν.

325 5665 394 5701 ’⁸ο
424 5642 717 5729 Ηιῖῖξῇξᾷ
746 5642 916 5723 codd.
947 5642 1072 5696 “‘3‘
1099 5642 1373 5720 ἃέθεῖξςζ
1408 5654 1494 5729 ν⁸⁴¹
1520 5657 1909 5729 expectantur
1936 5652 2036 5710 E1.
2116 5648 2188 5729 ις
2212 5642 2819 5729 ρςοη-ορςὶεινβψῃξδ.

1579 5584 1711 5640 8.5.
1796 5574 2356 5638 “quta—tenuit
2404 5568 2625 5632 descent
2665 5568 2764 5627 E1.
2842 5560 3107 5640 “taceat
3129 5560 3225 5618 E1.
3308 5552 3730 5640 “(manag-

2916 5634 2986 5670 ‘“
3015 5646 3213 5693 mense
3226 5662 3294 5674 —
3308 5627 3399 5687 sui
3427 5624 3648 5686 dem:
3659 5627 3729 5679 9°.

324 5735 393 5774 '“
420 5716 719 5800 ὖῗᾶἀῖίξ
750 5716 1133 5797 ἱίειὶἓίοηαιθέ
1145 5716 1530 5794 consentiunt
1552 5716 1859 5798 Ie'ronimo,
1894 5729 1927 5781 3
1959 5738 2110 5783 anno
2139 5716 2367 5794 Tr'ajaui
2402 5716 2765 5776 Clementum
2795 5720 3051 5786 passum.
