3932 6420
382 394 501 467 683

1553 387 2038 461 EKKEHARDI
2079 383 2635 461 URAUGIENSlS

3671 390 3789 461 684

385 537 600 612 (Πιειι.)
648 524 973 593 Antiochia
1025 537 1115 591 4ιι³
1159 533 1476 607 episcopus
1524 531 1831 591 Cornelius
1879 531 2115 591 ordi-A
2221 536 2309 586 11.
2347 534 2410 586 A.
2446 532 2508 587 D.
2546 535 2665 588 150.
2705 529 3048 604 Apollonius
3094 531 3323 588 Stoicus
3372 531 3789 590 Caleedonicus

387 631 872 784 nagrl0lth.)
908 713 972 767 A.
1012 712 1075 765 D.
1132 716 1253 767 131.
1311 710 1612 784 Nicopolis
1662 715 1722 766 et
1772 711 2032 767 Casarea

382 807 703 862 terremotu
735 804 1109 861 corruerunt.

456 891 762 963 14.(Ηιεη.)
793 894 860 946 ‘A.
896 892 961 947 D.
999 893 1117 945 132.
1150 890 1436 946 Eumenes
1494 887 1859 945 Alexandria
1908 902 2035 944 sex-

381 986 476 1038 tus
507 980 819 1036 ordinatus
849 977 939 1050 ⁸⁵⁸,
976 977 1128 1034 sedit
1160 977 1327 1033 annis
1356 981 1440 1033 13.

453 1073 534 1124 19.
573 1066 738 1138 (ΟΙιν.
787 1066 896 1137 W.)
927 1070 990 1122 A.
1027 1065 1088 1120 D.
1131 1070 1249 1121 137.
1305 1064 1688 1121 Hierosolima
1740 1065 1813 1120 ab
1867 1064 2032 1121 Helio

382 1155 637 1212 Adriano
661 1158 993 1211 restaurata
1019 1158 1077 1209 et
1107 1154 1179 1209 ab
1208 1151 1336 1222 ejus
1365 1152 1597 1208 nomine
1629 1151 1790 1208 Helia
1824 1157 2031 1209 vocata

380 1247 488 1301 est.

450 1338 538 1389 20.
577 1332 791 1403 (Ηιεη.)
823 1333 887 1387 A.
922 1331 985 1385 D.
1024 1333 1143 1386 138.
1180 1330 1404 1385 Marcus
1439 1327 1841 1385 llierosolima
1876 1328 2033 1384 ordi-

380 1427 554 1478 natur
583 1420 899 1492 episcopus
948 1418 1171 1490 primus
1220 1432 1293 1472 ex
1342 1415 1640 1487 gentibus,
1686 1433 1815 1473 eum
1858 1421 2029 1472 antea

378 1511 597 1567 fuerint
629 1508 965 1579 quindecim
997 1521 1069 1562 ex
1092 1506 1563 1563 circumcisione.

450 1602 538 1653 21.
570 1598 736 1653 Joun.
770 1597 859 1653 De
883 1609 939 1651 θ’.
969 1595 1057 1666 3.)
1092 1597 1155 1650 A.
1191 1596 1253 1649 D.
1307 1597 1427 1649 139.
1485 1592 1775 1648 Adrianus
1829 1593 2030 1648 morbo

380 1687 743 1743 subcutaneo
768 1684 1036 1739 moritur.
1063 1685 1181 1739 Hoc
1207 1685 1509 1751 regnante,
1528 1680 1731 1750 Aquila
1754 1681 2032 1737 Ponticus

382 1773 718 1845 Seripturas
748 1785 949 1827 sacras
978 1770 1050 1826 de
1080 1771 1306 1826 Hebreo
1338 1768 1639 1825 transtulit
1670 1768 1723 1823 in
1759 1770 2025 1825 Grecum.

387 1861 532 1919 Anni
567 1859 863 1916 Antonini.
1379 1857 1526 1913 Anni
1558 1858 1628 1912 ab
1671 1857 1836 1913 initio
1867 1860 2024 1913 4100.

455 1950 668 2021 (ΗΜ.)
702 1951 865 2004 Anno
897 1946 1199 2002 dominica
1234 1945 1649 2001 incarnationis
1703 1947 1819 2001 140.
1854 1946 2029 2001 Urbis

380 2038 633 2096 condita
666 2040 792 2095 891.
822 2035 1151 2093 Antoninus
1185 2034 1747 2103 FulviuslBoionius,
1772 2034 1867 2104 qui
1902 2048 2032 2105 pro-

382 2133 514 2200 pter
543 2125 915 2183 elementiam
940 2129 1145 2196 postea
1169 2123 1615 2192 cognominatus
1641 2128 1731 2178 est
1756 2122 1912 2193 Pius,
1938 2137 2033 2192 ge-

381 2230 521 2273 nere
539 2213 607 2249 “7
629 2213 813 2285 claro,
839 2212 941 2270 sed
974 2227 1087 2269 non
1113 2211 1418 2267 admodum
1443 2215 1666 2281 vetere,
1694 2212 1915 2267 tercius
1938 2210 2035 2267 de-

380 2303 567 2361 cimus
595 2303 669 2359 ab
700 2304 985 2371 Augusto,
1012 2299 1258 2356 sortitus
1285 2304 1379 2355 est
1413 2299 1717 2369 imperium
1745 2298 2036 2368 regnavit-

383 2407 495 2464 que
542 2391 709 2449 annis
751 2393 839 2461 22,
874 2403 1104 2445 menses
1131 2393 1273 2445 tres.
1312 2389 1479 2455 (Ann.
1515 2388 1748 2444 V.—H.
1779 2388 1883 2459 m.)
1917 2388 2035 2443 Iste

383 2482 455 2537 ab
488 2480 744 2537 Adriano
774 2479 1088 2549 adoptatus
1117 2481 1206 2533 est
1243 2477 1296 2531 in
1333 2475 1533 2543 lilium,
1568 2476 1736 2545 cujus
1767 2480 1822 2531 et
1856 2490 2036 2545 gener

382 2568 623 2640 fuit,vir
646 2566 913 2637 insignis,
938 2571 997 2620 et
1022 2566 1118 2636 qui
1145 2564 1355 2620 merito
1378 2566 1576 2620 Numa
1599 2563 1882 2635 Pompilio
1904 2578 2037 2619 con-

381 2659 624 2727 feratur,
660 2655 813 2711 sicut
842 2658 900 2710 et
934 2653 1216 2724 Trajanus
1257 2653 1504 2709 Romulo
1554 2655 1840 2722 aquatur.
1878 2652 2032 2707 Vixit

381 2744 602 2816 ingenti
631 2744 942 2800 honestate
972 2742 1261 2813 privatus,
1298 2741 1481 2810 major
1510 2741 1563 2795 in
1598 2741 1863 2811 imperio,
1890 2739 2033 2797 nulli

382 2834 654 2902 acerbus,
688 2831 921 2887 cunctis
964 2829 1274 2899 benignus,
1330 2828 1384 2883 in
1432 2844 1493 2884 re
1540 2828 1779 2883 militari
1828 2827 2034 2898 gloria

384 2921 743 2988 moderator,
778 2916 1095 2973 defendere
1128 2915 1310 2986 magis
1342 2917 1675 2987 provincias
1717 2931 1887 2987 quam
1920 2931 2035 2972 am-

385 3009 570 3082 pliare
603 3006 873 3076 studens,
900 3005 1061 3062 viros
1090 3019 1291 3074 aquos
1314 3005 1383 3060 ad
1408 3003 1475 3037 ⁵³⁸
1497 3004 2031 3061 amministrandam

383 3111 505 3154 rem
538 3095 833 3169 publicam
871 3108 1141 3165 querens.
1166 3095 1231 3148 Et
1266 3108 1395 3150 cum
1430 3094 1631 3148 orbem
1664 3098 1839 3150 terra
1872 3092 2032 3151 nullo

384 3185 538 3243 bello
570 3199 677 3257 per
707 3197 892 3240 annos
923 3187 993 3239 22
1033 3182 1387 3239 auctoritate
1438 3181 1561 3238 sola
1614 3182 1852 3253 rexerit,
1888 3182 2033 3239 adeo

381 3275 709 3332 tremebant
741 3287 872 3330 eum
892 3276 951 3328 et
978 3270 1247 3328 amabant
1270 3271 1466 3327 cuncti
1493 3284 1663 3341 reges
1684 3276 1743 3327 et
1766 3272 2033 3328 nationes

381 3377 447 3421 ac
480 3361 700 3436 populi,
729 3366 794 3419 ut
828 3366 1124 3433 parentem
1158 3359 1281 3417 sive
1315 3364 1623 3431 patronum
1658 3359 1840 3429 magis
1862 3374 2029 3430 quam

378 3453 677 3510 dominum
708 3451 804 3507 vel
830 3450 1243 3521 imperatorem
1266 3463 1394 3506 eum
1423 3452 2034 3519 reputarent,omnes-

380 3556 494 3614 que
522 3543 580 3598 in
613 3554 831 3598 morem
882 3540 1210 3596 calestium
1257 3538 1582 3609 prepicium
1632 3541 1928 3608 optantes,
1959 3538 2031 3593 de

380 3628 805 3688 controversiis
837 3628 989 3683 inter
1023 3642 1085 3683 se
1113 3626 1368 3698 judicem
1393 3632 1725 3697 poscerent.
1756 3625 2032 3682 Obiitau-

382 3725 498 3776 tem
529 3733 680 3775 anno
710 3717 847 3773 vita
879 3731 999 3773 sua
1029 3722 1117 3772 77.

452 3812 503 3863 1.
536 3805 706 3875 (C'Itr.
754 3804 862 3875 W.)
894 3803 1089 3883 Primo
1123 3800 1297 3871 hujus
1328 3816 1477 3858 anno
1507 3801 1725 3872 Yginus
1756 3817 1902 3874 papa
1934 3818 2029 3860 oc-

378 3895 551 3952 tavbs
583 3892 911 3963 ordinatus,
948 3890 1104 3947 sedit
1133 3891 1298 3946 annis
1346 3894 1397 3961 4,
1434 3890 1801 3962 decessitque
1830 3894 1863 3946 4
1892 3892 2027 3949 Idus

374 3984 610 4039 Januar.
648 3981 840 4051 (Βεωε
866 3982 1062 4051 nam.)
1093 3980 1195 4036 llic
1225 3978 1445 4037 clerum
1477 3979 1783 4036 constituit
1816 3986 1875 4037 et
1898 3996 2028 4051 gra-

375 4071 486 4129 dus
525 4069 853 4128 distribuit.

444 4165 496 4216 2.
557 4160 725 4230 (0hr.
774 4160 884 4231 W.)
924 4159 991 4214 A.
1046 4158 1109 4214 D.
1165 4159 1285 4214 141.
1338 4156 1682 4216 Valentinus
1729 4162 1788 4216 et
1838 4159 2024 4217 Cerdo

377 4247 703 4307 acclesiam
737 4248 1077 4320 impugnant
1129 4245 1341 4304 heresi.

448 4344 499 4395 3.
533 4338 746 4410 (HIER.)
781 4339 846 4393 A.
879 4338 943 4392 D.
995 4338 1113 4392 142.
1149 4334 1306 4392 Idem
1363 4335 1758 4395 heresiareha
1787 4338 2023 4395 Romam

374 4447 682 4503 venerunt.

448 4533 739 4605 1.(ΒεοΑ.)
771 4532 1050 4587 Α.Ι).143.
1084 4527 1349 4587 Justinus
1376 4530 1784 4603 phylosophus
1808 4530 1963 4589 libru

371 4635 477 4694 pro
505 4620 823 4678 christiana
842 4618 1123 4689 religione
1135 4619 1525 4691 compositum
1543 4620 1837 4676 Antonino
1854 4620 2023 4677 obtu-

370 4711 439 4767 lit
469 4724 719 4780 eumque
750 4706 1085 4764 benivolum
1116 4721 1254 4778 erga
1286 4706 1646 4763 christianos
1680 4707 1838 4762 fecit.

441 4804 490 4855 5.
528 4797 695 4863 (0hr.
746 4796 854 4868 W.)
888 4798 953 4853 A.
983 4797 1046 4851 D.
1084 4798 1205 4852 144.
1240 4795 1379 4852 Pius
1430 4806 1577 4867 papa
1621 4810 1811 4852 nonus
1865 4794 2023 4852 sedit

371 4888 539 4944 annis
576 4892 677 4952 15;
711 4885 986 4955 migravit
1014 4884 1083 4918 ⁸⁸⁸
1113 4889 1144 4939 5
1174 4883 1317 4940 Idus
1359 4882 1518 4939 Julii.

439 4980 493 5033 6.
530 4976 745 5046 (Ηιειι.)
785 4975 851 5029 A.
885 4974 948 5029 D.
1003 4975 1126 5029 145.
1161 4971 1487 5030 Antiochia
1530 4971 1772 5045 quintus
1803 4972 2022 5030 consti-

360 5065 552 5123 tuitur
582 5063 896 5137 episcopus
922 5062 1131 5119 Heros.

432 5160 486 5212 7.
524 5156 589 5210 A.
622 5154 686 5209 D.
742 5155 865 5208 146.
944 5149 1314 5210 Alexandria
1363 5152 1650 5226 septimus
1707 5150 2021 5209 ordinatur

363 5244 590 5301 Marcus
619 5257 728 5316 per
754 5241 825 5276 ⁵⁸⁸)
852 5254 1037 5299 annos
1070 5244 1154 5297 10.

2144 617 2380 675 claruit.

2216 710 2301 762 14.
2343 709 2405 763 A.
2434 708 2476 762 D
2524 712 2646 764 153.
2675 710 2959 766 Crescens
2984 710 3214 780 quidam
3251 709 3494 781 Cynicus
3523 709 3790 781 phyloso-

2144 795 2294 866 phus
2324 795 2377 851 in
2407 796 2719 867 Justinum,
2771 797 2954 853 nostri
3011 797 3304 867 dogmatis
3348 796 3787 870 phylosophum,

2144 884 2614 955 persecutionem
2642 885 2840 956 movit,
2870 886 3001 956 quia
3030 886 3190 942 illum
3221 885 3487 956 gulosum
3511 890 3567 942 et
3593 886 3793 958 phylo-

2145 973 2366 1043 sophia
2391 973 2887 1043 prevaricatorem
2913 988 3047 1030 esse
3067 974 3355 1045 coarguit,
3383 972 3436 1030 in
3463 989 3570 1045 qua
3598 990 3792 1046 perse-

2144 1060 2380 1117 cutione
2408 1061 2678 1118 Justinus
2718 1061 2971 1133 gloriose
3025 1078 3128 1135 pro
3176 1062 3409 1118 Christo
3454 1063 3788 1134 sanguinem

2144 1149 2315 1205 fudit.

2218 1242 2304 1293 15.
2342 1240 2404 1293 A.
2440 1239 2501 1293 D.
2543 1242 2659 1294 154.
2694 1239 2847 1311 (Eus.
2900 1240 3129 1310 H.e.rv,
3156 1241 3267 1312 13.)
3294 1239 3614 1296 Antoninus
3634 1255 3779 1296 com-

2142 1330 2337 1381 motus
2369 1325 2557 1382 heresi
2594 1326 2951 1397 Crescentis,
2989 1327 3279 1384 universis
3312 1328 3460 1384 Asia
3512 1328 3780 1399 plebibus

2144 1414 2387 1485 scripsit
2419 1415 2723 1487 epistolam
2761 1431 2864 1486 pro
2894 1415 3251 1472 christianis.

2216 1508 2299 1558 16.
2336 1505 2398 1557 A.
2437 1505 2499 1558 D.
2554 1508 2670 1559 155.
2726 1503 2938 1575 (lin-zu.)
2987 1504 3354 1561 Alexandria
3402 1504 3672 1561 Celadion
3722 1504 3785 1537 ‘“

2142 1591 2449 1647 ordinatur
2480 1598 2743 1661 octavus,
2780 1593 2877 1665 qui
2922 1593 3071 1649 sedit
3106 1593 3268 1649 annis
3306 1596 3383 1649 14.

2212 1682 2299 1737 20.
2338 1684 2399 1736 A.
2438 1683 2497 1737 D.
2536 1687 2635 1738 159
2666 1683 2832 1752 (ΟΙιν.
2879 1684 2962 1741 W.
2996 1714 3066 1723 —
3111 1685 3271 1739 HIER.
3304 1716 3371 1725 —
3399 1683 3562 1751 BEDt}
3586 1683 3785 1755 Mam.)

2142 1770 2421 1826 Anicetus
2454 1786 2599 1843 papa
2630 1770 2893 1827 decimus
2926 1770 3252 1842 ordinatur,
3297 1771 3393 1842 qui
3426 1771 3573 1827 sedit
3618 1772 3778 1827 annis

2144 1862 2229 1915 10.
2263 1860 2379 1915 Sub
2426 1875 2540 1930 quo
2589 1860 2933 1932 Policarpus
2982 1862 3217 1917 Romam
3268 1861 3520 1931 veniens,
3574 1860 3784 1917 multos

2142 1949 2423 2017 correxit,
2476 1963 2624 2019 quos
2669 1948 2961 2004 Valentini
3014 1952 3070 2004 et
3116 1948 3396 2005 Cerdonis
3445 1964 3614 2005 error
3656 1950 3784 2005 sub—

2142 2037 2341 2092 vertit.
2376 2038 2477 2093 Ilic
2508 2051 2648 2106 ergo
2679 2037 2957 2093 Anicetus
3001 2037 3336 2109 constituit,
3369 2042 3433 2093 ut
3467 2038 3664 2095 clerus
3694 2054 3782 2094 co-

2142 2138 2289 2179 mam
2324 2140 2432 2179 non
2463 2126 2706 2195 nutriat,
2745 2139 3065 2197 passusque
3097 2130 3185 2183 est
3219 2126 3324 2182 sub
3358 2127 3544 2182 Marco
3589 2131 3650 2183 et
3689 2126 3778 2182 Se-

2142 2226 2283 2267 vero
2316 2216 2380 2267 16
2411 2212 2650 2268 Kalend.
2686 2213 2835 2268 Maii.

2214 2322 2301 2374 21.
2340 2320 2403 2375 A.
2437 2320 2499 2374 D.
2537 2321 2656 2375 100.
2695 2318 2906 2392 (Ιιιειι.)
2939 2319 3336 2377 Hierosolima
3367 2326 3498 2393 post
3541 2323 3779 2378 Marcum

2145 2406 2453 2464 ordinatur
2477 2408 2789 2465 Cassianus
2822 2415 2962 2479 17°“,
2999 2409 3209 2465 deinde
3249 2409 3491 2466 Publius
3515 2414 3655 2480 18‘",
3683 2412 3784 2465 lla-

2147 2495 2337 2551 ximus
2384 2500 2530 2566 19M,
2560 2495 2827 2553 Julianus
2877 2495 2945 2529 5"
2986 2500 3130 2568 20“,
3168 2497 3418 2554 Gaianus
3462 2502 3606 2569 21‘“,
3647 2499 3779 2554 Sim-

2147 2584 2389 2639 maehus
2420 2589 2566 2654 22“,
2593 2584 2767 2640 Gaius
2799 2588 2946 2655 23‘",
2968 2584 3235 2642 Julianus
3253 2588 3396 2655 24M,
3422 2587 3623 2658 Capito
3642 2590 3778 2641 25”.

2217 2676 2303 2728 22.
2339 2677 2382 2728 A
2439 2673 2499 2726 D.
2538 2676 2658 2727 161.
2695 2674 3022 2731 Antoninus
3053 2673 3197 2729 obiit
3236 2674 3387 2745 apud
3420 2673 3650 2731 Dorium
3681 2673 3778 2729 vil-

2146 2758 2259 2815 lam
2292 2775 2473 2817 suam.

2217 2868 2362 2923 Anni
2402 2868 2673 2924 Antonini
2716 2869 2870 2925 Veri.

2215 2972 2316 3044 (Η.
2367 2974 2471 3044 m.)
2519 2977 2681 3031 Anno
2729 2975 3029 3033 dominica
3081 2975 3497 3034 incarnationis
3547 2981 3662 3041 162.
3712 2978 3778 3032 ab

2143 3062 2296 3117 Urbe
2318 3061 2557 3118 condita
2570 3068 2695 3118 913.
2710 3063 2939 3121 Marcus
2962 3063 3232 3122 Aurelius
3246 3066 3572 3123 Antoninus
3583 3066 3779 3134 Verus,

2066 3149 2113 3212 C
2148 3153 2269 3205 14ιιε
2301 3151 2372 3206 ab
2406 3154 2672 3221 Augusto
2700 3150 2788 3224 ⁸⁸³,
2821 3153 3127 3225 imperium
3166 3154 3415 3226 adeptus
3443 3159 3554 3225 est,
3587 3154 3640 3210 in
3673 3169 3779 3226 quo

2143 3240 2410 3310 regnavit
2433 3241 2600 3297 annis
2624 3246 2708 3299 19.
2734 3243 2851 3298 Iste
2876 3242 3016 3299 haut
3041 3243 3216 3301 dubie
3240 3244 3632 3303 nobilissimus
3654 3244 3778 3314 fuit,

2144 3328 2357 3401 quippe
2389 3328 2557 3400 cujus
2588 3330 2752 3401 origo
2786 3336 3027 3403 paterna
3061 3347 3093 3388 a
3122 3335 3300 3390 Numa
3338 3333 3637 3406 Pompilio,
3669 3348 3777 3389 ma-

2142 3421 2307 3473 terna
2330 3432 2470 3474 vero
2491 3433 2520 3474 a
2543 3417 2843 3476 Solentino
2863 3434 3001 3490 rege
3025 3420 3333 3493 pendebat.
3353 3423 3579 3495 (Annae.
3598 3422 3775 3490 VIC'I'.)

2141 3505 2245 3562 Hic
2274 3520 2474 3563 omnes
2499 3507 2752 3564 virtutes
2776 3512 2835 3564 et
2856 3508 3094 3566 caleste
3117 3509 3365 3567 habebat
3390 3510 3697 3581 ingenium,
3721 3516 3774 3565 et

2142 3595 2199 3651 in
2234 3595 2673 3653 calamitatibus
2699 3595 2954 3668 publicis
2978 3598 3168 3656 factus
3186 3603 3274 3657 est
3298 3599 3462 3671 quasi
3490 3599 3771 3668 defensor,

2140 3688 2197 3740 et
2231 3684 2279 3739 si
2303 3684 2360 3739 in
2386 3683 2503 3740 illis
2527 3685 2895 3757 temporibus
2921 3686 3048 3758 ipse
3073 3702 3186 3744 non
3210 3688 3439 3760 fuisset,
3458 3688 3581 3745 sine
3601 3687 3772 3745 dubio

2138 3771 2323 3842 gloria
2354 3773 2606 3829 Romana
2643 3773 2912 3845 perisset.
2941 3776 3040 3847 (H.
3061 3792 3133 3833 m.
3159 3778 3237 3833 Η.
3272 3779 3370 3849 R.)
3403 3778 3517 3835 iste
3547 3776 3771 3849 propin-

2139 3876 2311 3931 quum
2346 3877 2513 3918 suum
2551 3863 2783 3919 Lucium
2816 3865 3061 3922 Annium
3092 3867 3441 3925 Antoninum
3483 3868 3765 3933 Severum,

2138 3950 2235 4020 qui
2265 3955 2391 4006 erat
2423 3965 2605 4020 gener
2639 3952 2908 4008 Antonini
2941 3953 3048 4024 Pii,
3078 3969 3223 4011 nova
3246 3954 3626 4012 benivolentia
3645 3970 3775 4011 con-

2137 4042 2355 4094 sortem
2388 4039 2617 4110 imperii
2650 4040 2809 4113 fecit,
2846 4046 3084 4112 tumque
3115 4042 3365 4114 primum
3405 4044 3649 4101 Romana
3679 4058 3770 4098 res

2138 4126 2372 4199 publica
2398 4127 2632 4184 duobus
2656 4143 2824 4200 aquo
2842 4129 3293 4202 jureimperium
3310 4132 3775 4191 amministranti-

2137 4217 2247 4273 bus
2274 4217 2490 4289 paruit,
2518 4232 2647 4275 cum
2673 4233 2857 4289 usque
2887 4220 2958 4276 ad
2990 4219 3127 4278 illos
3153 4236 3383 4293 semper
3403 4220 3659 4291 singulos
3678 4222 3772 4278 ha-

2137 4305 2364 4363 buisset
2396 4311 2701 4376 augustos.
2729 4308 2797 4363 Hi
2830 4307 3045 4367 bellum
3077 4315 3281 4368 contra
3314 4312 3560 4369 Parthos
3583 4325 3772 4381 gesse~

2136 4398 2293 4467 runt,
2329 4395 2400 4452 ad
2432 4396 2588 4467 quod
2619 4403 2813 4454 tamen
2847 4398 3060 4458 Lucius
3092 4400 3313 4459 Annius
3343 4402 3588 4458 Severus
3616 4415 3770 4472 perr-

1970 4547 2020 4587 ω
2052 4510 2105 4571 D
2135 4485 2277 4556 exit,
2312 4484 2611 4587 multaque
2644 4490 2703 4544 et
2733 4487 3011 4587 ingentio.
3036 4504 3165 4587 per.
3186 4505 3263 4587 se.
3297 4489 3589 4587 ducesque
3631 4504 3765 4587 suos

2134 4574 2382 4645 peregit,
2418 4574 2769 4646 rediensque
2798 4591 2929 4633 cum
2958 4578 3224 4651 victoria,
3249 4578 3306 4636 in
3337 4578 3570 4635 Venetia
3598 4578 3761 4649 obiit,

2132 4675 2281 4719 anno
2312 4662 2540 4734 imperii
2576 4669 2689 4735 11°,
2725 4664 2927 4736 sicque
2956 4667 3183 4726 Marcus
3208 4667 3531 4726 Antoninus
3560 4667 3763 4726 iterum

2131 4750 2297 4807 solus
2330 4751 2635 4824 imperium
2667 4752 2943 4812 obtinuit.

2206 4863 2252 4914 1.
2289 4857 2476 4929 (Ilian.
2511 4863 2573 4915 et
2600 4860 2681 4917 Η.
2706 4861 2813 4932 m.)
2844 4861 3040 4919 Primo
3069 4863 3243 4935 hujus
3272 4879 3421 4921 anno
3451 4859 3765 4935 Vologesus

2130 4962 2234 5005 rex
2255 4947 2602 5006 Parthorum
2628 4953 2760 5020 post
2783 4949 3093 5008 victoriam
3115 4953 3339 5024 Trajani
3360 4956 3497 5011 tunc
3524 4952 3765 5024 primum

2129 5034 2448 5107 rebellans,
2470 5036 2695 5094 vicinas
2719 5037 2829 5095 sibi
2851 5038 3139 5099 Romanas
3168 5041 3493 5114 provincias
3520 5042 3768 5116 depopu-

2128 5124 2285 5182 latus
2310 5129 2424 5195 est,
2441 5129 2647 5183 contra
2670 5140 2843 5198 quem
2869 5128 3082 5187 Lucius
3104 5131 3323 5189 Annius
3342 5131 3642 5205 profectus
3654 5136 3762 5190 est.

2197 5238 2251 5289 2.
2284 5231 2498 5305 (Ηιειι.)
2532 5235 2595 5289 A.
2630 5234 2693 5289 Β.
2732 5238 2851 5292 163.
2883 5234 3061 5296 Lucio
3091 5238 3297 5298 casari
3329 5237 3569 5297 Athenis
3599 5238 3767 5297 sacri-

1712 5410 1950 5468 VARle
2018 5403 2418 5464 LECTIONES.
2448 5446 2453 5451 .

428 5540 497 5577 ⁸⁵⁸
526 5540 837 5598 ordinatur
866 5542 1090 5593 sextus.
1125 5533 1300 5590 sedit.
1336 5540 1385 5591 5.
1422 5538 1625 5590 sextus
1670 5533 1978 5590 ordinatur
2028 5529 2298 5600 seditque
2346 5532 2432 5585 10.
2483 5528 2610 5586 0rd.
2648 5529 2770 5586 sed.
2808 5532 2904 5590 El.
2939 5531 3008 5568 ⁸⁵⁷

3037 5548 3092 5604 g.
3125 5549 3175 5593 c.
3211 5550 3257 5593 s.
3292 5550 3347 5594 n.
3384 5550 3434 5593 a.
3468 5550 3523 5593 v.
3559 5535 3769 5595 desunt

360 5615 403 5675 E
431 5621 481 5673 1.
517 5613 586 5646 ⁸⁸⁸
612 5612 704 5668 ita
735 5611 776 5664 Ε
812 5614 856 5681 1.
893 5609 1055 5665 deest
1076 5608 1211 5681 νεζί.
1242 5606 1311 5681 ξδθ
1343 5605 1730 5681 migravitque
1758 5606 1801 5661 E
1830 5610 1878 5662 1.
1914 5603 1983 5637 ²⁵⁰⁰
2010 5601 2164 5661 sedit
2193 5616 2300 5680 per
2332 5602 2375 5657 E
2403 5606 2454 5661 1.
2488 5600 2555 5633 ⁶⁰¹
2588 5601 2857 5675 peladion
2905 5604 2984 5664 1b.
3034 5600 3101 5641 5"
3139 5607 3321 5681 julius
3367 5611 3419 5667 5.
3469 5611 3544 5666 9°.
3587 5607 3759 5681 julius

361 5687 557 5749 Χχιιιτ.
601 5679 955 5743 simmachus
987 5684 1071 5741 10.
1105 5677 1174 5718 ⁵⁸³
1206 5677 1276 5735 ab
1308 5691 1359 5739 ιι.
1390 5677 1605 5741 desunt
1630 5681 1706 5736 9°.
