3932 6422
169 402 287 467 693

1043 402 1491 471 CHRONICA.
1524 437 1604 453 —-
1634 399 2111 470 CHRONICON
2154 401 2706 497 UNIVERSALE.

3457 400 3577 468 694

173 539 341 611 rium,
366 536 696 600 interfectis
713 540 839 614 ejus
859 539 1516 615 fraudePhilippis,hoc
1538 546 1623 599 est
1649 546 1815 615 patre
1844 537 1902 601 A
1932 539 2362 612 persecutione,
2416 539 2703 599 Fabianus
2750 553 2899 613 papa
2947 542 3069 597 19“-
3118 552 3328 613 passus
3366 542 3479 612 est,
3509 541 3578 597 13

170 634 230 687 et
265 629 402 701 ﬁlio,
438 634 495 686 et
528 635 598 688 30
625 632 920 688 mensibus
959 632 1225 702 regnavit
1250 630 1338 701 “0,
1382 631 1438 690 id
1468 636 1556 689 est
1587 631 1816 689 duobus

172 717 338 775 annis
370 721 426 773 et
464 718 725 776 dimidio.
774 720 986 791 (Hum)
1028 719 1270 786 Quidam
1308 725 1499 776 autem
1529 720 1815 789 scribunt,

171 822 301 863 cum
335 822 447 864 uno
480 812 705 865 tantum
738 822 887 864 anno
918 822 1230 877 regnasse;
1283 808 1386 866 sed
1434 809 1542 865 hoc
1573 808 1818 866 multum

173 896 471 954 discordat
509 895 578 929 ⁸11
619 896 993 969 passionibus
1034 902 1367 955 sanctorum
1411 898 1506 969 qui
1544 897 1819 968 leguntur

171 986 281 1041 sub
310 1000 378 1042 eo
409 985 561 1056 passi
595 984 792 1042 fuisse.
831 984 1017 1053 (Jonn.
1053 987 1131 1041 De
1158 999 1209 1042 ν.
1235 988 1309 1057 8.)
1342 988 1477 1042 Nam
1510 1001 1637 1043 cum
1670 985 1821 1055 lega-

171 1076 273 1130 tur
303 1074 589 1131 Fabianus
617 1089 765 1147 papa
793 1074 906 1130 14ίΟ
928 1074 1016 1133 sui
1040 1074 1415 1147 episcopatus
1446 1090 1593 1131 anno
1626 1074 1820 1129 marti-

173 1162 323 1219 rium
356 1162 466 1219 sub
488 1162 591 1219 illo
623 1164 942 1235 accepisse,
967 1166 1023 1219 et
1050 1162 1183 1219 huic
1209 1162 1534 1219 Cornelium
1568 1163 1819 1218 triennio

173 1250 230 1306 in
280 1250 419 1307 sede
469 1252 827 1309 successisse
876 1252 1131 1322 itemque
1180 1254 1288 1307 sub
1336 1252 1537 1307 eodem
1585 1267 1818 1323 passum

173 1338 375 1409 fuisse,
420 1338 642 1397 Sixtum
684 1355 914 1411 quoque
948 1346 1008 1396 et
1039 1340 1410 1396 Laurentium
1441 1344 1498 1395 et
1530 1340 1818 1412 Ypolitum

178 1426 446 1498 aliosque
478 1427 873 1500 quamplures,
910 1433 1069 1484 stare
1103 1443 1210 1485 non
1244 1432 1456 1499 potest,
1494 1434 1552 1482 nt
1587 1432 1676 1485 tot
1707 1428 1818 1485 sibi

174 1516 229 1570 in
255 1515 508 1571 Romana
532 1516 669 1572 sede
693 1516 1079 1573 succedentes
1099 1533 1211 1573 uno
1236 1532 1384 1573 anno
1413 1516 1814 1585 truciJaverit,

172 1604 421 1659 maxime
451 1619 580 1660 cum
616 1604 939 1675 Cornelius,
977 1609 1040 1661 ut
1072 1604 1491 1661 :ccclesnastiea
1522 1605 1691 1661 doeet
1722 1605 1819 1675 hy-

169 1691 353 1748 storia
390 1693 544 1763 (Ecs.
581 1694 662 1749 H.
695 1707 740 1748 e.
779 1708 874 1760 νη,
910 1696 987 1764 3,)
1022 1693 1272 1749 triennio
1305 1694 1503 1750 sedem
1539 1694 1813 1751 tenuerit.

170 1780 335 1835 Unde
358 1784 414 1835 et
438 1780 509 1835 de
534 1780 789 1851 ipsorum
816 1796 1043 1851 quoque
1074 1782 1412 1852 pontiﬁcum
1446 1782 1816 1839 successione

1930 630 2051 687 Kal.
2080 630 2245 687 Febr.
2277 630 2378 688 Cui
2404 629 2706 687 Cornelius
2726 628 3035 686 vicesimus
3056 627 3397 698 succedens,
3425 629 3579 686 sedit

1930 734 2140 776 annum
2161 718 2306 777 met
2332 734 2560 777 menses
2592 724 2818 790 septem
2843 723 2902 774 ct
2926 718 3052 774 dies
3083 717 3326 788 aliquot,
3358 718 3496 776 licet
3520 718 3578 775 in

1929 806 2347 865 azcclesiastica
2378 808 2636 879 hystoria
2668 808 2786 877 (vn,
2820 811 2872 863 3.
2905 808 2986 864 Cf.
3022 821 3097 877 v1,
3130 810 3222 877 29)
3254 806 3484 877 legatur
3508 838 3580 851 —-

1929 894 1977 952 si
2000 900 2193 953 tamen
2224 896 2365 953 vitio
2397 895 2750 968 scriptorum
2785 895 2933 951 liber
2964 894 3324 967 depravatus
3347 910 3458 951 non
3483 899 3579 953 est

1928 1015 1997 1024 —
2027 984 2217 1041 tribus
2246 984 2412 1041 annis
2443 984 2639 1040 sedem
2680 982 2960 1053 tenuisse,
3005 982 3160 1054 quod
3192 983 3402 1040 rationi
3437 987 3580 1041 tem-

1932 1088 2134 1143 porum
2178 1072 2333 1128 Decii
2377 1086 2487 1127 non
2527 1072 2761 1127 videtur
2800 1072 3111 1127 convenire
3154 1070 3248 1139 (cf.
3285 1073 3479 1143 HIER.,
3508 1102 3579 1113 —

1930 1162 2060 1216 Ecs.
2094 1161 2171 1216 Η.
2208 1174 2253 1216 e.
2293 1176 2363 1215 γι.
2396 1159 2471 1231 9).
2508 1160 2840 1216 Alexander
2881 1159 3428 1217 Hierosolimitanus
3457 1160 3579 1232 epi-

1931 1264 2163 1320 sc0pus,
2187 1249 2444 1305 Narcissi
2468 1263 2793 1319 successor,
2820 1262 3057 1305 cursum
3082 1249 3294 1306 bonum
3311 1263 3580 1306 consum-

1930 1337 2128 1407 mavit,
2162 1337 2257 1394 cui
2290 1337 2632 1395 Azabbanes
2660 1337 2971 1394 successit.
3008 1336 3405 1394 Antiochenus
3439 1352 3581 1408 quo-

1930 1439 2040 1495 que
2062 1425 2258 1496 presul
2279 1424 2587 1497 aequaliter
2606 1424 2936 1482 Alexandro
2956 1424 3286 1496 decertans,
3307 1424 3363 1481 in
3380 1425 3580 1482 vincu-

1929 1513 2000 1569 lis
2028 1514 2288 1583 moritur,
2326 1519 2457 1585 post
2492 1528 2659 1585 quem
2689 1513 2978 1570 Fabianus
3016 1518 3137 1570 13ιι⁸
3168 1512 3574 1571 constituitur.

1998 1605 2047 1657 2.
2095 1603 2158 1658 A.
2202 1604 2262 1657 D.
2307 1607 2429 1658 255.
2473 1601 2776 1659 Cornelius
2817 1616 2965 1674 papa
2990 1606 3118 1659 20‘"
3151 1615 3359 1674 passus
3389 1604 3480 1659 est
3517 1604 3580 1658 18

1929 1690 2050 1746 Kal.
2085 1690 2389 1758 Octobris;
2424 1690 2515 1747 cui
2540 1690 2864 1748 succedens
2896 1692 3111 1762 Syxtus
3143 1705 3289 1763 papa
3313 1693 3461 1762 2t“,
3491 1704 3582 1748 se-

1930 1778 2014 1835 dit
2055 1793 2283 1835 menses
2321 1783 2403 1834 10.

169 1867 404 1937 questio
434 1868 684 1924 animum
710 1867 904 1939 pulsat
929 1868 1240 1939 quomodo,
1267 1870 1437 1925 Decio
1461 1884 1700 1939 regnum
1726 1869 1816 1926 vel
1845 1894 1900 1953 Β
1997 1864 2050 1922 3.
2087 1869 2149 1922 A.
2188 1868 2248 1923 D.
2280 1871 2404 1924 256.
2442 1867 2653 1940 Syxtus
2686 1882 2832 1940 papa
2863 1882 3069 1939 passus
3097 1870 3187 1924 est
3210 1866 3400 1924 81dus
3430 1868 3574 1939 Aug.

170 1970 286 2012 uno
316 1955 405 2012 vel
439 1955 669 2013 duobus
692 1961 751 2013 et
774 1956 1012 2013 dimidio
1046 1972 1193 2014 anno
1227 1961 1479 2014 tenente.
1517 1958 1817 2015 Cornelius

167 2044 575 2116 epis00patum
598 2046 912 2102 Romanum
942 2045 1131 2102 tribus
1150 2047 1314 2117 juxta
1340 2046 1816 2103 aacclesiasticam

170 2133 491 2203 hystoriam
538 2135 704 2189 annis
752 2134 1027 2204 tenuerit,
1081 2134 1248 2205 eique
1296 2135 1507 2192 Lucius
1552 2150 1654 2206 per
1683 2140 1816 2191 octo

170 2236 420 2293 menses,
452 2222 781 2293 Stephanus
812 2237 951 2278 vero
978 2237 1078 2293 per
1103 2222 1417 2293 biennium,
1455 2222 1664 2279 dehinc
1697 2223 1819 2279 Six-

171 2314 267 2366 tus
300 2324 403 2381 per
435 2310 699 2367 undecim
740 2324 943 2381 annos,
976 2311 1107 2366 exin
1144 2312 1437 2368 Dionisius
1479 2326 1581 2383 per
1611 2325 1814 2367 novem

169 2413 355 2455 annos
387 2399 759 2469 successerit,
790 2415 919 2455 cum
946 2415 1046 2471 per
1069 2414 1294 2455 omnem
1327 2400 1651 2456 zecclesiam
1682 2401 1817 2455 Gor-

170 2485 361 2542 nelius
379 2489 435 2541 et
458 2486 674 2557 Sixtus,
691 2487 859 2559 cujus
877 2486 1155 2544 diaconus
1175 2492 1301 2543 erat
1323 2488 1688 2557 Laurentius,
1708 2488 1816 2544 sub

170 2574 341 2631 Decio
374 2575 525 2646 passi
558 2576 955 2647 prediccntur,
992 2577 1199 2633 Lucius
1228 2591 1365 2633 vero
1396 2582 1456 2632 et
1488 2576 1815 2648 Stephanus

172 2664 283 2719 sub
311 2662 612 2720 Valeriano
632 2668 691 2720 et
714 2662 974 2720 Gallieno
999 2664 1343 2720 martirizati
1366 2664 1656 2735 legantur.
1694 2665 1816 2731 Qua

170 2752 239 2808 de
270 2765 336 2807 re
369 2749 573 2820 conjici
609 2754 824 2823 potest,
859 2751 1299 2808 successionum
1330 2752 1487 2809 vices
1512 2752 1652 2808 vitio
1676 2752 1817 2808 scri-

171 2844 400 2912 ptorum
433 2854 537 2911 pro
568 2838 948 2896 similitudine
990 2840 1280 2897 nominum
1322 2844 1573 2897 mutatas
1604 2841 1813 2905 fuisse;

170 2927 584 2984 auctoritatem
610 2943 746 2984 vero
768 2928 1073 2985 catholicae
1103 2929 1386 2985 {ecclesiae
1412 2929 1481 2985 ad
1506 2944 1613 2985 nos
1634 2944 1815 3000 usque

171 3015 478 3087 perlatam,
510 3016 811 3087 probabile
833 3021 944 3086 est,
973 3017 1324 3088 sequendam
1350 3032 1494 3074 esse.
1523 3018 1631 3074 Sed
1658 3022 1718 3073 ut
1744 3018 1815 3074 ad

170 3105 474 3177 superiora
528 3104 854 3175 redeamus,
889 3104 989 3176 (Η.
1024 3108 1126 3177 m.)
1163 3107 1372 3165 Decius
1422 3105 1600 3163 ﬁlium
1650 3114 1813 3163 suum

172 3192 405 3249 Decium
436 3207 712 3249 caesarem
743 3193 897 3264 fecit,
924 3198 984 3249 et
1010 3195 1477 3266 persecutionem
1512 3194 1813 3267 septimam

171 3285 304 3352 post
334 3282 616 3336 Neronem
640 3280 694 3336 in
716 3280 1068 3338 christianos
1102 3282 1296 3353 movit,
1331 3282 1692 3340 occasionem
1725 3299 1816 3340 su-
1846 3251 1894 3312 Ο

171 3383 334 3425 mens
378 3366 574 3425 odium
621 3368 1021 3441 Philipporum
1073 3386 1217 3441 quos
1261 3370 1578 3440 interfecit,
1616 3370 1671 3426 in
1704 3385 1812 3441 qua

175 3456 586 3528 persecutione
620 3455 785 3513 multi
818 3463 1151 3514 sanctorum
1178 3458 1331 3530 passi
1356 3462 1509 3513 sunt.
1541 3459 1720 3520 (Hum.
1747 3487 1816 3499 -

170 3543 566 3616 H.m.)Hujus
584 3545 945 3616 temporibus
962 3561 1092 3602 cum
1117 3546 1346 3617 plurimi
1371 3546 1537 3602 Gothi
1558 3546 1813 3602 Histrum

170 3632 407 3689 fluvium
442 3636 893 3703 transmeantes,
928 3635 1314 3691 Romanorum
1345 3634 1613 3690 civitates
1646 3634 1817 3690 deva-

166 3724 413 3790 starcnt,
449 3720 656 3777 Decius
684 3737 811 3778 cum
848 3721 965 3778 ﬁlio
997 3737 1103 3778 suo
1133 3722 1265 3778 illos
1294 3722 1448 3778 bello
1480 3736 1811 3792 aggressus,

168 3813 235 3864 30
266 3808 423 3865 milia
446 3824 518 3864 cx
540 3808 624 3865 eis
647 3810 885 3881 occidit,
920 3810 990 3866 de
1020 3810 1143 3866 suis
1165 3826 1397 3881 quoque
1432 3809 1647 3866 multos
1680 3810 1816 3866 ami-

170 3896 264 3951 sit.
287 3896 470 3953 Filius
489 3897 663 3953 etiam
682 3897 807 3968 ejus
827 3898 1173 3955 interfectus
1195 3903 1307 3969 est,
1336 3899 1578 3970 ipseque
1601 3898 1655 3953 in
1680 3913 1816 3954 con-

171 3984 327 4041 fusas
379 3986 584 4042 turbas
630 3986 844 4056 gurgiti
885 3987 1183 4057 cujusdam
1217 3987 1445 4057 paludis
1476 3987 1815 4043 submersus

170 4078 277 4143 est,
312 4073 393 4129 ita
420 4079 610 4130 utnec
640 4073 890 4130 cadaver
920 4074 1047 4143 ejus
1079 4074 1328 4130 inveniri
1360 4074 1639 4145 potuerit,
1668 4089 1816 4129 anno

172 4160 397 4233 imperii
430 4162 519 4218 sui
552 4162 755 4234 tercio,
788 4162 921 4220 vita;
955 4162 1456 4234 quinquagesimo.
1494 4164 1625 4218 Haec
1648 4160 1815 4231 juxta

171 4248 511 4321 hystoriam,
541 4250 596 4306 in
622 4251 949 4323 passionum
983 4266 1122 4306 vero
1157 4251 1306 4307 libro
1340 4250 1621 4321 scriptum
1658 4264 1818 4320 repe-

171 4337 342 4408 ritur,
369 4338 521 4409 quod
546 4338 857 4395 interfecto
890 4340 1067 4410 Syxto
1100 4353 1244 4410 papa
1265 4344 1324 4393 et
1346 4340 1474 4409 ejus
1499 4338 1819 4394 archiadia-

169 4441 314 4482 cono
357 4426 667 4483 Laurentio
705 4427 972 4498 aliisque,
1018 4442 1083 4482 ac
1122 4426 1331 4482 deinde
1374 4426 1604 4497 Ypolito
1648 4426 1819 4481 socii-

172 4529 315 4586 sque
344 4514 492 4586 ejus,
517 4519 585 4571 27
609 4515 702 4573 die
725 4520 859 4588 post
884 4516 1206 4588 passionem
1240 4520 1579 4571 sanctorum
1611 4514 1819 4570 Decius

1929 1970 2058 2013 cum
2103 1954 2252 2011 aliis.
2296 1956 2455 2013 Passi
2502 1960 2638 2013 sunt
2679 1957 2789 2013 hoc
2831 1971 2980 2013 anno
3012 1955 3433 2013 Polochronius
3460 1956 3580 2028 epi-

1929 2059 2143 2116 scopus
2172 2059 2304 2101 cum
2337 2044 2559 2115 multis,
2593 2043 2846 2100 Abdo‘“
2870 2048 2927 2101 et
2953 2047 3193 2115 Sennes,
3228 2043 3581 2116 Olimpiades

1927 2136 1985 2188 et
2010 2133 2305 2204 Maximus,
2343 2133 2689 2189 Laurentius
2713 2137 2845 2204 post
2868 2134 3129 2204 Syxtum,
3159 2130 3424 2205 Ypolitus
3445 2148 3576 2189 cum

1928 2220 2101 2276 sociis
2141 2220 2282 2283 suis.
2329 2219 2547 2291 aliique
2592 2220 2965 2292 quamplures
3006 2220 3103 2291 (cf.
3134 2220 3346 2292 Μανι.)
3387 2219 3577 2276 Dioni-

1927 2308 2047 2364 sius
2071 2322 2216 2380 papa
2239 2313 2365 2363 22118
2388 2313 2521 2380 post
2546 2310 2784 2379 Syxtnm
2804 2309 3129 2380 ordinatus,
3154 2309 3307 2366 sedit
3326 2307 3575 2366 annis'“

1927 2396 2173 2467 duobus,
2208 2412 2438 2454 menses
2469 2402 2520 2453 5.

1928 2486 2072 2541 Anni
2108 2486 2251 2541 Galli
2295 2490 2352 2543 et
2384 2483 2701 2543 Volusiani.

2000 2574 2100 2644 (Η.
2133 2577 2237 2647 m.)
2287 2577 2448 2631 Anno
2498 2574 2800 2631 dominicae
2853 2573 3275 2631 incarnationis
3322 2578 3446 2643 257,
3501 2575 3573 2631 ab

1926 2664 2081 2721 Urbe
2111 2664 2345 2719 condita
2378 2663 2684 2720 millesimo
2714 2668 2765 2720 8.
2802 2663 2995 2721 Virius
3032 2663 3231 2720 Gallus
3262 2663 3567 2735 Hostilius,

1924 2756 2050 2809 26W
2079 2753 2151 2808 ab
2184 2754 2465 2823 Augusto,
2503 2752 2819 2823 imperator
2836 2752 2909 2808 ab
2931 2752 3195 2810 exercitu
3224 2756 3461 2809 creatur
3482 2751 3572 2821 ω,

1926 2846 1985 2897 et
2017 2857 2145 2897 cum
2178 2840 2495 2896 Volusiano
2539 2840 2656 2895 ﬁlio
2698 2856 2803 2897 suo
2836 2841 3104 2911 regnavit
3130 2841 3294 2897 annis
3324 2840 3573 2911 duobus,

1926 2944 2155 2985 menses
2188 2933 2237 2985 4.
2275 2929 2497 2999 (Βεολ.)
2532 2928 2714 2998 Hujus
2749 2929 2977 3000 imperii
3008 2928 3303 2985 Dionisius
3332 2928 3578 2985 Alexan-

1927 3018 2129 3074 drinus
2149 3017 2458 3089 episcopus
2479 3018 2735 3074 meminit
2756 3017 2834 3074 ita
2860 3037 2871 3072 :
2896 3036 2923 3068 «
2943 3019 3011 3074 At
3031 3032 3101 3073 ne
3123 3016 3318 3075 Gallus
3341 3016 3573 3088 quidem

1927 3107 2138 3163 malum
2180 3106 2333 3162 Decii
2377 3111 2477 3162 aut
2513 3105 2712 3163 videre
2756 3105 2948 3178 potuit
2981 3109 3081 3162 aut
3115 3119 3345 3174 cavere,
3380 3104 3483 3160 sed
3517 3103 3573 3160 in

1924 3194 2170 3251 eundem
2201 3194 2451 3266 lapidem
2481 3193 2817 3250 offensionis
2848 3194 3197 3264 impingens,
3235 3196 3471 3248 sanctos
3494 3191 3574 3248 vi-

1926 3299 2024 3339 ros
2060 3288 2408 3354 persecutus
2440 3287 2547 3339 est.
2584 3302 2611 3335 ››
2649 3283 2813 3354 (Anu.
2847 3281 3028 3352 Vicr.)
3070 3281 3169 3336 His
3214 3278 3576 3351 temporibus

1926 3370 2264 3428 Emilianns
2286 3371 2518 3441 quidam
2540 3371 2594 3425 in
2615 3370 2809 3425 Mmsia
2838 3368 3155 3440 imperator
3176 3366 3439 3424 elevatus
3459 3370 3569 3435 est,

1923 3466 2130 3517 contra
2164 3474 2332 3530 quem
2364 3459 2548 3529 ambo,
2585 3462 2751 3530 pater
2781 3456 3009 3514 scilicet
3038 3454 3106 3489 ⁸¹⁶
3139 3471 3203 3512 ac
3236 3454 3410 3525 ﬁlius,
3445 3469 3575 3525 per-

1924 3552 2150 3618 gentes,
2170 3548 2241 3603 ab
2260 3547 2525 3603 exercitu
2546 3562 2652 3602 suo
2674 3545 2964 3601 interfecti
2987 3548 3141 3615 sunt,
3168 3548 3333 3617 pater
3350 3543 3573 3599 habens

1926 3651 2109 3692 annos
2128 3635 2261 3691 vitae
2287 3637 2372 3705 47,
2402 3633 2738 3691 :Emilianus
2764 3639 2955 3690 autem
2973 3631 3060 3703 “7,
3088 3634 3317 3689 Maurus
3337 3644 3569 3701 genere,

1928 3729 2058 3796 post
2093 3738 2320 3780 menses
2355 3729 2604 3795 quatuor
2634 3722 2862 3779 occisus
2893 3726 3000 3779 est.

1999 3816 2047 3868 1.
2085 3811 2310 3883 (ΒεοΑ.)
2344 3812 2539 3867 Primo
2561 3810 2629 3844 m
2653 3826 2801 3867 anno
2835 3809 2996 3881 regni
3031 3806 3173 3865 Galli
3197 3811 3256 3865 et
3277 3805 3575 3864 Volusiani

1927 3899 2210 3969 Origenes
2259 3898 2574 3971 presbiter,
2628 3907 2778 3955 anno
2830 3897 3024 3955 aetatis
3072 3911 3193 3954 sua)
3223 3901 3292 3953 70
3324 3895 3576 3952 nondum

1927 3987 2187 4059 impleto,
2217 3988 2466 4043 moritur
2490 3990 2547 4043 et
2574 3987 2629 4043 in
2650 3988 2795 4058 Tyro
2820 3986 3127 4059 sepelitur,
3154 3983 3251 4056 qui
3275 3984 3329 4041 in
3352 3988 3576 4041 tantum

1924 4074 2164 4132 sedulus
2199 4075 2306 4131 fuit
2338 4075 2655 4145 scribendi,
2686 4080 2749 4131 ut
2773 4074 3145 4131 Hieronimus
3178 4072 3426 4145 quodam
3450 4070 3578 4130 loco

1928 4161 2102 4225 dicat,
2126 4160 2382 4231 quinque
2402 4160 2557 4215 milia
2577 4160 2865 4217 librorum
2885 4159 3010 4230 ejus
3027 4173 3090 4215 se
3108 4157 3340 4228 legisse.
3364 4158 3577 4229 (Ηιειι.)

1928 4247 2247 4305 Antiochia)
2269 4247 2653 4303 constituitur
2672 4247 3074 4305 Demctrianus
3096 4245 3407 4319 episcopus
3435 4249 3575 4302 14ιιε.

1996 4341 2046 4392 2.
2086 4341 2146 4391 A.
2186 4337 2244 4390 D.
2281 4339 2402 4390 258.
2457 4335 2654 4391 Gallus
2698 4340 2757 4390 et
2802 4335 3156 4392 Volusianus
3205 4334 3575 4392 occiduntur.

1930 4423 2218 4480 Dionisius
2271 4437 2416 4495 papa
2466 4427 2593 4479 22³⁸
2642 4422 2909 4493 migravit
2960 4421 3029 4456 ⁰¹⁹
3066 4427 3099 4478 6
3130 4421 3250 4477 Kal.
3299 4424 3425 4477 Jan.
3478 4421 3582 4477 Hic

1934 4512 2276 4584 presbiteris
2295 4512 2590 4569 zecelcsias
2610 4511 2908 4567 distribuit
2925 4515 2982 4567 et
3001 4510 3338 4583 parrochias
3358 4508 3576 4566 divisit.

171 4608 230 4659 et
260 4602 603 4660 Valerianus
644 4605 939 4675 prefectus
981 4604 1255 4659 sedentes
1291 4603 1344 4658 in
1379 4618 1643 4673 carruca,
1689 4619 1817 4659 cum
1849 4605 1902 4666 D
1933 4602 2123 4671 (Beas:
2162 4600 2373 4670 Mart.)

178 4694 502 4747 tractarent
535 4692 723 4749 adhuc
755 4692 825 4748 de
858 4706 998 4748 nece
1032 4696 1388 4759 snnetorum,
1421 4690 1701 4746 demoniis
1731 4705 1820 4746 ar-

173 4778 325 4851 repti
359 4784 516 4850 sunt,
551 4784 610 4837 et
642 4779 698 4836 in
730 4780 1028 4853 presentia
1071 4779 1227 4835 Decii
1259 4778 1602 4833 Valerianus
1633 4778 1824 4849 exspi-

172 4867 412 4937 raverit,
467 4868 679 4925 Decius
729 4883 869 4925 vero
920 4868 1151 4924 rediens
1185 4868 1239 4922 in
1274 4865 1574 4938 palatium,
1629 4866 1822 4923 triduo

170 4961 417 5012 vexatus
448 4956 546 5026 sit,
575 4960 632 5012 et
668 4957 722 5012 in
752 4962 1073 5028 conSpectu
1104 4955 1433 5027 Triphonize
1470 4955 1669 5011 uxoris
1701 4970 1821 5012 sua:

169 5043 509 5099 exalaverit.
544 5044 806 5110 Qualiter
836 5049 1025 5100 autem
1057 5060 1233 5115 super
1268 5044 1358 5098 his
1388 5043 1609 5099 veritas
1638 5058 1698 5098 se
1728 5043 1823 5099 ha-

172 5131 328 5202 beat,
366 5132 420 5187 in
452 5133 809 5205 scriptorum
844 5133 1067 5189 ratione
1094 5131 1394 5189 consistat.

245 5224 293 5274 1.
324 5219 492 5291 (Chr.
531 5222 635 5292 ιν.)
655 5221 847 5277 Primo
870 5220 1025 5277 Decii
1046 5236 1194 5277 anno
1219 5220 1365 5276 facta
1391 5220 1444 5275 in
1467 5220 1823 5277 christianos

1932 4689 2079 4746 Anni
2112 4688 2401 4746 Valeriani
2432 4693 2489 4745 et
2533 4686 2794 4744 Gallieni.

2004 4778 2104 4849 (Η.
2134 4778 2238 4848 m.)
2273 4780 2434 4833 Anno
2466 4776 2769 4833 dominica:
2804 4774 3225 4831 incarnationis
3252 4778 3377 4843 259,
3407 4772 3582 4829 Urbis

1931 4878 2070 4920 vero
2112 4863 2361 4919 conditae
2410 4863 2717 4918 millesimo
2762 4866 2844 4917 10.
2894 4859 3165 4917 Lucinius
3213 4857 3578 4927 Valerianus,

1930 4958 2315 5023 cognomento
2347 4953 2641 5021 Colobins,
2680 4951 2732 5006 in
2766 4951 2931 5007 Retia
2957 4954 3015 5006 et
3039 4948 3246 5005 Norico
3276 4962 3474 5018 agens,
3510 4948 3582 5002 ab

1932 5041 2197 5097 exercitu
2238 5040 2556 5111 imperator
2585 5047 2844 5111 creatus,
2881 5054 3013 5095 mox
3043 5042 3328 5108 angustus
3362 5041 3449 5090 est
3486 5050 3585 5106 ap-

1935 5130 2202 5201 pellatus,
2229 5135 2355 5185 27‘“
2380 5130 2449 5183 ab
2476 5131 2738 5198 Augusto
2758 5146 2771 5195 ;
2795 5130 2989 5184 Romae
3013 5140 3151 5181 vero
3176 5124 3471 5181 Gallienus
3491 5122 3581 5193 ⁶²⁰,

1935 5219 2087 5275 ﬁlius
2107 5217 2237 5288 ejus
2258 5216 2347 5288 “’1,
2377 5231 2406 5272 a
2429 5220 2635 5273 senatu
2667 5231 2854 5273 caesar
2885 5212 3217 5288 appellatus
3243 5215 3356 5283 est,
3383 5225 3587 5281 regna-

1537 5387 1773 5442 VARLE
1816 5385 2213 5443 LECTIONES.

236 5549 307 5583 “°
338 5550 505 5610 deest
529 5556 609 5608 10.
645 5557 728 5609 11.
815 5552 883 5586 ⁸η
914 5553 1077 5611 deest
1102 5555 1199 5611 Et.
1286 5554 1353 5587 ⁶¹²
1384 5569 1437 5611 a.
1495 5568 1668 5610 unum
1703 5558 1751 5608 5.

167 5633 205 5677 α
227 5621 757 5697 reliquisfecedit.
838 5623 905 5657 “5
937 5629 1173 5683 creatus
1206 5642 1335 5684 cum
1366 5631 1415 5681 5.
1495 5624 1563 5657 ⁶¹⁶
1594 5641 1641 5681 s.
1679 5640 1731 5697 p.
1767 5629 1817 5682 5.

172 5706 308 5749 num
340 5698 393 5748 5.
472 5693 543 5726 ⁶²⁰
566 5694 834 5764 galienus
865 5701 915 5750 5.
949 5710 1193 5769 semper.
1278 5697 1511 5753 “ldeest
1541 5698 1635 5752 Et.

1839 5552 1908 5586 ⁸⁸³
1938 5553 2126 5609 abdon
2183 5557 2257 5607 9°.
2295 5557 2380 5608 1ι.

1910 5624 1977 5658 ⁶ί⁷
2003 5624 2163 5681 deest
2196 5626 2288 5680 El.

2460 5550 2527 5583 ω
2562 5563 2742 5605 annos
2777 5548 2878 5603 ιιος
2935 5549 3032 5603 El.
3087 5548 3198 5650 ἵιιί
3238 5548 3330 5605 ita
3364 5546 3587 5626 Sevius

2477 5623 2516 5650 n
2576 5625 2766 5650 nnDnnn
2802 5633 2829 5650 η
2890 5620 2957 5650 vi
3064 5616 3086 5650 6
3114 5617 3136 5650 9
3173 5634 3221 5650 ..π
3297 5617 3361 5650 ml
3401 5619 3585 5650 .Inm._

2377 5621 2445 5655 ⁶¹⁸
2477 5623 2537 5678 Ρ.
2576 5625 2769 5676 autem
2802 5633 2852 5675 a.
2890 5620 2985 5675 El.
3064 5616 3136 5651 ⁶¹⁹
3171 5634 3251 5675 m.
3297 5617 3364 5675 ad
3401 5616 3587 5673 demi-
