  <div class='ocr_page' id='page_1' title='image "/cluster/home/n/w/nwhite01/storage/ocr_20150623/153-154/uc1.31175019678096/939.png"; bbox 0 0 3946 6434; ppageno 0'>
   <div class='ocr_carea' id='block_1_1' title="bbox 348 406 466 474">
    <p class='ocr_par' dir='ltr' id='par_1_1' title="bbox 348 406 466 474">
     <span class='ocr_line' id='line_1_1' title="bbox 348 406 466 474; baseline 0.017 -2"><span class='ocrx_word' id='word_1_1' title='bbox 348 406 466 474; x_wconf 79' lang='grc'>695</span> 
     </span>
    </p>
   </div>
   <div class='ocr_carea' id='block_1_2' title="bbox 1511 421 2601 489">
    <p class='ocr_par' dir='ltr' id='par_1_2' title="bbox 1511 421 2601 489">
     <span class='ocr_line' id='line_1_2' title="bbox 1511 421 2601 489; baseline 0 -2"><span class='ocrx_word' id='word_1_2' title='bbox 1511 421 1997 489; x_wconf 80' lang='lat' dir='ltr'>EKKEHARDI</span> <span class='ocrx_word' id='word_1_3' title='bbox 2046 421 2601 487; x_wconf 49' lang='lat' dir='ltr'>URAUGIVNSIS</span> 
     </span>
    </p>
   </div>
   <div class='ocr_carea' id='block_1_3' title="bbox 3643 420 3765 484">
    <p class='ocr_par' dir='ltr' id='par_1_3' title="bbox 3643 420 3765 484">
     <span class='ocr_line' id='line_1_3' title="bbox 3643 420 3765 484; baseline 0 0"><span class='ocrx_word' id='word_1_4' title='bbox 3643 420 3765 484; x_wconf 84' lang='lat'>696</span> 
     </span>
    </p>
   </div>
   <div class='ocr_carea' id='block_1_4' title="bbox 351 551 3773 633">
    <p class='ocr_par' dir='ltr' id='par_1_4' title="bbox 351 551 3773 633">
     <span class='ocr_line' id='line_1_4' title="bbox 351 551 3773 633; baseline 0.004 -29"><span class='ocrx_word' id='word_1_5' title='bbox 351 554 679 622; x_wconf 86' lang='lat' dir='ltr'>veruntquc</span> <span class='ocrx_word' id='word_1_6' title='bbox 703 551 873 611; x_wconf 85' lang='lat' dir='ltr'>simul</span> <span class='ocrx_word' id='word_1_7' title='bbox 897 554 1064 615; x_wconf 87' lang='lat' dir='ltr'>annis</span> <span class='ocrx_word' id='word_1_8' title='bbox 1086 572 1208 631; x_wconf 89' lang='lat' dir='ltr'>sex,</span> <span class='ocrx_word' id='word_1_9' title='bbox 1238 557 1534 619; x_wconf 81' lang='lat' dir='ltr'>Gallienus</span> <span class='ocrx_word' id='word_1_10' title='bbox 1555 575 1694 619; x_wconf 90' lang='lat' dir='ltr'>vero</span> <span class='ocrx_word' id='word_1_11' title='bbox 1721 559 1882 618; x_wconf 85' lang='lat' dir='ltr'>solus</span> <span class='ocrx_word' id='word_1_12' title='bbox 1908 576 2002 633; x_wconf 78' lang='grc' dir='ltr'>ρο·</span> <span class='ocrx_word' id='word_1_13' title='bbox 2032 560 2088 620; x_wconf 91' lang='grc' dir='ltr'><strong>Α</strong></span> <span class='ocrx_word' id='word_1_14' title='bbox 2123 560 2434 617; x_wconf 82' lang='lat' dir='ltr'>Ysmeneus</span> <span class='ocrx_word' id='word_1_15' title='bbox 2468 559 2791 618; x_wconf 77' lang='lat' dir='ltr'>ordinatur.</span> <span class='ocrx_word' id='word_1_16' title='bbox 2842 556 3204 615; x_wconf 70' lang='lat' dir='ltr'>Alexandria)</span> <span class='ocrx_word' id='word_1_17' title='bbox 3238 557 3620 619; x_wconf 71' lang='lat' dir='ltr'>constituitur</span> <span class='ocrx_word' id='word_1_18' title='bbox 3647 560 3773 632; x_wconf 79' lang='lat' dir='ltr'>epi-</span> 
     </span>
    </p>
   </div>
   <div class='ocr_carea' id='block_1_5' title="bbox 353 640 2005 717">
    <p class='ocr_par' dir='ltr' id='par_1_5' title="bbox 353 640 2005 717">
     <span class='ocr_line' id='line_1_5' title="bbox 353 640 2005 717; baseline 0.007 -22"><span class='ocrx_word' id='word_1_19' title='bbox 353 648 476 697; x_wconf 87' lang='lat' dir='ltr'>stca</span> <span class='ocrx_word' id='word_1_20' title='bbox 511 640 578 675; x_wconf 83' lang='grc'>⁶²²</span> <span class='ocrx_word' id='word_1_21' title='bbox 607 658 833 716; x_wconf 90' lang='lat' dir='ltr'>novem,</span> <span class='ocrx_word' id='word_1_22' title='bbox 887 647 983 717; x_wconf 88' lang='lat' dir='ltr'>qui</span> <span class='ocrx_word' id='word_1_23' title='bbox 1034 648 1246 705; x_wconf 88' lang='lat' dir='ltr'>faciunt</span> <span class='ocrx_word' id='word_1_24' title='bbox 1299 664 1480 705; x_wconf 90' lang='lat' dir='ltr'>annos</span> <span class='ocrx_word' id='word_1_25' title='bbox 1530 656 1611 707; x_wconf 87' lang='grc'>15.</span> <span class='ocrx_word' id='word_1_26' title='bbox 1660 651 2005 707; x_wconf 79' lang='lat' dir='ltr'>Valerianus</span> 
     </span>
    </p>
   </div>
   <div class='ocr_carea' id='block_1_6' title="bbox 354 729 2004 809">
    <p class='ocr_par' dir='ltr' id='par_1_6' title="bbox 354 729 2004 809">
     <span class='ocr_line' id='line_1_6' title="bbox 354 729 2004 809; baseline 0.005 -24"><span class='ocrx_word' id='word_1_27' title='bbox 354 729 548 801; x_wconf 80' lang='lat' dir='ltr'>itaque</span> <span class='ocrx_word' id='word_1_28' title='bbox 569 733 783 790; x_wconf 82' lang='lat' dir='ltr'>nobilis</span> <span class='ocrx_word' id='word_1_29' title='bbox 807 735 1037 806; x_wconf 90' lang='lat' dir='ltr'>quidem</span> <span class='ocrx_word' id='word_1_30' title='bbox 1056 742 1178 794; x_wconf 89' lang='lat' dir='ltr'>erat</span> <span class='ocrx_word' id='word_1_31' title='bbox 1197 754 1411 808; x_wconf 79' lang='lat' dir='ltr'>genere</span> <span class='ocrx_word' id='word_1_32' title='bbox 1429 739 1522 809; x_wconf 65' lang='grc'>6³³,</span> <span class='ocrx_word' id='word_1_33' title='bbox 1540 740 1792 797; x_wconf 89' lang='lat' dir='ltr'>stolidus</span> <span class='ocrx_word' id='word_1_34' title='bbox 1813 746 2004 796; x_wconf 90' lang='lat' dir='ltr'>tamen</span> 
     </span>
    </p>
   </div>
   <div class='ocr_carea' id='block_1_7' title="bbox 353 819 2003 901">
    <p class='ocr_par' dir='ltr' id='par_1_7' title="bbox 353 819 2003 901">
     <span class='ocr_line' id='line_1_7' title="bbox 353 819 2003 901; baseline 0.006 -27"><span class='ocrx_word' id='word_1_35' title='bbox 353 825 407 874; x_wconf 89' lang='lat' dir='ltr'>ct</span> <span class='ocrx_word' id='word_1_36' title='bbox 441 819 509 852; x_wconf 75' lang='grc'>⁶²¹</span> <span class='ocrx_word' id='word_1_37' title='bbox 540 821 695 878; x_wconf 85' lang='lat' dir='ltr'>iners</span> <span class='ocrx_word' id='word_1_38' title='bbox 736 824 1002 895; x_wconf 87' lang='lat' dir='ltr'>multum,</span> <span class='ocrx_word' id='word_1_39' title='bbox 1048 842 1151 884; x_wconf 91' lang='lat' dir='ltr'>nec</span> <span class='ocrx_word' id='word_1_40' title='bbox 1194 828 1263 882; x_wconf 88' lang='lat' dir='ltr'>ad</span> <span class='ocrx_word' id='word_1_41' title='bbox 1302 828 1555 899; x_wconf 81' lang='lat' dir='ltr'>aliquem</span> <span class='ocrx_word' id='word_1_42' title='bbox 1590 845 1755 885; x_wconf 88' lang='lat' dir='ltr'>usum</span> <span class='ocrx_word' id='word_1_43' title='bbox 1791 829 2003 901; x_wconf 92' lang='lat' dir='ltr'>publici</span> 
     </span>
    </p>
   </div>
   <div class='ocr_carea' id='block_1_8' title="bbox 356 909 2006 983">
    <p class='ocr_par' dir='ltr' id='par_1_8' title="bbox 356 909 2006 983">
     <span class='ocr_line' id='line_1_8' title="bbox 356 909 2006 983; baseline 0.006 -21"><span class='ocrx_word' id='word_1_44' title='bbox 356 909 524 964; x_wconf 73' lang='lat' dir='ltr'>officii</span> <span class='ocrx_word' id='word_1_45' title='bbox 560 910 806 967; x_wconf 88' lang='lat' dir='ltr'>consilio</span> <span class='ocrx_word' id='word_1_46' title='bbox 837 928 936 969; x_wconf 91' lang='lat' dir='ltr'>seu</span> <span class='ocrx_word' id='word_1_47' title='bbox 967 916 1151 983; x_wconf 78' lang='lat' dir='ltr'>gestis</span> <span class='ocrx_word' id='word_1_48' title='bbox 1181 917 1670 975; x_wconf 89' lang='lat' dir='ltr'>accommodatus.</span> <span class='ocrx_word' id='word_1_49' title='bbox 1708 916 2006 973; x_wconf 81' lang='lat' dir='ltr'>Gallienus</span> 
     </span>
    </p>
   </div>
   <div class='ocr_carea' id='block_1_9' title="bbox 355 1001 2007 1080">
    <p class='ocr_par' dir='ltr' id='par_1_9' title="bbox 355 1001 2007 1080">
     <span class='ocr_line' id='line_1_9' title="bbox 355 1001 2007 1080; baseline 0.007 -28"><span class='ocrx_word' id='word_1_50' title='bbox 355 1001 548 1055; x_wconf 76' lang='lat' dir='ltr'>autem</span> <span class='ocrx_word' id='word_1_51' title='bbox 581 1001 829 1071; x_wconf 90' lang='lat' dir='ltr'>primum</span> <span class='ocrx_word' id='word_1_52' title='bbox 857 1003 1108 1061; x_wconf 84' lang='lat' dir='ltr'>feliciter</span> <span class='ocrx_word' id='word_1_53' title='bbox 1132 1008 1417 1079; x_wconf 90' lang='lat' dir='ltr'>regnavit,</span> <span class='ocrx_word' id='word_1_54' title='bbox 1446 1012 1648 1080; x_wconf 90' lang='lat' dir='ltr'>postea</span> <span class='ocrx_word' id='word_1_55' title='bbox 1673 1022 1811 1064; x_wconf 88' lang='lat' dir='ltr'>vero</span> <span class='ocrx_word' id='word_1_56' title='bbox 1832 1007 1901 1040; x_wconf 76' lang='grc' dir='ltr'>⁶²ί</span> <span class='ocrx_word' id='word_1_57' title='bbox 1924 1006 2007 1063; x_wconf 90' lang='lat' dir='ltr'>lu-</span> 
     </span>
    </p>
   </div>
   <div class='ocr_carea' id='block_1_10' title="bbox 354 1088 2008 1164">
    <p class='ocr_par' dir='ltr' id='par_1_10' title="bbox 354 1088 2008 1164">
     <span class='ocr_line' id='line_1_10' title="bbox 354 1088 2008 1164; baseline 0.006 -23"><span class='ocrx_word' id='word_1_58' title='bbox 354 1088 587 1144; x_wconf 86' lang='lat' dir='ltr'>xuriose</span> <span class='ocrx_word' id='word_1_59' title='bbox 610 1090 831 1161; x_wconf 78' lang='lat' dir='ltr'>vivens,</span> <span class='ocrx_word' id='word_1_60' title='bbox 856 1092 1163 1164; x_wconf 89' lang='lat' dir='ltr'>imperium</span> <span class='ocrx_word' id='word_1_61' title='bbox 1191 1096 1306 1151; x_wconf 91' lang='lat' dir='ltr'>fere</span> <span class='ocrx_word' id='word_1_62' title='bbox 1331 1096 1727 1153; x_wconf 90' lang='lat' dir='ltr'>adnichilavit.</span> <span class='ocrx_word' id='word_1_63' title='bbox 1753 1095 2008 1152; x_wconf 89' lang='lat' dir='ltr'>Valeria-</span> 
     </span>
    </p>
   </div>
   <div class='ocr_carea' id='block_1_11' title="bbox 354 1177 2004 1255">
    <p class='ocr_par' dir='ltr' id='par_1_11' title="bbox 354 1177 2004 1255">
     <span class='ocr_line' id='line_1_11' title="bbox 354 1177 2004 1255; baseline 0.005 -25"><span class='ocrx_word' id='word_1_64' title='bbox 354 1190 462 1232; x_wconf 90' lang='lat' dir='ltr'>nus</span> <span class='ocrx_word' id='word_1_65' title='bbox 487 1177 664 1247; x_wconf 77' lang='lat' dir='ltr'>igitur</span> <span class='ocrx_word' id='word_1_66' title='bbox 689 1179 868 1237; x_wconf 89' lang='lat' dir='ltr'>ﬁlium</span> <span class='ocrx_word' id='word_1_67' title='bbox 893 1197 1058 1237; x_wconf 90' lang='lat' dir='ltr'>suum</span> <span class='ocrx_word' id='word_1_68' title='bbox 1085 1183 1407 1241; x_wconf 89' lang='lat' dir='ltr'>Gallienum</span> <span class='ocrx_word' id='word_1_69' title='bbox 1429 1186 1562 1241; x_wconf 88' lang='lat' dir='ltr'>fecit</span> <span class='ocrx_word' id='word_1_70' title='bbox 1587 1191 1921 1255; x_wconf 88' lang='lat' dir='ltr'>augustum,</span> <span class='ocrx_word' id='word_1_71' title='bbox 1947 1188 2004 1239; x_wconf 90' lang='lat' dir='ltr'>et</span> 
     </span>
    </p>
   </div>
   <div class='ocr_carea' id='block_1_12' title="bbox 358 1265 2006 1344">
    <p class='ocr_par' dir='ltr' id='par_1_12' title="bbox 358 1265 2006 1344">
     <span class='ocr_line' id='line_1_12' title="bbox 358 1265 2006 1344; baseline 0.005 -25"><span class='ocrx_word' id='word_1_72' title='bbox 358 1265 689 1323; x_wconf 86' lang='lat' dir='ltr'>Cornelium</span> <span class='ocrx_word' id='word_1_73' title='bbox 742 1269 1132 1342; x_wconf 85' lang='lat' dir='ltr'>Valerianum,</span> <span class='ocrx_word' id='word_1_74' title='bbox 1188 1272 1429 1329; x_wconf 88' lang='lat' dir='ltr'>Gallieni</span> <span class='ocrx_word' id='word_1_75' title='bbox 1476 1272 1680 1344; x_wconf 90' lang='lat' dir='ltr'>ﬁlium,</span> <span class='ocrx_word' id='word_1_76' title='bbox 1726 1287 2006 1330; x_wconf 69' lang='lat' dir='ltr'>czcsarem</span> 
     </span>
    </p>
   </div>
   <div class='ocr_carea' id='block_1_13' title="bbox 355 1356 2007 1434">
    <p class='ocr_par' dir='ltr' id='par_1_13' title="bbox 355 1356 2007 1434">
     <span class='ocr_line' id='line_1_13' title="bbox 355 1356 2007 1434; baseline 0.005 -26"><span class='ocrx_word' id='word_1_77' title='bbox 355 1356 683 1413; x_wconf 87' lang='lat' dir='ltr'>constituit.</span> <span class='ocrx_word' id='word_1_78' title='bbox 741 1360 865 1414; x_wconf 87' lang='lat' dir='ltr'>Mox</span> <span class='ocrx_word' id='word_1_79' title='bbox 918 1364 1114 1417; x_wconf 90' lang='lat' dir='ltr'>autem</span> <span class='ocrx_word' id='word_1_80' title='bbox 1149 1366 1208 1417; x_wconf 90' lang='lat' dir='ltr'>ut</span> <span class='ocrx_word' id='word_1_81' title='bbox 1240 1377 1484 1432; x_wconf 88' lang='lat' dir='ltr'>regnare</span> <span class='ocrx_word' id='word_1_82' title='bbox 1530 1362 1706 1434; x_wconf 84' lang='lat' dir='ltr'>coepit</span> <span class='ocrx_word' id='word_1_83' title='bbox 1755 1362 2007 1418; x_wconf 87' lang='lat' dir='ltr'>Licinius</span> 
     </span>
    </p>
   </div>
   <div class='ocr_carea' id='block_1_14' title="bbox 357 1443 2008 1519">
    <p class='ocr_par' dir='ltr' id='par_1_14' title="bbox 357 1443 2008 1519">
     <span class='ocr_line' id='line_1_14' title="bbox 357 1443 2008 1519; baseline 0.005 -23"><span class='ocrx_word' id='word_1_84' title='bbox 357 1443 723 1517; x_wconf 88' lang='lat' dir='ltr'>Valerianus,</span> <span class='ocrx_word' id='word_1_85' title='bbox 781 1458 1244 1519; x_wconf 70' lang='lat' dir='ltr'>persecutionem</span> <span class='ocrx_word' id='word_1_86' title='bbox 1288 1466 1317 1506; x_wconf 92' lang='lat' dir='ltr'>a</span> <span class='ocrx_word' id='word_1_87' title='bbox 1360 1453 1588 1508; x_wconf 75' lang='lat' dir='ltr'>Nerone</span> <span class='ocrx_word' id='word_1_88' title='bbox 1636 1456 1899 1507; x_wconf 82' lang='lat' dir='ltr'>octavam</span> <span class='ocrx_word' id='word_1_89' title='bbox 1952 1450 2008 1505; x_wconf 91' lang='lat' dir='ltr'>in</span> 
     </span>
    </p>
   </div>
   <div class='ocr_carea' id='block_1_15' title="bbox 356 1533 2009 1612">
    <p class='ocr_par' dir='ltr' id='par_1_15' title="bbox 356 1533 2009 1612">
     <span class='ocr_line' id='line_1_15' title="bbox 356 1533 2009 1612; baseline 0.004 -25"><span class='ocrx_word' id='word_1_90' title='bbox 356 1533 711 1592; x_wconf 85' lang='lat' dir='ltr'>christianos</span> <span class='ocrx_word' id='word_1_91' title='bbox 732 1539 1028 1606; x_wconf 85' lang='lat' dir='ltr'>exercuit;</span> <span class='ocrx_word' id='word_1_92' title='bbox 1056 1544 1257 1610; x_wconf 88' lang='lat' dir='ltr'>postea</span> <span class='ocrx_word' id='word_1_93' title='bbox 1280 1540 1333 1595; x_wconf 92' lang='lat' dir='ltr'>in</span> <span class='ocrx_word' id='word_1_94' title='bbox 1355 1540 1768 1612; x_wconf 89' lang='lat' dir='ltr'>Mesopotamia</span> <span class='ocrx_word' id='word_1_95' title='bbox 1794 1538 2009 1595; x_wconf 88' lang='lat' dir='ltr'>bellum</span> 
     </span>
    </p>
   </div>
   <div class='ocr_carea' id='block_1_16' title="bbox 356 1626 2013 1701">
    <p class='ocr_par' dir='ltr' id='par_1_16' title="bbox 356 1626 2013 1701">
     <span class='ocr_line' id='line_1_16' title="bbox 356 1626 2013 1701; baseline 0.002 -24"><span class='ocrx_word' id='word_1_96' title='bbox 356 1636 588 1694; x_wconf 79' lang='lat' dir='ltr'>gerens,</span> <span class='ocrx_word' id='word_1_97' title='bbox 628 1640 657 1680; x_wconf 88' lang='lat' dir='ltr'>a</span> <span class='ocrx_word' id='word_1_98' title='bbox 694 1626 909 1696; x_wconf 89' lang='lat' dir='ltr'>Sapore</span> <span class='ocrx_word' id='word_1_99' title='bbox 938 1629 1249 1684; x_wconf 85' lang='lat' dir='ltr'>Persarum</span> <span class='ocrx_word' id='word_1_100' title='bbox 1282 1644 1420 1697; x_wconf 81' lang='lat' dir='ltr'>rege</span> <span class='ocrx_word' id='word_1_101' title='bbox 1450 1628 1517 1661; x_wconf 78' lang='grc'>⁰²⁴</span> <span class='ocrx_word' id='word_1_102' title='bbox 1544 1632 1754 1701; x_wconf 89' lang='lat' dir='ltr'>captus</span> <span class='ocrx_word' id='word_1_103' title='bbox 1786 1627 2013 1683; x_wconf 91' lang='lat' dir='ltr'>lumini-</span> 
     </span>
    </p>
   </div>
   <div class='ocr_carea' id='block_1_17' title="bbox 360 1712 2006 1787">
    <p class='ocr_par' dir='ltr' id='par_1_17' title="bbox 360 1712 2006 1787">
     <span class='ocr_line' id='line_1_17' title="bbox 360 1712 2006 1787; baseline 0.004 -20"><span class='ocrx_word' id='word_1_104' title='bbox 360 1712 583 1783; x_wconf 87' lang='lat' dir='ltr'>busque</span> <span class='ocrx_word' id='word_1_105' title='bbox 612 1714 891 1787; x_wconf 88' lang='lat' dir='ltr'>privatus,</span> <span class='ocrx_word' id='word_1_106' title='bbox 918 1718 1236 1775; x_wconf 88' lang='lat' dir='ltr'>miserabili</span> <span class='ocrx_word' id='word_1_107' title='bbox 1262 1720 1550 1775; x_wconf 86' lang='lat' dir='ltr'>servitute</span> <span class='ocrx_word' id='word_1_108' title='bbox 1575 1720 1651 1774; x_wconf 89' lang='lat' dir='ltr'>ibi</span> <span class='ocrx_word' id='word_1_109' title='bbox 1678 1718 2006 1775; x_wconf 87' lang='lat' dir='ltr'>consenuit.</span> 
     </span>
    </p>
   </div>
   <div class='ocr_carea' id='block_1_18' title="bbox 360 1800 2012 1878">
    <p class='ocr_par' dir='ltr' id='par_1_18' title="bbox 360 1800 2012 1878">
     <span class='ocr_line' id='line_1_18' title="bbox 360 1800 2012 1878; baseline 0.002 -21"><span class='ocrx_word' id='word_1_110' title='bbox 360 1800 526 1869; x_wconf 80' lang='lat' dir='ltr'>(C’ltr.</span> <span class='ocrx_word' id='word_1_111' title='bbox 579 1804 685 1875; x_wconf 68' lang='grc' dir='ltr'>ιγ.)</span> <span class='ocrx_word' id='word_1_112' title='bbox 730 1805 867 1861; x_wconf 73' lang='lat' dir='ltr'>Nam</span> <span class='ocrx_word' id='word_1_113' title='bbox 899 1806 1172 1877; x_wconf 87' lang='lat' dir='ltr'>quamdiu</span> <span class='ocrx_word' id='word_1_114' title='bbox 1215 1807 1470 1877; x_wconf 86' lang='lat' dir='ltr'>vivebat,</span> <span class='ocrx_word' id='word_1_115' title='bbox 1507 1823 1740 1878; x_wconf 88' lang='lat' dir='ltr'>semper</span> <span class='ocrx_word' id='word_1_116' title='bbox 1770 1807 2012 1862; x_wconf 88' lang='lat' dir='ltr'>acclinis</span> 
     </span>
    </p>
   </div>
   <div class='ocr_carea' id='block_1_19' title="bbox 2118 648 2802 720">
    <p class='ocr_par' dir='ltr' id='par_1_19' title="bbox 2118 648 2802 720">
     <span class='ocr_line' id='line_1_19' title="bbox 2118 648 2802 720; baseline -0.003 -16"><span class='ocrx_word' id='word_1_117' title='bbox 2118 663 2332 720; x_wconf 89' lang='lat' dir='ltr'>scopus</span> <span class='ocrx_word' id='word_1_118' title='bbox 2357 654 2376 704; x_wconf 91' lang='grc'>1</span> <span class='ocrx_word' id='word_1_119' title='bbox 2391 652 2479 703; x_wconf 58' lang='grc' dir='ltr'>με</span> <span class='ocrx_word' id='word_1_120' title='bbox 2509 648 2802 705; x_wconf 83' lang='lat' dir='ltr'>Maximus.</span> 
     </span>
    </p>
   </div>
   <div class='ocr_carea' id='block_1_20' title="bbox 2189 736 3767 812">
    <p class='ocr_par' dir='ltr' id='par_1_20' title="bbox 2189 736 3767 812">
     <span class='ocr_line' id='line_1_20' title="bbox 2189 736 3767 812; baseline 0.002 -20"><span class='ocrx_word' id='word_1_121' title='bbox 2189 742 2272 792; x_wconf 91' lang='lat'>13.</span> <span class='ocrx_word' id='word_1_122' title='bbox 2311 740 2373 792; x_wconf 75' lang='grc' dir='ltr'>Α.</span> <span class='ocrx_word' id='word_1_123' title='bbox 2407 740 2468 793; x_wconf 92' lang='grc' dir='ltr'>Ι).</span> <span class='ocrx_word' id='word_1_124' title='bbox 2505 743 2628 795; x_wconf 87' lang='grc'>271.</span> <span class='ocrx_word' id='word_1_125' title='bbox 2666 737 2987 795; x_wconf 66' lang='lat' dir='ltr'>Antiochia:</span> <span class='ocrx_word' id='word_1_126' title='bbox 3030 736 3334 796; x_wconf 89' lang='lat' dir='ltr'>ordinatur</span> <span class='ocrx_word' id='word_1_127' title='bbox 3365 738 3617 795; x_wconf 89' lang='lat' dir='ltr'>Domnus</span> <span class='ocrx_word' id='word_1_128' title='bbox 3648 739 3767 812; x_wconf 88' lang='lat' dir='ltr'>epi-</span> 
     </span>
    </p>
   </div>
   <div class='ocr_carea' id='block_1_21' title="bbox 2116 825 2626 897">
    <p class='ocr_par' dir='ltr' id='par_1_21' title="bbox 2116 825 2626 897">
     <span class='ocr_line' id='line_1_21' title="bbox 2116 825 2626 897; baseline 0.002 -16"><span class='ocrx_word' id='word_1_129' title='bbox 2116 840 2332 897; x_wconf 89' lang='lat' dir='ltr'>sc0pus</span> <span class='ocrx_word' id='word_1_130' title='bbox 2373 825 2440 859; x_wconf 78' lang='grc'>⁶³¹</span> <span class='ocrx_word' id='word_1_131' title='bbox 2485 831 2626 882; x_wconf 73' lang='grc' dir='ltr'>16ιιε.</span> 
     </span>
    </p>
   </div>
   <div class='ocr_carea' id='block_1_22' title="bbox 2190 913 3767 987">
    <p class='ocr_par' dir='ltr' id='par_1_22' title="bbox 2190 913 3767 987">
     <span class='ocr_line' id='line_1_22' title="bbox 2190 913 3767 987; baseline -0.001 -16"><span class='ocrx_word' id='word_1_132' title='bbox 2190 918 2272 971; x_wconf 84' lang='grc'>15.</span> <span class='ocrx_word' id='word_1_133' title='bbox 2310 914 2477 983; x_wconf 76' lang='lat' dir='ltr'>(Citr.</span> <span class='ocrx_word' id='word_1_134' title='bbox 2528 916 2636 987; x_wconf 84' lang='lat' dir='ltr'>W.)</span> <span class='ocrx_word' id='word_1_135' title='bbox 2668 918 2730 971; x_wconf 88' lang='lat' dir='ltr'>A.</span> <span class='ocrx_word' id='word_1_136' title='bbox 2766 917 2827 970; x_wconf 91' lang='lat' dir='ltr'>D.</span> <span class='ocrx_word' id='word_1_137' title='bbox 2864 918 2988 971; x_wconf 89' lang='lat'>273.</span> <span class='ocrx_word' id='word_1_138' title='bbox 3021 913 3309 971; x_wconf 89' lang='lat' dir='ltr'>Dionisius</span> <span class='ocrx_word' id='word_1_139' title='bbox 3339 929 3486 987; x_wconf 89' lang='lat' dir='ltr'>papa</span> <span class='ocrx_word' id='word_1_140' title='bbox 3517 918 3646 970; x_wconf 64' lang='lat' dir='ltr'>26ua</span> <span class='ocrx_word' id='word_1_141' title='bbox 3678 931 3767 971; x_wconf 92' lang='lat' dir='ltr'>or-</span> 
     </span>
    </p>
   </div>
   <div class='ocr_carea' id='block_1_23' title="bbox 2115 1001 3766 1075">
    <p class='ocr_par' dir='ltr' id='par_1_23' title="bbox 2115 1001 3766 1075">
     <span class='ocr_line' id='line_1_23' title="bbox 2115 1001 3766 1075; baseline 0.001 -17"><span class='ocrx_word' id='word_1_142' title='bbox 2115 1001 2372 1075; x_wconf 90' lang='lat' dir='ltr'>dinatus,</span> <span class='ocrx_word' id='word_1_143' title='bbox 2417 1002 2568 1060; x_wconf 87' lang='lat' dir='ltr'>sedit</span> <span class='ocrx_word' id='word_1_144' title='bbox 2599 1003 2766 1061; x_wconf 92' lang='lat' dir='ltr'>annis</span> <span class='ocrx_word' id='word_1_145' title='bbox 2797 1008 2846 1060; x_wconf 82' lang='lat'>9.</span> <span class='ocrx_word' id='word_1_146' title='bbox 2885 1003 3178 1061; x_wconf 89' lang='lat' dir='ltr'>Gallienus</span> <span class='ocrx_word' id='word_1_147' title='bbox 3208 1003 3512 1060; x_wconf 84' lang='lat' dir='ltr'>Mediolani</span> <span class='ocrx_word' id='word_1_148' title='bbox 3546 1003 3766 1060; x_wconf 86' lang='lat' dir='ltr'>interﬁ-</span> 
     </span>
    </p>
   </div>
   <div class='ocr_carea' id='block_1_24' title="bbox 2116 1091 2288 1148">
    <p class='ocr_par' dir='ltr' id='par_1_24' title="bbox 2116 1091 2288 1148">
     <span class='ocr_line' id='line_1_24' title="bbox 2116 1091 2288 1148; baseline 0 -1"><span class='ocrx_word' id='word_1_149' title='bbox 2116 1091 2288 1148; x_wconf 90' lang='lat' dir='ltr'>citur.</span> 
     </span>
    </p>
   </div>
   <div class='ocr_carea' id='block_1_25' title="bbox 2118 1182 2541 1239">
    <p class='ocr_par' dir='ltr' id='par_1_25' title="bbox 2118 1182 2541 1239">
     <span class='ocr_line' id='line_1_25' title="bbox 2118 1182 2541 1239; baseline 0 -2"><span class='ocrx_word' id='word_1_150' title='bbox 2118 1182 2263 1237; x_wconf 92' lang='lat' dir='ltr'>Anni</span> <span class='ocrx_word' id='word_1_151' title='bbox 2298 1182 2541 1239; x_wconf 86' lang='lat' dir='ltr'>Claudii.</span> 
     </span>
    </p>
   </div>
   <div class='ocr_carea' id='block_1_26' title="bbox 2189 1271 3767 1344">
    <p class='ocr_par' dir='ltr' id='par_1_26' title="bbox 2189 1271 3767 1344">
     <span class='ocr_line' id='line_1_26' title="bbox 2189 1271 3767 1344; baseline 0 -15"><span class='ocrx_word' id='word_1_152' title='bbox 2189 1271 2208 1340; x_wconf 94' lang='lat'>(</span> <span class='ocrx_word' id='word_1_153' title='bbox 2227 1272 2304 1329; x_wconf 83' lang='lat' dir='ltr'>W.</span> <span class='ocrx_word' id='word_1_154' title='bbox 2329 1274 2521 1344; x_wconf 80' lang='lat' dir='ltr'>mise.)</span> <span class='ocrx_word' id='word_1_155' title='bbox 2555 1273 2715 1328; x_wconf 88' lang='lat' dir='ltr'>Anno</span> <span class='ocrx_word' id='word_1_156' title='bbox 2748 1271 3051 1328; x_wconf 69' lang='lat' dir='ltr'>dominica:</span> <span class='ocrx_word' id='word_1_157' title='bbox 3083 1271 3498 1329; x_wconf 86' lang='lat' dir='ltr'>incarnationis</span> <span class='ocrx_word' id='word_1_158' title='bbox 3520 1274 3641 1328; x_wconf 77' lang='grc'>274.</span> <span class='ocrx_word' id='word_1_159' title='bbox 3670 1273 3767 1329; x_wconf 83' lang='lat' dir='ltr'>Ur-</span> 
     </span>
    </p>
   </div>
   <div class='ocr_carea' id='block_1_27' title="bbox 2120 1360 3764 1431">
    <p class='ocr_par' dir='ltr' id='par_1_27' title="bbox 2120 1360 3764 1431">
     <span class='ocr_line' id='line_1_27' title="bbox 2120 1360 3764 1431; baseline 0 -14"><span class='ocrx_word' id='word_1_160' title='bbox 2120 1361 2208 1418; x_wconf 87' lang='lat' dir='ltr'>bis</span> <span class='ocrx_word' id='word_1_161' title='bbox 2258 1361 2507 1417; x_wconf 66' lang='lat' dir='ltr'>condita:</span> <span class='ocrx_word' id='word_1_162' title='bbox 2556 1360 2865 1417; x_wconf 87' lang='lat' dir='ltr'>millesimo</span> <span class='ocrx_word' id='word_1_163' title='bbox 2915 1365 3001 1416; x_wconf 89' lang='grc'>25.</span> <span class='ocrx_word' id='word_1_164' title='bbox 3056 1360 3219 1430; x_wconf 86' lang='lat' dir='ltr'>(Aun.</span> <span class='ocrx_word' id='word_1_165' title='bbox 3271 1361 3424 1416; x_wconf 83' lang='lat' dir='ltr'>VICT.</span> <span class='ocrx_word' id='word_1_166' title='bbox 3465 1393 3507 1401; x_wconf 64' lang='grc' dir='ltr'>»ο</span> <span class='ocrx_word' id='word_1_167' title='bbox 3552 1362 3764 1431; x_wconf 67' lang='lat'>11.17:.)</span> 
     </span>
    </p>
   </div>
   <div class='ocr_carea' id='block_1_28' title="bbox 2119 1449 3762 1522">
    <p class='ocr_par' dir='ltr' id='par_1_28' title="bbox 2119 1449 3762 1522">
     <span class='ocr_line' id='line_1_28' title="bbox 2119 1449 3762 1522; baseline 0.001 -18"><span class='ocrx_word' id='word_1_168' title='bbox 2119 1450 2418 1519; x_wconf 87' lang='lat' dir='ltr'>Claudius,</span> <span class='ocrx_word' id='word_1_169' title='bbox 2460 1465 2628 1522; x_wconf 85' lang='lat' dir='ltr'>quem</span> <span class='ocrx_word' id='word_1_170' title='bbox 2675 1449 2840 1507; x_wconf 89' lang='lat' dir='ltr'>multi</span> <span class='ocrx_word' id='word_1_171' title='bbox 2872 1449 3070 1506; x_wconf 88' lang='lat' dir='ltr'>dicunt</span> <span class='ocrx_word' id='word_1_172' title='bbox 3105 1465 3135 1505; x_wconf 91' lang='lat' dir='ltr'>a</span> <span class='ocrx_word' id='word_1_173' title='bbox 3168 1449 3455 1505; x_wconf 85' lang='lat' dir='ltr'>Gordiano</span> <span class='ocrx_word' id='word_1_174' title='bbox 3484 1455 3762 1520; x_wconf 88' lang='lat' dir='ltr'>creatum,</span> 
     </span>
    </p>
   </div>
   <div class='ocr_carea' id='block_1_29' title="bbox 2120 1537 3767 1609">
    <p class='ocr_par' dir='ltr' id='par_1_29' title="bbox 2120 1537 3767 1609">
     <span class='ocr_line' id='line_1_29' title="bbox 2120 1537 3767 1609; baseline 0.001 -16"><span class='ocrx_word' id='word_1_175' title='bbox 2120 1542 2247 1593; x_wconf 59' lang='lat'>28118</span> <span class='ocrx_word' id='word_1_176' title='bbox 2289 1540 2359 1593; x_wconf 91' lang='lat' dir='ltr'>ab</span> <span class='ocrx_word' id='word_1_177' title='bbox 2401 1540 2680 1608; x_wconf 85' lang='lat' dir='ltr'>Augusto,</span> <span class='ocrx_word' id='word_1_178' title='bbox 2715 1554 2745 1594; x_wconf 90' lang='lat' dir='ltr'>a</span> <span class='ocrx_word' id='word_1_179' title='bbox 2780 1537 3063 1595; x_wconf 88' lang='lat' dir='ltr'>militibus</span> <span class='ocrx_word' id='word_1_180' title='bbox 3096 1538 3339 1609; x_wconf 87' lang='lat' dir='ltr'>electus,</span> <span class='ocrx_word' id='word_1_181' title='bbox 3372 1554 3404 1594; x_wconf 87' lang='lat' dir='ltr'>a</span> <span class='ocrx_word' id='word_1_182' title='bbox 3436 1543 3642 1595; x_wconf 87' lang='lat' dir='ltr'>senatu</span> <span class='ocrx_word' id='word_1_183' title='bbox 3674 1553 3767 1595; x_wconf 85' lang='lat' dir='ltr'>au-</span> 
     </span>
    </p>
   </div>
   <div class='ocr_carea' id='block_1_30' title="bbox 2120 1626 3761 1698">
    <p class='ocr_par' dir='ltr' id='par_1_30' title="bbox 2120 1626 3761 1698">
     <span class='ocr_line' id='line_1_30' title="bbox 2120 1626 3761 1698; baseline 0 -15"><span class='ocrx_word' id='word_1_184' title='bbox 2120 1630 2332 1697; x_wconf 88' lang='lat' dir='ltr'>gustus</span> <span class='ocrx_word' id='word_1_185' title='bbox 2351 1626 2704 1698; x_wconf 87' lang='lat' dir='ltr'>appellatus,</span> <span class='ocrx_word' id='word_1_186' title='bbox 2729 1627 2994 1696; x_wconf 77' lang='lat' dir='ltr'>regnavit</span> <span class='ocrx_word' id='word_1_187' title='bbox 3012 1641 3221 1683; x_wconf 91' lang='lat' dir='ltr'>annum</span> <span class='ocrx_word' id='word_1_188' title='bbox 3242 1642 3435 1696; x_wconf 89' lang='lat' dir='ltr'>unum,</span> <span class='ocrx_word' id='word_1_189' title='bbox 3464 1643 3690 1684; x_wconf 87' lang='lat' dir='ltr'>menses</span> <span class='ocrx_word' id='word_1_190' title='bbox 3712 1632 3761 1697; x_wconf 85' lang='lat'>9,</span> 
     </span>
    </p>
   </div>
   <div class='ocr_carea' id='block_1_31' title="bbox 2125 1714 3765 1786">
    <p class='ocr_par' dir='ltr' id='par_1_31' title="bbox 2125 1714 3765 1786">
     <span class='ocr_line' id='line_1_31' title="bbox 2125 1714 3765 1786; baseline 0.002 -17"><span class='ocrx_word' id='word_1_191' title='bbox 2125 1716 2212 1769; x_wconf 87' lang='lat' dir='ltr'>vir</span> <span class='ocrx_word' id='word_1_192' title='bbox 2236 1729 2449 1786; x_wconf 88' lang='lat' dir='ltr'>parcus</span> <span class='ocrx_word' id='word_1_193' title='bbox 2471 1720 2527 1769; x_wconf 90' lang='lat' dir='ltr'>et</span> <span class='ocrx_word' id='word_1_194' title='bbox 2553 1716 2854 1772; x_wconf 87' lang='lat' dir='ltr'>modestus</span> <span class='ocrx_word' id='word_1_195' title='bbox 2876 1718 2934 1769; x_wconf 88' lang='lat' dir='ltr'>et</span> <span class='ocrx_word' id='word_1_196' title='bbox 2959 1714 3102 1785; x_wconf 85' lang='lat' dir='ltr'>justi</span> <span class='ocrx_word' id='word_1_197' title='bbox 3125 1719 3298 1771; x_wconf 92' lang='lat' dir='ltr'>tenax</span> <span class='ocrx_word' id='word_1_198' title='bbox 3322 1729 3387 1769; x_wconf 88' lang='lat' dir='ltr'>ac</span> <span class='ocrx_word' id='word_1_199' title='bbox 3415 1714 3495 1771; x_wconf 90' lang='lat' dir='ltr'>rei</span> <span class='ocrx_word' id='word_1_200' title='bbox 3518 1714 3765 1786; x_wconf 63' lang='lat' dir='ltr'>publica</span> 
     </span>
    </p>
   </div>
   <div class='ocr_carea' id='block_1_32' title="bbox 2127 1802 3770 1875">
    <p class='ocr_par' dir='ltr' id='par_1_32' title="bbox 2127 1802 3770 1875">
     <span class='ocr_line' id='line_1_32' title="bbox 2127 1802 3770 1875; baseline 0.001 -16"><span class='ocrx_word' id='word_1_201' title='bbox 2127 1804 2390 1860; x_wconf 82' lang='lat' dir='ltr'>idoneus.</span> <span class='ocrx_word' id='word_1_202' title='bbox 2418 1805 2522 1860; x_wconf 87' lang='lat' dir='ltr'>llic</span> <span class='ocrx_word' id='word_1_203' title='bbox 2547 1803 2789 1860; x_wconf 89' lang='lat' dir='ltr'>Gallieni</span> <span class='ocrx_word' id='word_1_204' title='bbox 2817 1802 3119 1860; x_wconf 89' lang='lat' dir='ltr'>morientis</span> <span class='ocrx_word' id='word_1_205' title='bbox 3144 1804 3429 1860; x_wconf 88' lang='lat' dir='ltr'>sententia</span> <span class='ocrx_word' id='word_1_206' title='bbox 3453 1803 3770 1875; x_wconf 87' lang='lat' dir='ltr'>imperator</span> 
     </span>
    </p>
   </div>
   <div class='ocr_carea' id='block_1_33' title="bbox 358 1890 3767 1979">
    <p class='ocr_par' dir='ltr' id='par_1_33' title="bbox 358 1890 3767 1979">
     <span class='ocr_line' id='line_1_33' title="bbox 358 1890 3767 1979; baseline 0.001 -35"><span class='ocrx_word' id='word_1_207' title='bbox 358 1890 534 1960; x_wconf 87' lang='lat' dir='ltr'>humi,</span> <span class='ocrx_word' id='word_1_208' title='bbox 580 1906 773 1961; x_wconf 89' lang='lat' dir='ltr'>regem</span> <span class='ocrx_word' id='word_1_209' title='bbox 810 1894 861 1948; x_wconf 92' lang='lat' dir='ltr'>in</span> <span class='ocrx_word' id='word_1_210' title='bbox 896 1910 1105 1964; x_wconf 89' lang='lat' dir='ltr'>equum</span> <span class='ocrx_word' id='word_1_211' title='bbox 1149 1911 1530 1952; x_wconf 88' lang='lat' dir='ltr'>aseensurum</span> <span class='ocrx_word' id='word_1_212' title='bbox 1565 1897 1741 1952; x_wconf 87' lang='lat' dir='ltr'>dorso</span> <span class='ocrx_word' id='word_1_213' title='bbox 1783 1895 2014 1952; x_wconf 90' lang='lat' dir='ltr'>attolle-</span> <span class='ocrx_word' id='word_1_214' title='bbox 2044 1921 2097 1979; x_wconf 76' lang='grc' dir='ltr'>Β</span> <span class='ocrx_word' id='word_1_215' title='bbox 2129 1893 2471 1961; x_wconf 87' lang='lat' dir='ltr'>designatus</span> <span class='ocrx_word' id='word_1_216' title='bbox 2498 1897 2606 1963; x_wconf 88' lang='lat' dir='ltr'>est,</span> <span class='ocrx_word' id='word_1_217' title='bbox 2636 1892 2707 1949; x_wconf 86' lang='lat' dir='ltr'>ad</span> <span class='ocrx_word' id='word_1_218' title='bbox 2732 1907 2903 1963; x_wconf 88' lang='lat' dir='ltr'>quem</span> <span class='ocrx_word' id='word_1_219' title='bbox 2932 1892 3112 1949; x_wconf 88' lang='lat' dir='ltr'>Ticini</span> <span class='ocrx_word' id='word_1_220' title='bbox 3143 1893 3400 1965; x_wconf 87' lang='lat' dir='ltr'>positum</span> <span class='ocrx_word' id='word_1_221' title='bbox 3430 1893 3767 1949; x_wconf 87' lang='lat' dir='ltr'>vestimenta</span> 
     </span>
    </p>
   </div>
   <div class='ocr_carea' id='block_1_34' title="bbox 364 1980 2015 2056">
    <p class='ocr_par' dir='ltr' id='par_1_34' title="bbox 364 1980 2015 2056">
     <span class='ocr_line' id='line_1_34' title="bbox 364 1980 2015 2056; baseline 0.003 -21"><span class='ocrx_word' id='word_1_222' title='bbox 364 1980 477 2035; x_wconf 87' lang='lat' dir='ltr'>bat.</span> <span class='ocrx_word' id='word_1_223' title='bbox 513 1980 736 2055; x_wconf 71' lang='grc' dir='ltr'>(Βεω.)</span> <span class='ocrx_word' id='word_1_224' title='bbox 762 1983 923 2039; x_wconf 88' lang='lat' dir='ltr'>Unde</span> <span class='ocrx_word' id='word_1_225' title='bbox 946 1983 1014 2017; x_wconf 65' lang='grc'>⁸⁵⁸⁵</span> <span class='ocrx_word' id='word_1_226' title='bbox 1037 1984 1333 2040; x_wconf 89' lang='lat' dir='ltr'>Gallienus</span> <span class='ocrx_word' id='word_1_227' title='bbox 1358 1990 1473 2041; x_wconf 87' lang='lat' dir='ltr'>tam</span> <span class='ocrx_word' id='word_1_228' title='bbox 1499 1986 1657 2040; x_wconf 85' lang='lat' dir='ltr'>claro</span> <span class='ocrx_word' id='word_1_229' title='bbox 1683 1986 1777 2041; x_wconf 82' lang='lat' dir='ltr'>Dei</span> <span class='ocrx_word' id='word_1_230' title='bbox 1795 1985 2015 2056; x_wconf 78' lang='lat' dir='ltr'>judicio</span> 
     </span>
    </p>
   </div>
   <div class='ocr_carea' id='block_1_35' title="bbox 360 2069 2012 2141">
    <p class='ocr_par' dir='ltr' id='par_1_35' title="bbox 360 2069 2012 2141">
     <span class='ocr_line' id='line_1_35' title="bbox 360 2069 2012 2141; baseline 0.004 -20"><span class='ocrx_word' id='word_1_231' title='bbox 360 2069 630 2140; x_wconf 88' lang='lat' dir='ltr'>territus,</span> <span class='ocrx_word' id='word_1_232' title='bbox 674 2086 873 2141; x_wconf 86' lang='lat' dir='ltr'>pacem</span> <span class='ocrx_word' id='word_1_233' title='bbox 919 2073 1140 2129; x_wconf 76' lang='lat' dir='ltr'>nostris</span> <span class='ocrx_word' id='word_1_234' title='bbox 1172 2074 1365 2139; x_wconf 85' lang='lat' dir='ltr'>dedit;</span> <span class='ocrx_word' id='word_1_235' title='bbox 1409 2075 1483 2129; x_wconf 90' lang='lat' dir='ltr'>ob</span> <span class='ocrx_word' id='word_1_236' title='bbox 1517 2074 1788 2129; x_wconf 86' lang='lat' dir='ltr'>meritum</span> <span class='ocrx_word' id='word_1_237' title='bbox 1822 2077 2012 2129; x_wconf 89' lang='lat' dir='ltr'>tamen</span> 
     </span>
    </p>
   </div>
   <div class='ocr_carea' id='block_1_36' title="bbox 361 2157 2017 2233">
    <p class='ocr_par' dir='ltr' id='par_1_36' title="bbox 361 2157 2017 2233">
     <span class='ocr_line' id='line_1_36' title="bbox 361 2157 2017 2233; baseline 0.004 -20"><span class='ocrx_word' id='word_1_238' title='bbox 361 2157 451 2213; x_wconf 85' lang='lat' dir='ltr'>vel</span> <span class='ocrx_word' id='word_1_239' title='bbox 485 2159 737 2229; x_wconf 69' lang='lat' dir='ltr'>propria:</span> <span class='ocrx_word' id='word_1_240' title='bbox 765 2159 1027 2217; x_wconf 87' lang='lat' dir='ltr'>libidinis</span> <span class='ocrx_word' id='word_1_241' title='bbox 1050 2162 1141 2216; x_wconf 87' lang='lat' dir='ltr'>vel</span> <span class='ocrx_word' id='word_1_242' title='bbox 1163 2166 1419 2233; x_wconf 63' lang='lat' dir='ltr'>paterna;</span> <span class='ocrx_word' id='word_1_243' title='bbox 1452 2162 1831 2218; x_wconf 69' lang='lat' dir='ltr'>thcomacbize</span> <span class='ocrx_word' id='word_1_244' title='bbox 1855 2162 2017 2219; x_wconf 87' lang='lat' dir='ltr'>innu-</span> 
     </span>
    </p>
   </div>
   <div class='ocr_carea' id='block_1_37' title="bbox 365 2242 2085 2321">
    <p class='ocr_par' dir='ltr' id='par_1_37' title="bbox 365 2242 2085 2321">
     <span class='ocr_line' id='line_1_37' title="bbox 365 2242 2085 2321; baseline 0.002 -20"><span class='ocrx_word' id='word_1_245' title='bbox 365 2262 543 2316; x_wconf 90' lang='lat' dir='ltr'>mera,</span> <span class='ocrx_word' id='word_1_246' title='bbox 580 2248 847 2304; x_wconf 89' lang='lat' dir='ltr'>barbaris</span> <span class='ocrx_word' id='word_1_247' title='bbox 876 2251 1344 2320; x_wconf 86' lang='lat' dir='ltr'>assurgentibus,</span> <span class='ocrx_word' id='word_1_248' title='bbox 1371 2252 1609 2306; x_wconf 84' lang='lat' dir='ltr'>Romani</span> <span class='ocrx_word' id='word_1_249' title='bbox 1646 2251 1807 2321; x_wconf 88' lang='lat' dir='ltr'>regni</span> <span class='ocrx_word' id='word_1_250' title='bbox 1842 2251 2018 2307; x_wconf 90' lang='lat' dir='ltr'>detri-</span> <span class='ocrx_word' id='word_1_251' title='bbox 2078 2242 2085 2245; x_wconf 52' lang='grc'><strong><em>⁷</em></strong></span> 
     </span>
    </p>
   </div>
   <div class='ocr_carea' id='block_1_38' title="bbox 364 2323 2018 2411">
    <p class='ocr_par' dir='ltr' id='par_1_38' title="bbox 364 2323 2018 2411">
     <span class='ocr_line' id='line_1_38' title="bbox 364 2323 2018 2411; baseline 0.004 -22"><span class='ocrx_word' id='word_1_252' title='bbox 364 2340 557 2390; x_wconf 83' lang='lat' dir='ltr'>menta</span> <span class='ocrx_word' id='word_1_253' title='bbox 610 2323 913 2393; x_wconf 71' lang='lat' dir='ltr'>sustinuit.</span> <span class='ocrx_word' id='word_1_254' title='bbox 970 2339 1071 2406; x_wconf 82' lang='grc' dir='ltr'>(Π.</span> <span class='ocrx_word' id='word_1_255' title='bbox 1114 2341 1218 2411; x_wconf 82' lang='lat' dir='ltr'>m.)</span> <span class='ocrx_word' id='word_1_256' title='bbox 1270 2339 1355 2395; x_wconf 88' lang='lat' dir='ltr'>Ad</span> <span class='ocrx_word' id='word_1_257' title='bbox 1408 2340 1666 2395; x_wconf 89' lang='lat' dir='ltr'>ultimum</span> <span class='ocrx_word' id='word_1_258' title='bbox 1720 2341 2018 2411; x_wconf 83' lang='lat' dir='ltr'>profectus</span> 
     </span>
    </p>
   </div>
   <div class='ocr_carea' id='block_1_39' title="bbox 368 2424 2019 2499">
    <p class='ocr_par' dir='ltr' id='par_1_39' title="bbox 368 2424 2019 2499">
     <span class='ocr_line' id='line_1_39' title="bbox 368 2424 2019 2499; baseline 0.004 -22"><span class='ocrx_word' id='word_1_259' title='bbox 368 2424 650 2481; x_wconf 87' lang='lat' dir='ltr'>adversus</span> <span class='ocrx_word' id='word_1_260' title='bbox 680 2425 993 2482; x_wconf 85' lang='lat' dir='ltr'>Aurcolum</span> <span class='ocrx_word' id='word_1_261' title='bbox 1019 2426 1224 2483; x_wconf 90' lang='lat' dir='ltr'>ducem</span> <span class='ocrx_word' id='word_1_262' title='bbox 1248 2442 1439 2498; x_wconf 86' lang='lat' dir='ltr'>suum,</span> <span class='ocrx_word' id='word_1_263' title='bbox 1464 2428 1559 2499; x_wconf 89' lang='lat' dir='ltr'>qui</span> <span class='ocrx_word' id='word_1_264' title='bbox 1586 2427 1907 2484; x_wconf 89' lang='lat' dir='ltr'>Mediolano</span> <span class='ocrx_word' id='word_1_265' title='bbox 1933 2445 2019 2484; x_wconf 89' lang='lat' dir='ltr'>rc-</span> 
     </span>
    </p>
   </div>
   <div class='ocr_carea' id='block_1_40' title="bbox 363 2514 2019 2588">
    <p class='ocr_par' dir='ltr' id='par_1_40' title="bbox 363 2514 2019 2588">
     <span class='ocr_line' id='line_1_40' title="bbox 363 2514 2019 2588; baseline 0.003 -21"><span class='ocrx_word' id='word_1_266' title='bbox 363 2527 543 2581; x_wconf 83' lang='lat' dir='ltr'>gnarc</span> <span class='ocrx_word' id='word_1_267' title='bbox 572 2514 641 2554; x_wconf 68' lang='grc'>6³⁸³</span> <span class='ocrx_word' id='word_1_268' title='bbox 670 2517 998 2586; x_wconf 86' lang='lat' dir='ltr'>temptavit,</span> <span class='ocrx_word' id='word_1_269' title='bbox 1031 2516 1472 2587; x_wconf 84' lang='lat' dir='ltr'>comprehendit</span> <span class='ocrx_word' id='word_1_270' title='bbox 1507 2516 1665 2573; x_wconf 89' lang='lat' dir='ltr'>illum</span> <span class='ocrx_word' id='word_1_271' title='bbox 1696 2517 1846 2587; x_wconf 88' lang='lat' dir='ltr'>apud</span> <span class='ocrx_word' id='word_1_272' title='bbox 1882 2533 2019 2588; x_wconf 89' lang='lat' dir='ltr'>pon-</span> 
     </span>
    </p>
   </div>
   <div class='ocr_carea' id='block_1_41' title="bbox 365 2602 2019 2676">
    <p class='ocr_par' dir='ltr' id='par_1_41' title="bbox 365 2602 2019 2676">
     <span class='ocr_line' id='line_1_41' title="bbox 365 2602 2019 2676; baseline 0.004 -21"><span class='ocrx_word' id='word_1_273' title='bbox 365 2604 481 2656; x_wconf 90' lang='lat' dir='ltr'>tem</span> <span class='ocrx_word' id='word_1_274' title='bbox 535 2602 629 2672; x_wconf 87' lang='lat' dir='ltr'>qui</span> <span class='ocrx_word' id='word_1_275' title='bbox 682 2618 750 2658; x_wconf 87' lang='lat' dir='ltr'>ex</span> <span class='ocrx_word' id='word_1_276' title='bbox 800 2605 1029 2660; x_wconf 89' lang='lat' dir='ltr'>nomine</span> <span class='ocrx_word' id='word_1_277' title='bbox 1078 2604 1203 2671; x_wconf 85' lang='lat' dir='ltr'>ejus</span> <span class='ocrx_word' id='word_1_278' title='bbox 1255 2604 1542 2661; x_wconf 85' lang='lat' dir='ltr'>Aureolus</span> <span class='ocrx_word' id='word_1_279' title='bbox 1573 2604 1924 2676; x_wconf 87' lang='lat' dir='ltr'>appellatur,</span> <span class='ocrx_word' id='word_1_280' title='bbox 1961 2610 2019 2661; x_wconf 89' lang='lat' dir='ltr'>et</span> 
     </span>
    </p>
   </div>
   <div class='ocr_carea' id='block_1_42' title="bbox 368 2689 2016 2763">
    <p class='ocr_par' dir='ltr' id='par_1_42' title="bbox 368 2689 2016 2763">
     <span class='ocr_line' id='line_1_42' title="bbox 368 2689 2016 2763; baseline 0.004 -20"><span class='ocrx_word' id='word_1_281' title='bbox 368 2689 751 2747; x_wconf 87' lang='lat' dir='ltr'>Mediolanum</span> <span class='ocrx_word' id='word_1_282' title='bbox 777 2693 1042 2759; x_wconf 88' lang='lat' dir='ltr'>obsedit;</span> <span class='ocrx_word' id='word_1_283' title='bbox 1070 2693 1171 2749; x_wconf 91' lang='lat' dir='ltr'>sed</span> <span class='ocrx_word' id='word_1_284' title='bbox 1195 2708 1327 2749; x_wconf 88' lang='lat' dir='ltr'>cum</span> <span class='ocrx_word' id='word_1_285' title='bbox 1350 2694 1424 2748; x_wconf 89' lang='lat' dir='ltr'>ibi</span> <span class='ocrx_word' id='word_1_286' title='bbox 1447 2694 1745 2750; x_wconf 82' lang='lat' dir='ltr'>luxuriose</span> <span class='ocrx_word' id='word_1_287' title='bbox 1769 2693 2016 2763; x_wconf 84' lang='lat' dir='ltr'>viveret,</span> 
     </span>
    </p>
   </div>
   <div class='ocr_carea' id='block_1_43' title="bbox 367 2778 2019 2853">
    <p class='ocr_par' dir='ltr' id='par_1_43' title="bbox 367 2778 2019 2853">
     <span class='ocr_line' id='line_1_43' title="bbox 367 2778 2019 2853; baseline 0.003 -21"><span class='ocrx_word' id='word_1_288' title='bbox 367 2778 617 2833; x_wconf 88' lang='lat' dir='ltr'>artiﬁcio</span> <span class='ocrx_word' id='word_1_289' title='bbox 643 2780 903 2849; x_wconf 87' lang='lat' dir='ltr'>ejusdem</span> <span class='ocrx_word' id='word_1_290' title='bbox 930 2781 1160 2837; x_wconf 81' lang='lat' dir='ltr'>Aureoli</span> <span class='ocrx_word' id='word_1_291' title='bbox 1183 2796 1213 2836; x_wconf 88' lang='lat' dir='ltr'>a</span> <span class='ocrx_word' id='word_1_292' title='bbox 1233 2782 1353 2838; x_wconf 90' lang='lat' dir='ltr'>suis</span> <span class='ocrx_word' id='word_1_293' title='bbox 1373 2782 1719 2839; x_wconf 81' lang='lat' dir='ltr'>interfectus</span> <span class='ocrx_word' id='word_1_294' title='bbox 1736 2788 1847 2853; x_wconf 89' lang='lat' dir='ltr'>est,</span> <span class='ocrx_word' id='word_1_295' title='bbox 1870 2798 2019 2838; x_wconf 89' lang='lat' dir='ltr'>anno</span> 
     </span>
    </p>
   </div>
   <div class='ocr_carea' id='block_1_44' title="bbox 367 2867 2019 2943">
    <p class='ocr_par' dir='ltr' id='par_1_44' title="bbox 367 2867 2019 2943">
     <span class='ocr_line' id='line_1_44' title="bbox 367 2867 2019 2943; baseline 0.004 -21"><span class='ocrx_word' id='word_1_296' title='bbox 367 2867 563 2922; x_wconf 65' lang='lat' dir='ltr'>{etatis</span> <span class='ocrx_word' id='word_1_297' title='bbox 585 2868 651 2901; x_wconf 81' lang='grc'>⁶²⁷</span> <span class='ocrx_word' id='word_1_298' title='bbox 676 2874 743 2923; x_wconf 83' lang='grc'>50</span> <span class='ocrx_word' id='word_1_299' title='bbox 776 2869 869 2937; x_wconf 83' lang='lat' dir='ltr'>(cf.</span> <span class='ocrx_word' id='word_1_300' title='bbox 905 2872 1077 2926; x_wconf 82' lang='lat' dir='ltr'>Ouos.</span> <span class='ocrx_word' id='word_1_301' title='bbox 1106 2885 1202 2941; x_wconf 84' lang='lat' dir='ltr'>vn,</span> <span class='ocrx_word' id='word_1_302' title='bbox 1228 2875 1338 2943; x_wconf 87' lang='lat'>22).</span> <span class='ocrx_word' id='word_1_303' title='bbox 1376 2873 1489 2927; x_wconf 87' lang='lat' dir='ltr'>[lac</span> <span class='ocrx_word' id='word_1_304' title='bbox 1522 2878 1715 2927; x_wconf 89' lang='lat' dir='ltr'>autem</span> <span class='ocrx_word' id='word_1_305' title='bbox 1752 2887 2019 2942; x_wconf 85' lang='lat' dir='ltr'>persecu-</span> 
     </span>
    </p>
   </div>
   <div class='ocr_carea' id='block_1_45' title="bbox 369 2955 2018 3032">
    <p class='ocr_par' dir='ltr' id='par_1_45' title="bbox 369 2955 2018 3032">
     <span class='ocr_line' id='line_1_45' title="bbox 369 2955 2018 3032; baseline 0.004 -24"><span class='ocrx_word' id='word_1_306' title='bbox 369 2955 550 3025; x_wconf 90' lang='lat' dir='ltr'>tione,</span> <span class='ocrx_word' id='word_1_307' title='bbox 579 2972 705 3026; x_wconf 71' lang='lat' dir='ltr'>quze</span> <span class='ocrx_word' id='word_1_308' title='bbox 730 2959 837 3013; x_wconf 90' lang='lat' dir='ltr'>sub</span> <span class='ocrx_word' id='word_1_309' title='bbox 862 2963 1027 3029; x_wconf 83' lang='lat' dir='ltr'>patre</span> <span class='ocrx_word' id='word_1_310' title='bbox 1052 2975 1158 3015; x_wconf 87' lang='lat' dir='ltr'>suo</span> <span class='ocrx_word' id='word_1_311' title='bbox 1178 2962 1326 3016; x_wconf 85' lang='lat' dir='ltr'>facta</span> <span class='ocrx_word' id='word_1_312' title='bbox 1354 2966 1468 3030; x_wconf 89' lang='lat' dir='ltr'>est,</span> <span class='ocrx_word' id='word_1_313' title='bbox 1494 2959 1671 3031; x_wconf 87' lang='lat' dir='ltr'>aliqui</span> <span class='ocrx_word' id='word_1_314' title='bbox 1698 2960 1863 3030; x_wconf 70' lang='lat' dir='ltr'>(Chr.</span> <span class='ocrx_word' id='word_1_315' title='bbox 1914 2961 2018 3032; x_wconf 81' lang='lat' dir='ltr'>W.)</span> 
     </span>
    </p>
   </div>
   <div class='ocr_carea' id='block_1_46' title="bbox 375 3048 2023 3120">
    <p class='ocr_par' dir='ltr' id='par_1_46' title="bbox 375 3048 2023 3120">
     <span class='ocr_line' id='line_1_46' title="bbox 375 3048 2023 3120; baseline 0.003 -21"><span class='ocrx_word' id='word_1_316' title='bbox 375 3059 579 3115; x_wconf 87' lang='lat' dir='ltr'>passos</span> <span class='ocrx_word' id='word_1_317' title='bbox 604 3060 732 3103; x_wconf 86' lang='lat' dir='ltr'>esse</span> <span class='ocrx_word' id='word_1_318' title='bbox 758 3049 1103 3103; x_wconf 86' lang='lat' dir='ltr'>conﬁrmant</span> <span class='ocrx_word' id='word_1_319' title='bbox 1129 3049 1479 3115; x_wconf 87' lang='lat' dir='ltr'>Cornelium,</span> <span class='ocrx_word' id='word_1_320' title='bbox 1507 3048 1761 3118; x_wconf 88' lang='lat' dir='ltr'>Lucium,</span> <span class='ocrx_word' id='word_1_321' title='bbox 1783 3048 2023 3120; x_wconf 89' lang='lat' dir='ltr'>Stepha-</span> 
     </span>
    </p>
   </div>
   <div class='ocr_carea' id='block_1_47' title="bbox 370 3134 2022 3209">
    <p class='ocr_par' dir='ltr' id='par_1_47' title="bbox 370 3134 2022 3209">
     <span class='ocr_line' id='line_1_47' title="bbox 370 3134 2022 3209; baseline 0.004 -23"><span class='ocrx_word' id='word_1_322' title='bbox 370 3147 506 3188; x_wconf 91' lang='lat' dir='ltr'>num</span> <span class='ocrx_word' id='word_1_323' title='bbox 539 3134 606 3166; x_wconf 64' lang='lat' dir='ltr'>m</span> <span class='ocrx_word' id='word_1_324' title='bbox 638 3141 696 3190; x_wconf 91' lang='lat' dir='ltr'>ct</span> <span class='ocrx_word' id='word_1_325' title='bbox 729 3136 952 3192; x_wconf 78' lang='lat' dir='ltr'>Sixtum</span> <span class='ocrx_word' id='word_1_326' title='bbox 990 3139 1273 3193; x_wconf 74' lang='lat' dir='ltr'>Romanos</span> <span class='ocrx_word' id='word_1_327' title='bbox 1309 3138 1635 3209; x_wconf 88' lang='lat' dir='ltr'>pontifices,</span> <span class='ocrx_word' id='word_1_328' title='bbox 1670 3154 1798 3193; x_wconf 90' lang='lat' dir='ltr'>cum</span> <span class='ocrx_word' id='word_1_329' title='bbox 1831 3142 2022 3194; x_wconf 87' lang='lat' dir='ltr'>tamen</span> 
     </span>
    </p>
   </div>
   <div class='ocr_carea' id='block_1_48' title="bbox 372 3221 2025 3299">
    <p class='ocr_par' dir='ltr' id='par_1_48' title="bbox 372 3221 2025 3299">
     <span class='ocr_line' id='line_1_48' title="bbox 372 3221 2025 3299; baseline 0.005 -24"><span class='ocrx_word' id='word_1_330' title='bbox 372 3221 675 3279; x_wconf 85' lang='lat' dir='ltr'>Cornelius</span> <span class='ocrx_word' id='word_1_331' title='bbox 698 3229 755 3279; x_wconf 91' lang='lat' dir='ltr'>et</span> <span class='ocrx_word' id='word_1_332' title='bbox 782 3224 995 3295; x_wconf 90' lang='lat' dir='ltr'>Sixtus,</span> <span class='ocrx_word' id='word_1_333' title='bbox 1036 3230 1093 3281; x_wconf 92' lang='lat' dir='ltr'>ut</span> <span class='ocrx_word' id='word_1_334' title='bbox 1127 3242 1301 3297; x_wconf 89' lang='lat' dir='ltr'>supra</span> <span class='ocrx_word' id='word_1_335' title='bbox 1338 3226 1556 3281; x_wconf 90' lang='lat' dir='ltr'>dictum</span> <span class='ocrx_word' id='word_1_336' title='bbox 1590 3230 1698 3296; x_wconf 89' lang='lat' dir='ltr'>est,</span> <span class='ocrx_word' id='word_1_337' title='bbox 1728 3227 1782 3282; x_wconf 89' lang='lat' dir='ltr'>in</span> <span class='ocrx_word' id='word_1_338' title='bbox 1810 3227 2025 3299; x_wconf 87' lang='lat' dir='ltr'>passio—</span> 
     </span>
    </p>
   </div>
   <div class='ocr_carea' id='block_1_49' title="bbox 371 3311 1555 3385">
    <p class='ocr_par' dir='ltr' id='par_1_49' title="bbox 371 3311 1555 3385">
     <span class='ocr_line' id='line_1_49' title="bbox 371 3311 1555 3385; baseline 0.005 -21"><span class='ocrx_word' id='word_1_339' title='bbox 371 3324 504 3367; x_wconf 89' lang='lat' dir='ltr'>num</span> <span class='ocrx_word' id='word_1_340' title='bbox 539 3311 705 3369; x_wconf 88' lang='lat' dir='ltr'>libris</span> <span class='ocrx_word' id='word_1_341' title='bbox 729 3315 838 3369; x_wconf 86' lang='lat' dir='ltr'>sub</span> <span class='ocrx_word' id='word_1_342' title='bbox 864 3315 1037 3369; x_wconf 82' lang='lat' dir='ltr'>Decio</span> <span class='ocrx_word' id='word_1_343' title='bbox 1070 3315 1230 3385; x_wconf 86' lang='lat' dir='ltr'>passi</span> <span class='ocrx_word' id='word_1_344' title='bbox 1265 3315 1555 3384; x_wconf 85' lang='lat' dir='ltr'>lcgantur.</span> 
     </span>
    </p>
   </div>
   <div class='ocr_carea' id='block_1_50' title="bbox 448 3400 2029 3473">
    <p class='ocr_par' dir='ltr' id='par_1_50' title="bbox 448 3400 2029 3473">
     <span class='ocr_line' id='line_1_50' title="bbox 448 3400 2029 3473; baseline 0.005 -20"><span class='ocrx_word' id='word_1_345' title='bbox 448 3405 491 3455; x_wconf 92' lang='grc'>1.</span> <span class='ocrx_word' id='word_1_346' title='bbox 529 3400 693 3469; x_wconf 71' lang='lat' dir='ltr'>(C’lzr.</span> <span class='ocrx_word' id='word_1_347' title='bbox 742 3404 846 3473; x_wconf 64' lang='grc' dir='ltr'>Ψ.)</span> <span class='ocrx_word' id='word_1_348' title='bbox 878 3403 1069 3459; x_wconf 84' lang='lat' dir='ltr'>Primo</span> <span class='ocrx_word' id='word_1_349' title='bbox 1121 3403 1283 3473; x_wconf 80' lang='lat' dir='ltr'>regni</span> <span class='ocrx_word' id='word_1_350' title='bbox 1316 3404 1405 3459; x_wconf 89' lang='lat' dir='ltr'>sui</span> <span class='ocrx_word' id='word_1_351' title='bbox 1438 3418 1587 3459; x_wconf 89' lang='lat' dir='ltr'>anno</span> <span class='ocrx_word' id='word_1_352' title='bbox 1638 3404 1891 3461; x_wconf 89' lang='lat' dir='ltr'>Licinius</span> <span class='ocrx_word' id='word_1_353' title='bbox 1922 3405 2029 3461; x_wconf 87' lang='lat' dir='ltr'>Va-</span> 
     </span>
    </p>
   </div>
   <div class='ocr_carea' id='block_1_51' title="bbox 374 3487 2026 3562">
    <p class='ocr_par' dir='ltr' id='par_1_51' title="bbox 374 3487 2026 3562">
     <span class='ocr_line' id='line_1_51' title="bbox 374 3487 2026 3562; baseline 0.004 -19"><span class='ocrx_word' id='word_1_354' title='bbox 374 3487 629 3548; x_wconf 88' lang='lat' dir='ltr'>lerianus</span> <span class='ocrx_word' id='word_1_355' title='bbox 647 3492 1119 3562; x_wconf 77' lang='lat' dir='ltr'>persecutionem</span> <span class='ocrx_word' id='word_1_356' title='bbox 1141 3494 1192 3547; x_wconf 90' lang='lat' dir='ltr'>in</span> <span class='ocrx_word' id='word_1_357' title='bbox 1215 3492 1569 3549; x_wconf 89' lang='lat' dir='ltr'>christianos</span> <span class='ocrx_word' id='word_1_358' title='bbox 1588 3493 1784 3549; x_wconf 90' lang='lat' dir='ltr'>movit.</span> <span class='ocrx_word' id='word_1_359' title='bbox 1817 3493 2026 3550; x_wconf 87' lang='lat' dir='ltr'>Lucius</span> 
     </span>
    </p>
   </div>
   <div class='ocr_carea' id='block_1_52' title="bbox 373 3581 2030 3652">
    <p class='ocr_par' dir='ltr' id='par_1_52' title="bbox 373 3581 2030 3652">
     <span class='ocr_line' id='line_1_52' title="bbox 373 3581 2030 3652; baseline 0.002 -18"><span class='ocrx_word' id='word_1_360' title='bbox 373 3594 519 3649; x_wconf 89' lang='lat' dir='ltr'>papa</span> <span class='ocrx_word' id='word_1_361' title='bbox 539 3584 667 3636; x_wconf 81' lang='lat' dir='ltr'>23us</span> <span class='ocrx_word' id='word_1_362' title='bbox 687 3581 1014 3650; x_wconf 82' lang='lat' dir='ltr'>ordinatur,</span> <span class='ocrx_word' id='word_1_363' title='bbox 1033 3582 1362 3650; x_wconf 69' lang='lat' dir='ltr'>sedensque</span> <span class='ocrx_word' id='word_1_364' title='bbox 1386 3596 1612 3637; x_wconf 89' lang='lat' dir='ltr'>menses</span> <span class='ocrx_word' id='word_1_365' title='bbox 1633 3586 1785 3650; x_wconf 87' lang='lat' dir='ltr'>octo,</span> <span class='ocrx_word' id='word_1_366' title='bbox 1808 3583 2030 3652; x_wconf 89' lang='lat' dir='ltr'>patitur</span> 
     </span>
    </p>
   </div>
   <div class='ocr_carea' id='block_1_53' title="bbox 373 3669 2026 3740">
    <p class='ocr_par' dir='ltr' id='par_1_53' title="bbox 373 3669 2026 3740">
     <span class='ocr_line' id='line_1_53' title="bbox 373 3669 2026 3740; baseline 0.003 -19"><span class='ocrx_word' id='word_1_367' title='bbox 373 3670 407 3721; x_wconf 82' lang='grc'>4</span> <span class='ocrx_word' id='word_1_368' title='bbox 437 3669 579 3722; x_wconf 83' lang='lat' dir='ltr'>Non.</span> <span class='ocrx_word' id='word_1_369' title='bbox 614 3670 777 3723; x_wconf 88' lang='lat' dir='ltr'>Mart.</span> <span class='ocrx_word' id='word_1_370' title='bbox 835 3669 935 3725; x_wconf 88' lang='lat' dir='ltr'>Cui</span> <span class='ocrx_word' id='word_1_371' title='bbox 985 3669 1309 3725; x_wconf 88' lang='lat' dir='ltr'>succedens</span> <span class='ocrx_word' id='word_1_372' title='bbox 1339 3671 1667 3738; x_wconf 89' lang='lat' dir='ltr'>Stephanus</span> <span class='ocrx_word' id='word_1_373' title='bbox 1694 3674 1838 3740; x_wconf 63' lang='lat'>24‘”,</span> <span class='ocrx_word' id='word_1_374' title='bbox 1876 3670 2026 3726; x_wconf 88' lang='lat' dir='ltr'>sedit</span> 
     </span>
    </p>
   </div>
   <div class='ocr_carea' id='block_1_54' title="bbox 375 3755 1775 3829">
    <p class='ocr_par' dir='ltr' id='par_1_54' title="bbox 375 3755 1775 3829">
     <span class='ocr_line' id='line_1_54' title="bbox 375 3755 1775 3829; baseline 0.002 -20"><span class='ocrx_word' id='word_1_375' title='bbox 375 3755 543 3810; x_wconf 90' lang='lat' dir='ltr'>annis</span> <span class='ocrx_word' id='word_1_376' title='bbox 574 3756 824 3827; x_wconf 82' lang='lat' dir='ltr'>duobus,</span> <span class='ocrx_word' id='word_1_377' title='bbox 852 3759 1190 3828; x_wconf 89' lang='lat' dir='ltr'>patiturque</span> <span class='ocrx_word' id='word_1_378' title='bbox 1222 3760 1254 3812; x_wconf 82' lang='grc'><strong>4</strong></span> <span class='ocrx_word' id='word_1_379' title='bbox 1282 3758 1472 3812; x_wconf 77' lang='lat' dir='ltr'>Nonas</span> <span class='ocrx_word' id='word_1_380' title='bbox 1506 3758 1775 3829; x_wconf 84' lang='lat' dir='ltr'>Augusti.</span> 
     </span>
    </p>
   </div>
   <div class='ocr_carea' id='block_1_55' title="bbox 450 3845 2028 3919">
    <p class='ocr_par' dir='ltr' id='par_1_55' title="bbox 450 3845 2028 3919">
     <span class='ocr_line' id='line_1_55' title="bbox 450 3845 2028 3919; baseline 0.004 -21"><span class='ocrx_word' id='word_1_381' title='bbox 450 3846 499 3899; x_wconf 76' lang='grc'>4.</span> <span class='ocrx_word' id='word_1_382' title='bbox 537 3846 599 3899; x_wconf 88' lang='grc' dir='ltr'>Α.</span> <span class='ocrx_word' id='word_1_383' title='bbox 636 3847 697 3901; x_wconf 65' lang='lat' dir='ltr'>ll.</span> <span class='ocrx_word' id='word_1_384' title='bbox 732 3849 854 3900; x_wconf 80' lang='lat'>262.</span> <span class='ocrx_word' id='word_1_385' title='bbox 910 3845 1107 3902; x_wconf 87' lang='lat' dir='ltr'>Sixtus</span> <span class='ocrx_word' id='word_1_386' title='bbox 1154 3861 1301 3917; x_wconf 88' lang='lat' dir='ltr'>papa</span> <span class='ocrx_word' id='word_1_387' title='bbox 1342 3850 1469 3902; x_wconf 60' lang='lat'>26“</span> <span class='ocrx_word' id='word_1_388' title='bbox 1510 3846 1833 3919; x_wconf 89' lang='lat' dir='ltr'>ordinatus,</span> <span class='ocrx_word' id='word_1_389' title='bbox 1878 3849 2028 3905; x_wconf 85' lang='lat' dir='ltr'>sedit</span> 
     </span>
    </p>
   </div>
   <div class='ocr_carea' id='block_1_56' title="bbox 378 3933 2031 4010">
    <p class='ocr_par' dir='ltr' id='par_1_56' title="bbox 378 3933 2031 4010">
     <span class='ocr_line' id='line_1_56' title="bbox 378 3933 2031 4010; baseline 0.003 -21"><span class='ocrx_word' id='word_1_390' title='bbox 378 3933 547 3989; x_wconf 89' lang='lat' dir='ltr'>annis</span> <span class='ocrx_word' id='word_1_391' title='bbox 584 3938 664 4003; x_wconf 84' lang='grc'>11,</span> <span class='ocrx_word' id='word_1_392' title='bbox 699 3933 1251 4005; x_wconf 83' lang='lat' dir='ltr'>patiturqueSIdus</span> <span class='ocrx_word' id='word_1_393' title='bbox 1279 3936 1523 4005; x_wconf 85' lang='lat' dir='ltr'>Augusti</span> <span class='ocrx_word' id='word_1_394' title='bbox 1551 3934 1640 3991; x_wconf 68' lang='lat'>“’9.</span> <span class='ocrx_word' id='word_1_395' title='bbox 1677 3936 1896 4009; x_wconf 76' lang='grc' dir='ltr'>(ΒΕυΑ.)</span> <span class='ocrx_word' id='word_1_396' title='bbox 1931 3939 2031 4010; x_wconf 88' lang='lat' dir='ltr'>Cy-</span> 
     </span>
    </p>
   </div>
   <div class='ocr_carea' id='block_1_57' title="bbox 381 4021 2026 4098">
    <p class='ocr_par' dir='ltr' id='par_1_57' title="bbox 381 4021 2026 4098">
     <span class='ocr_line' id='line_1_57' title="bbox 381 4021 2026 4098; baseline 0.006 -24"><span class='ocrx_word' id='word_1_397' title='bbox 381 4021 621 4092; x_wconf 80' lang='lat' dir='ltr'>prianus</span> <span class='ocrx_word' id='word_1_398' title='bbox 644 4023 1083 4092; x_wconf 72' lang='lat' dir='ltr'>Kartaginensis</span> <span class='ocrx_word' id='word_1_399' title='bbox 1106 4023 1439 4096; x_wconf 89' lang='lat' dir='ltr'>episcopus,</span> <span class='ocrx_word' id='word_1_400' title='bbox 1462 4024 1669 4082; x_wconf 87' lang='lat' dir='ltr'>doctor</span> <span class='ocrx_word' id='word_1_401' title='bbox 1692 4026 2026 4098; x_wconf 89' lang='lat' dir='ltr'>precipuus,</span> 
     </span>
    </p>
   </div>
   <div class='ocr_carea' id='block_1_58' title="bbox 381 4110 2033 4185">
    <p class='ocr_par' dir='ltr' id='par_1_58' title="bbox 381 4110 2033 4185">
     <span class='ocr_line' id='line_1_58' title="bbox 381 4110 2033 4185; baseline 0.005 -20"><span class='ocrx_word' id='word_1_402' title='bbox 381 4110 549 4180; x_wconf 88' lang='lat' dir='ltr'>cujus</span> <span class='ocrx_word' id='word_1_403' title='bbox 579 4111 920 4168; x_wconf 77' lang='lat' dir='ltr'>doctissima</span> <span class='ocrx_word' id='word_1_404' title='bbox 962 4116 1197 4169; x_wconf 79' lang='lat' dir='ltr'>exstant</span> <span class='ocrx_word' id='word_1_405' title='bbox 1229 4113 1532 4185; x_wconf 87' lang='lat' dir='ltr'>opuscula,</span> <span class='ocrx_word' id='word_1_406' title='bbox 1569 4115 1833 4172; x_wconf 89' lang='lat' dir='ltr'>martirio</span> <span class='ocrx_word' id='word_1_407' title='bbox 1867 4131 2033 4173; x_wconf 87' lang='lat' dir='ltr'>coro-</span> 
     </span>
    </p>
   </div>
   <div class='ocr_carea' id='block_1_59' title="bbox 382 4202 1280 4271">
    <p class='ocr_par' dir='ltr' id='par_1_59' title="bbox 382 4202 1280 4271">
     <span class='ocr_line' id='line_1_59' title="bbox 382 4202 1280 4271; baseline 0.004 -17"><span class='ocrx_word' id='word_1_408' title='bbox 382 4205 572 4271; x_wconf 90' lang='lat' dir='ltr'>natur,</span> <span class='ocrx_word' id='word_1_409' title='bbox 610 4207 675 4257; x_wconf 76' lang='lat'>18</span> <span class='ocrx_word' id='word_1_410' title='bbox 710 4202 945 4257; x_wconf 87' lang='lat' dir='ltr'>Kalend.</span> <span class='ocrx_word' id='word_1_411' title='bbox 989 4203 1280 4259; x_wconf 91' lang='lat' dir='ltr'>Octobris.</span> 
     </span>
    </p>
   </div>
   <div class='ocr_carea' id='block_1_60' title="bbox 454 4292 2030 4365">
    <p class='ocr_par' dir='ltr' id='par_1_60' title="bbox 454 4292 2030 4365">
     <span class='ocr_line' id='line_1_60' title="bbox 454 4292 2030 4365; baseline 0.004 -21"><span class='ocrx_word' id='word_1_412' title='bbox 454 4293 503 4344; x_wconf 86' lang='grc'>5.</span> <span class='ocrx_word' id='word_1_413' title='bbox 542 4293 604 4344; x_wconf 85' lang='lat' dir='ltr'>A.</span> <span class='ocrx_word' id='word_1_414' title='bbox 640 4293 701 4346; x_wconf 91' lang='lat' dir='ltr'>D.</span> <span class='ocrx_word' id='word_1_415' title='bbox 734 4295 855 4347; x_wconf 84' lang='lat'>263.</span> <span class='ocrx_word' id='word_1_416' title='bbox 900 4292 1236 4349; x_wconf 84' lang='lat' dir='ltr'>&#39;lheodorus</span> <span class='ocrx_word' id='word_1_417' title='bbox 1275 4296 1657 4363; x_wconf 86' lang='lat' dir='ltr'>cognomento</span> <span class='ocrx_word' id='word_1_418' title='bbox 1698 4294 2030 4365; x_wconf 88' lang='lat' dir='ltr'>Gregorius,</span> 
     </span>
    </p>
   </div>
   <div class='ocr_carea' id='block_1_61' title="bbox 384 4377 2035 4453">
    <p class='ocr_par' dir='ltr' id='par_1_61' title="bbox 384 4377 2035 4453">
     <span class='ocr_line' id='line_1_61' title="bbox 384 4377 2035 4453; baseline 0.005 -21"><span class='ocrx_word' id='word_1_419' title='bbox 384 4377 554 4448; x_wconf 88' lang='lat' dir='ltr'>cujus</span> <span class='ocrx_word' id='word_1_420' title='bbox 585 4394 762 4451; x_wconf 90' lang='lat' dir='ltr'>supra</span> <span class='ocrx_word' id='word_1_421' title='bbox 796 4380 871 4450; x_wconf 91' lang='lat' dir='ltr'>(a.</span> <span class='ocrx_word' id='word_1_422' title='bbox 896 4384 1021 4453; x_wconf 82' lang='grc'>242)</span> <span class='ocrx_word' id='word_1_423' title='bbox 1056 4382 1407 4438; x_wconf 75' lang='lat' dir='ltr'>mentionem</span> <span class='ocrx_word' id='word_1_424' title='bbox 1442 4381 1703 4452; x_wconf 85' lang='lat' dir='ltr'>fecimus,</span> <span class='ocrx_word' id='word_1_425' title='bbox 1737 4384 2035 4440; x_wconf 64' lang='lat' dir='ltr'>Neocaesa-</span> 
     </span>
    </p>
   </div>
   <div class='ocr_carea' id='block_1_62' title="bbox 386 4467 2035 4542">
    <p class='ocr_par' dir='ltr' id='par_1_62' title="bbox 386 4467 2035 4542">
     <span class='ocr_line' id='line_1_62' title="bbox 386 4467 2035 4542; baseline 0.004 -20"><span class='ocrx_word' id='word_1_426' title='bbox 386 4467 485 4524; x_wconf 62' lang='lat' dir='ltr'>ritc</span> <span class='ocrx_word' id='word_1_427' title='bbox 509 4467 579 4500; x_wconf 77' lang='grc'>⁸³⁰</span> <span class='ocrx_word' id='word_1_428' title='bbox 600 4469 765 4524; x_wconf 87' lang='lat' dir='ltr'>Ponti</span> <span class='ocrx_word' id='word_1_429' title='bbox 797 4471 1127 4542; x_wconf 80' lang='lat' dir='ltr'>episCOpus,</span> <span class='ocrx_word' id='word_1_430' title='bbox 1158 4485 1362 4541; x_wconf 85' lang='lat' dir='ltr'>magna</span> <span class='ocrx_word' id='word_1_431' title='bbox 1390 4469 1674 4528; x_wconf 89' lang='lat' dir='ltr'>virtutum</span> <span class='ocrx_word' id='word_1_432' title='bbox 1705 4470 1894 4541; x_wconf 87' lang='lat' dir='ltr'>gloria</span> <span class='ocrx_word' id='word_1_433' title='bbox 1922 4472 2035 4529; x_wconf 91' lang='lat' dir='ltr'>cla-</span> 
     </span>
    </p>
   </div>
   <div class='ocr_carea' id='block_1_63' title="bbox 389 4556 2030 4632">
    <p class='ocr_par' dir='ltr' id='par_1_63' title="bbox 389 4556 2030 4632">
     <span class='ocr_line' id='line_1_63' title="bbox 389 4556 2030 4632; baseline 0.004 -22"><span class='ocrx_word' id='word_1_434' title='bbox 389 4556 524 4625; x_wconf 91' lang='lat' dir='ltr'>ruit,</span> <span class='ocrx_word' id='word_1_435' title='bbox 562 4558 657 4628; x_wconf 87' lang='lat' dir='ltr'>qui</span> <span class='ocrx_word' id='word_1_436' title='bbox 683 4565 739 4613; x_wconf 92' lang='lat' dir='ltr'>ct</span> <span class='ocrx_word' id='word_1_437' title='bbox 763 4565 1029 4629; x_wconf 85' lang='lat' dir='ltr'>stagnum</span> <span class='ocrx_word' id='word_1_438' title='bbox 1065 4559 1354 4631; x_wconf 87' lang='lat' dir='ltr'>quoddam</span> <span class='ocrx_word' id='word_1_439' title='bbox 1387 4560 1661 4630; x_wconf 68' lang='lat' dir='ltr'>precibus</span> <span class='ocrx_word' id='word_1_440' title='bbox 1691 4560 2030 4632; x_wconf 86' lang='lat' dir='ltr'>cxsiecavit,</span> 
     </span>
    </p>
   </div>
   <div class='ocr_carea' id='block_1_64' title="bbox 385 4648 1889 4717">
    <p class='ocr_par' dir='ltr' id='par_1_64' title="bbox 385 4648 1889 4717">
     <span class='ocr_line' id='line_1_64' title="bbox 385 4648 1889 4717; baseline 0.003 -18"><span class='ocrx_word' id='word_1_441' title='bbox 385 4649 442 4699; x_wconf 86' lang='lat' dir='ltr'>et</span> <span class='ocrx_word' id='word_1_442' title='bbox 467 4652 737 4715; x_wconf 86' lang='lat' dir='ltr'>montem,</span> <span class='ocrx_word' id='word_1_443' title='bbox 766 4652 825 4703; x_wconf 91' lang='lat' dir='ltr'>ut</span> <span class='ocrx_word' id='word_1_444' title='bbox 850 4648 1136 4704; x_wconf 68' lang='lat' dir='ltr'>zecclcsia)</span> <span class='ocrx_word' id='word_1_445' title='bbox 1159 4648 1325 4704; x_wconf 91' lang='lat' dir='ltr'>locus</span> <span class='ocrx_word' id='word_1_446' title='bbox 1349 4648 1664 4717; x_wconf 83' lang='lat' dir='ltr'>sulﬁeerct,</span> <span class='ocrx_word' id='word_1_447' title='bbox 1691 4649 1889 4704; x_wconf 89' lang='lat' dir='ltr'>movit.</span> 
     </span>
    </p>
   </div>
   <div class='ocr_carea' id='block_1_65' title="bbox 458 4718 2038 4810">
    <p class='ocr_par' dir='ltr' id='par_1_65' title="bbox 458 4718 2038 4810">
     <span class='ocr_line' id='line_1_65' title="bbox 458 4718 2038 4810; baseline 0.004 -20"><span class='ocrx_word' id='word_1_448' title='bbox 458 4740 509 4790; x_wconf 83' lang='grc'>6.</span> <span class='ocrx_word' id='word_1_449' title='bbox 544 4718 756 4806; x_wconf 41' lang='lat' dir='ltr'>(thuuf)</span> <span class='ocrx_word' id='word_1_450' title='bbox 793 4738 855 4791; x_wconf 88' lang='lat' dir='ltr'>A.</span> <span class='ocrx_word' id='word_1_451' title='bbox 882 4738 944 4791; x_wconf 89' lang='lat' dir='ltr'>D.</span> <span class='ocrx_word' id='word_1_452' title='bbox 970 4740 1092 4792; x_wconf 76' lang='grc'>254.</span> <span class='ocrx_word' id='word_1_453' title='bbox 1129 4736 1453 4792; x_wconf 59' lang='lat' dir='ltr'>Antiochiae</span> <span class='ocrx_word' id='word_1_454' title='bbox 1481 4736 1790 4793; x_wconf 88' lang='lat' dir='ltr'>ordinatur</span> <span class='ocrx_word' id='word_1_455' title='bbox 1818 4738 2038 4810; x_wconf 89' lang='lat' dir='ltr'>cpisco-</span> 
     </span>
    </p>
   </div>
   <div class='ocr_carea' id='block_1_66' title="bbox 389 4825 1397 4893">
    <p class='ocr_par' dir='ltr' id='par_1_66' title="bbox 389 4825 1397 4893">
     <span class='ocr_line' id='line_1_66' title="bbox 389 4825 1397 4893; baseline 0.001 -16"><span class='ocrx_word' id='word_1_456' title='bbox 389 4838 497 4893; x_wconf 85' lang='lat' dir='ltr'>pus</span> <span class='ocrx_word' id='word_1_457' title='bbox 535 4829 654 4879; x_wconf 77' lang='grc' dir='ltr'>15υε</span> <span class='ocrx_word' id='word_1_458' title='bbox 686 4825 900 4881; x_wconf 84' lang='lat' dir='ltr'>Paulus</span> <span class='ocrx_word' id='word_1_459' title='bbox 923 4825 1397 4881; x_wconf 87' lang='lat' dir='ltr'>Samosathenus.</span> 
     </span>
    </p>
   </div>
   <div class='ocr_carea' id='block_1_67' title="bbox 459 4912 2041 4988">
    <p class='ocr_par' dir='ltr' id='par_1_67' title="bbox 459 4912 2041 4988">
     <span class='ocr_line' id='line_1_67' title="bbox 459 4912 2041 4988; baseline 0.004 -20"><span class='ocrx_word' id='word_1_460' title='bbox 459 4918 511 4968; x_wconf 91' lang='lat'>7.</span> <span class='ocrx_word' id='word_1_461' title='bbox 550 4912 717 4983; x_wconf 66' lang='grc' dir='ltr'>(σήν.</span> <span class='ocrx_word' id='word_1_462' title='bbox 759 4914 863 4985; x_wconf 77' lang='lat' dir='ltr'>W.)</span> <span class='ocrx_word' id='word_1_463' title='bbox 898 4915 962 4970; x_wconf 89' lang='lat' dir='ltr'>A.</span> <span class='ocrx_word' id='word_1_464' title='bbox 996 4916 1056 4969; x_wconf 92' lang='lat' dir='ltr'>D.</span> <span class='ocrx_word' id='word_1_465' title='bbox 1089 4918 1211 4969; x_wconf 85' lang='grc'>265.</span> <span class='ocrx_word' id='word_1_466' title='bbox 1244 4912 1587 4969; x_wconf 88' lang='lat' dir='ltr'>Valerianus</span> <span class='ocrx_word' id='word_1_467' title='bbox 1609 4928 1639 4969; x_wconf 93' lang='lat' dir='ltr'>a</span> <span class='ocrx_word' id='word_1_468' title='bbox 1664 4913 1877 4988; x_wconf 89' lang='lat' dir='ltr'>Sapore</span> <span class='ocrx_word' id='word_1_469' title='bbox 1905 4920 2041 4976; x_wconf 85' lang='lat' dir='ltr'>Per-</span> 
     </span>
    </p>
   </div>
   <div class='ocr_carea' id='block_1_68' title="bbox 389 5002 1042 5075">
    <p class='ocr_par' dir='ltr' id='par_1_68' title="bbox 389 5002 1042 5075">
     <span class='ocr_line' id='line_1_68' title="bbox 389 5002 1042 5075; baseline -0.003 -18"><span class='ocrx_word' id='word_1_470' title='bbox 389 5016 583 5058; x_wconf 84' lang='lat' dir='ltr'>sarum</span> <span class='ocrx_word' id='word_1_471' title='bbox 616 5017 752 5073; x_wconf 76' lang='lat' dir='ltr'>rege</span> <span class='ocrx_word' id='word_1_472' title='bbox 791 5002 1042 5075; x_wconf 89' lang='lat' dir='ltr'>capitur.</span> 
     </span>
    </p>
   </div>
   <div class='ocr_carea' id='block_1_69' title="bbox 460 5090 2039 5167">
    <p class='ocr_par' dir='ltr' id='par_1_69' title="bbox 460 5090 2039 5167">
     <span class='ocr_line' id='line_1_69' title="bbox 460 5090 2039 5167; baseline 0.002 -18"><span class='ocrx_word' id='word_1_473' title='bbox 460 5098 511 5149; x_wconf 87' lang='lat'>8.</span> <span class='ocrx_word' id='word_1_474' title='bbox 546 5095 611 5149; x_wconf 90' lang='lat' dir='ltr'>A.</span> <span class='ocrx_word' id='word_1_475' title='bbox 645 5094 708 5148; x_wconf 90' lang='lat' dir='ltr'>D.</span> <span class='ocrx_word' id='word_1_476' title='bbox 744 5096 866 5148; x_wconf 89' lang='lat'>266.</span> <span class='ocrx_word' id='word_1_477' title='bbox 900 5090 1195 5147; x_wconf 87' lang='lat' dir='ltr'>Gallienus</span> <span class='ocrx_word' id='word_1_478' title='bbox 1244 5106 1380 5148; x_wconf 90' lang='lat' dir='ltr'>casu</span> <span class='ocrx_word' id='word_1_479' title='bbox 1431 5092 1617 5165; x_wconf 88' lang='lat' dir='ltr'>patris</span> <span class='ocrx_word' id='word_1_480' title='bbox 1665 5096 2039 5167; x_wconf 81' lang='lat' dir='ltr'>perterritus,</span> 
     </span>
    </p>
   </div>
   <div class='ocr_carea' id='block_1_70' title="bbox 394 5180 1114 5251">
    <p class='ocr_par' dir='ltr' id='par_1_70' title="bbox 394 5180 1114 5251">
     <span class='ocr_line' id='line_1_70' title="bbox 394 5180 1114 5251; baseline -0.001 -13"><span class='ocrx_word' id='word_1_481' title='bbox 394 5197 592 5251; x_wconf 88' lang='lat' dir='ltr'>pacem</span> <span class='ocrx_word' id='word_1_482' title='bbox 623 5181 965 5239; x_wconf 89' lang='lat' dir='ltr'>ehristianis</span> <span class='ocrx_word' id='word_1_483' title='bbox 994 5180 1114 5237; x_wconf 87' lang='lat' dir='ltr'>dat.</span> 
     </span>
    </p>
   </div>
   <div class='ocr_carea' id='block_1_71' title="bbox 468 5269 2043 5347">
    <p class='ocr_par' dir='ltr' id='par_1_71' title="bbox 468 5269 2043 5347">
     <span class='ocr_line' id='line_1_71' title="bbox 468 5269 2043 5347; baseline 0.005 -24"><span class='ocrx_word' id='word_1_484' title='bbox 468 5273 549 5324; x_wconf 84' lang='lat'>12.</span> <span class='ocrx_word' id='word_1_485' title='bbox 588 5269 800 5343; x_wconf 68' lang='grc' dir='ltr'>(ΙΙιΕιι.)</span> <span class='ocrx_word' id='word_1_486' title='bbox 832 5271 896 5326; x_wconf 84' lang='grc' dir='ltr'>Α.</span> <span class='ocrx_word' id='word_1_487' title='bbox 930 5270 992 5326; x_wconf 92' lang='lat' dir='ltr'>D.</span> <span class='ocrx_word' id='word_1_488' title='bbox 1025 5273 1146 5326; x_wconf 88' lang='lat'>270.</span> <span class='ocrx_word' id='word_1_489' title='bbox 1179 5270 1697 5331; x_wconf 85' lang='lat' dir='ltr'>Hicrosolimorum</span> <span class='ocrx_word' id='word_1_490' title='bbox 1726 5273 2043 5347; x_wconf 89' lang='lat' dir='ltr'>episcopus</span> 
     </span>
    </p>
   </div>
   <div class='ocr_carea' id='block_1_72' title="bbox 2058 3280 2105 3340">
    <p class='ocr_par' dir='ltr' id='par_1_72' title="bbox 2058 3280 2105 3340">
     <span class='ocr_line' id='line_1_72' title="bbox 2058 3280 2105 3340; baseline 0 0"><span class='ocrx_word' id='word_1_491' title='bbox 2058 3280 2105 3340; x_wconf 83' lang='lat' dir='ltr'>C</span> 
     </span>
    </p>
   </div>
   <div class='ocr_carea' id='block_1_73' title="bbox 2128 1980 3769 2051">
    <p class='ocr_par' dir='ltr' id='par_1_73' title="bbox 2128 1980 3769 2051">
     <span class='ocr_line' id='line_1_73' title="bbox 2128 1980 3769 2051; baseline 0.001 -15"><span class='ocrx_word' id='word_1_492' title='bbox 2128 1980 2347 2051; x_wconf 85' lang='lat' dir='ltr'>regalia</span> <span class='ocrx_word' id='word_1_493' title='bbox 2379 1980 2477 2038; x_wconf 91' lang='lat' dir='ltr'>ille</span> <span class='ocrx_word' id='word_1_494' title='bbox 2506 1982 2741 2037; x_wconf 82' lang='lat' dir='ltr'>direxit.</span> <span class='ocrx_word' id='word_1_495' title='bbox 2777 1981 2899 2051; x_wconf 91' lang='lat' dir='ltr'>IIic,</span> <span class='ocrx_word' id='word_1_496' title='bbox 2938 1981 3247 2039; x_wconf 87' lang='lat' dir='ltr'>interfecto</span> <span class='ocrx_word' id='word_1_497' title='bbox 3283 1996 3312 2038; x_wconf 89' lang='lat' dir='ltr'>a</span> <span class='ocrx_word' id='word_1_498' title='bbox 3342 1981 3466 2039; x_wconf 89' lang='lat' dir='ltr'>suis</span> <span class='ocrx_word' id='word_1_499' title='bbox 3495 1983 3769 2048; x_wconf 88' lang='lat' dir='ltr'>Aureolo,</span> 
     </span>
    </p>
   </div>
   <div class='ocr_carea' id='block_1_74' title="bbox 2130 2070 3770 2142">
    <p class='ocr_par' dir='ltr' id='par_1_74' title="bbox 2130 2070 3770 2142">
     <span class='ocr_line' id='line_1_74' title="bbox 2130 2070 3770 2142; baseline 0.001 -17"><span class='ocrx_word' id='word_1_500' title='bbox 2130 2071 2421 2141; x_wconf 89' lang='lat' dir='ltr'>recipiens</span> <span class='ocrx_word' id='word_1_501' title='bbox 2454 2071 2738 2141; x_wconf 83' lang='lat' dir='ltr'>legiones,</span> <span class='ocrx_word' id='word_1_502' title='bbox 2777 2071 2995 2127; x_wconf 90' lang='lat' dir='ltr'>Gothos</span> <span class='ocrx_word' id='word_1_503' title='bbox 3023 2070 3137 2142; x_wconf 89' lang='lat' dir='ltr'>jam</span> <span class='ocrx_word' id='word_1_504' title='bbox 3173 2085 3275 2142; x_wconf 89' lang='lat' dir='ltr'>per</span> <span class='ocrx_word' id='word_1_505' title='bbox 3308 2075 3370 2127; x_wconf 84' lang='grc'>15</span> <span class='ocrx_word' id='word_1_506' title='bbox 3400 2086 3578 2127; x_wconf 88' lang='lat' dir='ltr'>annos</span> <span class='ocrx_word' id='word_1_507' title='bbox 3607 2071 3770 2127; x_wconf 88' lang='lat' dir='ltr'>Illiri-</span> 
     </span>
    </p>
   </div>
   <div class='ocr_carea' id='block_1_75' title="bbox 2128 2159 3766 2231">
    <p class='ocr_par' dir='ltr' id='par_1_75' title="bbox 2128 2159 3766 2231">
     <span class='ocr_line' id='line_1_75' title="bbox 2128 2159 3766 2231; baseline -0.001 -17"><span class='ocrx_word' id='word_1_508' title='bbox 2128 2175 2258 2214; x_wconf 90' lang='lat' dir='ltr'>cum</span> <span class='ocrx_word' id='word_1_509' title='bbox 2289 2159 2798 2231; x_wconf 88' lang='lat' dir='ltr'>Macedoniamque</span> <span class='ocrx_word' id='word_1_510' title='bbox 2824 2163 3119 2216; x_wconf 88' lang='lat' dir='ltr'>vastantes</span> <span class='ocrx_word' id='word_1_511' title='bbox 3144 2160 3360 2230; x_wconf 82' lang='lat' dir='ltr'>ingenti</span> <span class='ocrx_word' id='word_1_512' title='bbox 3385 2159 3585 2231; x_wconf 64' lang='lat' dir='ltr'>praelio</span> <span class='ocrx_word' id='word_1_513' title='bbox 3610 2160 3766 2230; x_wconf 89' lang='lat' dir='ltr'>vicit,</span> 
     </span>
    </p>
   </div>
   <div class='ocr_carea' id='block_1_76' title="bbox 2130 2246 3770 2321">
    <p class='ocr_par' dir='ltr' id='par_1_76' title="bbox 2130 2246 3770 2321">
     <span class='ocr_line' id='line_1_76' title="bbox 2130 2246 3770 2321; baseline 0.002 -20"><span class='ocrx_word' id='word_1_514' title='bbox 2130 2246 2339 2303; x_wconf 83' lang='lat' dir='ltr'>deinde</span> <span class='ocrx_word' id='word_1_515' title='bbox 2382 2248 2665 2305; x_wconf 89' lang='lat' dir='ltr'>adversus</span> <span class='ocrx_word' id='word_1_516' title='bbox 2695 2252 2765 2304; x_wconf 87' lang='lat'>30</span> <span class='ocrx_word' id='word_1_517' title='bbox 2795 2248 2949 2304; x_wconf 89' lang='lat' dir='ltr'>milia</span> <span class='ocrx_word' id='word_1_518' title='bbox 2984 2248 3430 2306; x_wconf 76' lang='lat' dir='ltr'>Alamannorum</span> <span class='ocrx_word' id='word_1_519' title='bbox 3470 2247 3609 2304; x_wconf 86' lang='lat' dir='ltr'>haut</span> <span class='ocrx_word' id='word_1_520' title='bbox 3650 2264 3770 2321; x_wconf 88' lang='lat' dir='ltr'>pro-</span> 
     </span>
    </p>
   </div>
   <div class='ocr_carea' id='block_1_77' title="bbox 2128 2336 3773 2406">
    <p class='ocr_par' dir='ltr' id='par_1_77' title="bbox 2128 2336 3773 2406">
     <span class='ocr_line' id='line_1_77' title="bbox 2128 2336 3773 2406; baseline 0 -15"><span class='ocrx_word' id='word_1_521' title='bbox 2128 2336 2221 2391; x_wconf 90' lang='lat' dir='ltr'>cul</span> <span class='ocrx_word' id='word_1_522' title='bbox 2248 2350 2275 2391; x_wconf 89' lang='lat' dir='ltr'>a</span> <span class='ocrx_word' id='word_1_523' title='bbox 2300 2336 2427 2392; x_wconf 89' lang='lat' dir='ltr'>lacu</span> <span class='ocrx_word' id='word_1_524' title='bbox 2456 2338 2680 2394; x_wconf 89' lang='lat' dir='ltr'>Benaco</span> <span class='ocrx_word' id='word_1_525' title='bbox 2712 2337 3011 2406; x_wconf 89' lang='lat' dir='ltr'>dimicans,</span> <span class='ocrx_word' id='word_1_526' title='bbox 3039 2342 3259 2394; x_wconf 89' lang='lat' dir='ltr'>tantam</span> <span class='ocrx_word' id='word_1_527' title='bbox 3283 2351 3481 2394; x_wconf 91' lang='lat' dir='ltr'>eorum</span> <span class='ocrx_word' id='word_1_528' title='bbox 3516 2337 3773 2393; x_wconf 88' lang='lat' dir='ltr'>multitu-</span> 
     </span>
    </p>
   </div>
   <div class='ocr_carea' id='block_1_78' title="bbox 2129 2425 3769 2497">
    <p class='ocr_par' dir='ltr' id='par_1_78' title="bbox 2129 2425 3769 2497">
     <span class='ocr_line' id='line_1_78' title="bbox 2129 2425 3769 2497; baseline 0.001 -18"><span class='ocrx_word' id='word_1_529' title='bbox 2129 2440 2257 2480; x_wconf 90' lang='lat' dir='ltr'>nem</span> <span class='ocrx_word' id='word_1_530' title='bbox 2286 2426 2455 2494; x_wconf 84' lang='lat' dir='ltr'>fudit,</span> <span class='ocrx_word' id='word_1_531' title='bbox 2483 2431 2546 2481; x_wconf 92' lang='lat' dir='ltr'>ut</span> <span class='ocrx_word' id='word_1_532' title='bbox 2571 2426 2665 2481; x_wconf 87' lang='lat' dir='ltr'>vix</span> <span class='ocrx_word' id='word_1_533' title='bbox 2688 2425 2924 2483; x_wconf 89' lang='lat' dir='ltr'>dimidia</span> <span class='ocrx_word' id='word_1_534' title='bbox 2958 2441 3093 2497; x_wconf 90' lang='lat' dir='ltr'>pars</span> <span class='ocrx_word' id='word_1_535' title='bbox 3128 2431 3470 2483; x_wconf 88' lang='lat' dir='ltr'>remaneret.</span> <span class='ocrx_word' id='word_1_536' title='bbox 3508 2425 3614 2492; x_wconf 89' lang='lat' dir='ltr'>Qui</span> <span class='ocrx_word' id='word_1_537' title='bbox 3646 2441 3769 2482; x_wconf 87' lang='lat' dir='ltr'>cum</span> 
     </span>
    </p>
   </div>
   <div class='ocr_carea' id='block_1_79' title="bbox 2130 2513 3769 2583">
    <p class='ocr_par' dir='ltr' id='par_1_79' title="bbox 2130 2513 3769 2583">
     <span class='ocr_line' id='line_1_79' title="bbox 2130 2513 3769 2583; baseline 0.001 -16"><span class='ocrx_word' id='word_1_538' title='bbox 2130 2513 2283 2568; x_wconf 88' lang='lat' dir='ltr'>intra</span> <span class='ocrx_word' id='word_1_539' title='bbox 2316 2514 2610 2569; x_wconf 88' lang='lat' dir='ltr'>biennium</span> <span class='ocrx_word' id='word_1_540' title='bbox 2643 2517 2841 2572; x_wconf 86' lang='lat' dir='ltr'>morbo</span> <span class='ocrx_word' id='word_1_541' title='bbox 2875 2514 3160 2583; x_wconf 90' lang='lat' dir='ltr'>interiret,</span> <span class='ocrx_word' id='word_1_542' title='bbox 3197 2520 3358 2571; x_wconf 88' lang='lat' dir='ltr'>tanto</span> <span class='ocrx_word' id='word_1_543' title='bbox 3381 2529 3511 2571; x_wconf 87' lang='lat' dir='ltr'>eum</span> <span class='ocrx_word' id='word_1_544' title='bbox 3537 2518 3769 2571; x_wconf 85' lang='lat' dir='ltr'>senatus</span> 
     </span>
    </p>
   </div>
   <div class='ocr_carea' id='block_1_80' title="bbox 2131 2602 3771 2676">
    <p class='ocr_par' dir='ltr' id='par_1_80' title="bbox 2131 2602 3771 2676">
     <span class='ocr_line' id='line_1_80' title="bbox 2131 2602 3771 2676; baseline 0.001 -20"><span class='ocrx_word' id='word_1_545' title='bbox 2131 2602 2429 2657; x_wconf 88' lang='lat' dir='ltr'>decoravit</span> <span class='ocrx_word' id='word_1_546' title='bbox 2463 2604 2703 2671; x_wconf 88' lang='lat' dir='ltr'>honore,</span> <span class='ocrx_word' id='word_1_547' title='bbox 2733 2609 2791 2659; x_wconf 92' lang='lat' dir='ltr'>ut</span> <span class='ocrx_word' id='word_1_548' title='bbox 2818 2603 2986 2660; x_wconf 90' lang='lat' dir='ltr'>divus</span> <span class='ocrx_word' id='word_1_549' title='bbox 3014 2603 3427 2676; x_wconf 86' lang='lat' dir='ltr'>appellaretur,</span> <span class='ocrx_word' id='word_1_550' title='bbox 3454 2609 3513 2659; x_wconf 90' lang='lat' dir='ltr'>et</span> <span class='ocrx_word' id='word_1_551' title='bbox 3537 2603 3591 2658; x_wconf 91' lang='lat' dir='ltr'>in</span> <span class='ocrx_word' id='word_1_552' title='bbox 3615 2603 3771 2658; x_wconf 86' lang='lat' dir='ltr'>curia</span> 
     </span>
    </p>
   </div>
   <div class='ocr_carea' id='block_1_81' title="bbox 2130 2689 3768 2763">
    <p class='ocr_par' dir='ltr' id='par_1_81' title="bbox 2130 2689 3768 2763">
     <span class='ocr_line' id='line_1_81' title="bbox 2130 2689 3768 2763; baseline -0.001 -17"><span class='ocrx_word' id='word_1_553' title='bbox 2130 2689 2355 2761; x_wconf 88' lang='lat' dir='ltr'>clipeus</span> <span class='ocrx_word' id='word_1_554' title='bbox 2405 2705 2635 2761; x_wconf 89' lang='lat' dir='ltr'>aureus,</span> <span class='ocrx_word' id='word_1_555' title='bbox 2671 2692 2723 2747; x_wconf 92' lang='lat' dir='ltr'>in</span> <span class='ocrx_word' id='word_1_556' title='bbox 2762 2690 3046 2763; x_wconf 82' lang='lat' dir='ltr'>Capitolio</span> <span class='ocrx_word' id='word_1_557' title='bbox 3097 2707 3234 2748; x_wconf 87' lang='lat' dir='ltr'>vero</span> <span class='ocrx_word' id='word_1_558' title='bbox 3286 2706 3458 2749; x_wconf 83' lang='lat' dir='ltr'>aurea</span> <span class='ocrx_word' id='word_1_559' title='bbox 3493 2696 3687 2748; x_wconf 90' lang='lat' dir='ltr'>statua</span> <span class='ocrx_word' id='word_1_560' title='bbox 3719 2691 3768 2748; x_wconf 91' lang='lat' dir='ltr'>ei</span> 
     </span>
    </p>
   </div>
   <div class='ocr_carea' id='block_1_82' title="bbox 2132 2777 3771 2849">
    <p class='ocr_par' dir='ltr' id='par_1_82' title="bbox 2132 2777 3771 2849">
     <span class='ocr_line' id='line_1_82' title="bbox 2132 2777 3771 2849; baseline 0.001 -18"><span class='ocrx_word' id='word_1_561' title='bbox 2132 2781 2468 2846; x_wconf 87' lang='lat' dir='ltr'>poneretur.</span> <span class='ocrx_word' id='word_1_562' title='bbox 2526 2778 2701 2849; x_wconf 88' lang='lat' dir='ltr'>Cujus</span> <span class='ocrx_word' id='word_1_563' title='bbox 2756 2779 2937 2834; x_wconf 86' lang='lat' dir='ltr'>frater</span> <span class='ocrx_word' id='word_1_564' title='bbox 2996 2777 3407 2847; x_wconf 86' lang='lat' dir='ltr'>Quintilianus,</span> <span class='ocrx_word' id='word_1_565' title='bbox 3457 2778 3545 2834; x_wconf 90' lang='lat' dir='ltr'>vir</span> <span class='ocrx_word' id='word_1_566' title='bbox 3594 2778 3771 2835; x_wconf 69' lang='lat' dir='ltr'>unica)</span> 
     </span>
    </p>
   </div>
   <div class='ocr_carea' id='block_1_83' title="bbox 2131 2864 3771 2939">
    <p class='ocr_par' dir='ltr' id='par_1_83' title="bbox 2131 2864 3771 2939">
     <span class='ocr_line' id='line_1_83' title="bbox 2131 2864 3771 2939; baseline 0 -18"><span class='ocrx_word' id='word_1_567' title='bbox 2131 2864 2550 2922; x_wconf 83' lang='lat' dir='ltr'>moderationis</span> <span class='ocrx_word' id='word_1_568' title='bbox 2573 2871 2631 2922; x_wconf 90' lang='lat' dir='ltr'>et</span> <span class='ocrx_word' id='word_1_569' title='bbox 2655 2866 2959 2923; x_wconf 88' lang='lat' dir='ltr'>civilitatis</span> <span class='ocrx_word' id='word_1_570' title='bbox 2983 2866 3255 2939; x_wconf 88' lang='lat' dir='ltr'>solusque</span> <span class='ocrx_word' id='word_1_571' title='bbox 3288 2867 3451 2923; x_wconf 89' lang='lat' dir='ltr'>fratri</span> <span class='ocrx_word' id='word_1_572' title='bbox 3484 2867 3771 2938; x_wconf 88' lang='lat' dir='ltr'>preferen-</span> 
     </span>
    </p>
   </div>
   <div class='ocr_carea' id='block_1_84' title="bbox 2132 2953 3767 3025">
    <p class='ocr_par' dir='ltr' id='par_1_84' title="bbox 2132 2953 3767 3025">
     <span class='ocr_line' id='line_1_84' title="bbox 2132 2953 3767 3025; baseline 0.002 -16"><span class='ocrx_word' id='word_1_573' title='bbox 2132 2953 2261 3024; x_wconf 91' lang='lat' dir='ltr'>dus,</span> <span class='ocrx_word' id='word_1_574' title='bbox 2289 2970 2317 3009; x_wconf 89' lang='lat' dir='ltr'>a</span> <span class='ocrx_word' id='word_1_575' title='bbox 2343 2954 2627 3012; x_wconf 91' lang='lat' dir='ltr'>militibus</span> <span class='ocrx_word' id='word_1_576' title='bbox 2657 2954 2904 3025; x_wconf 88' lang='lat' dir='ltr'>electus,</span> <span class='ocrx_word' id='word_1_577' title='bbox 2929 2959 2985 3012; x_wconf 89' lang='lat' dir='ltr'>et</span> <span class='ocrx_word' id='word_1_578' title='bbox 3010 2971 3295 3013; x_wconf 90' lang='lat' dir='ltr'>consensu</span> <span class='ocrx_word' id='word_1_579' title='bbox 3329 2960 3566 3012; x_wconf 89' lang='lat' dir='ltr'>senatus</span> <span class='ocrx_word' id='word_1_580' title='bbox 3595 2970 3767 3025; x_wconf 85' lang='lat' dir='ltr'>augu-</span> 
     </span>
    </p>
   </div>
   <div class='ocr_carea' id='block_1_85' title="bbox 2133 3042 3768 3116">
    <p class='ocr_par' dir='ltr' id='par_1_85' title="bbox 2133 3042 3768 3116">
     <span class='ocr_line' id='line_1_85' title="bbox 2133 3042 3768 3116; baseline 0 -17"><span class='ocrx_word' id='word_1_581' title='bbox 2133 3047 2262 3100; x_wconf 86' lang='lat' dir='ltr'>stus</span> <span class='ocrx_word' id='word_1_582' title='bbox 2294 3042 2729 3115; x_wconf 63' lang='lat' dir='ltr'>appellatusm,</span> <span class='ocrx_word' id='word_1_583' title='bbox 2768 3051 2831 3100; x_wconf 91' lang='grc'>17</span> <span class='ocrx_word' id='word_1_584' title='bbox 2858 3044 3080 3116; x_wconf 88' lang='lat' dir='ltr'>imperii</span> <span class='ocrx_word' id='word_1_585' title='bbox 3115 3045 3207 3103; x_wconf 91' lang='lat' dir='ltr'>die</span> <span class='ocrx_word' id='word_1_586' title='bbox 3239 3044 3515 3116; x_wconf 68' lang='lat' dir='ltr'>Aquileia“:</span> <span class='ocrx_word' id='word_1_587' title='bbox 3543 3044 3768 3101; x_wconf 87' lang='lat' dir='ltr'>occisus</span> 
     </span>
    </p>
   </div>
   <div class='ocr_carea' id='block_1_86' title="bbox 2132 3136 2244 3188">
    <p class='ocr_par' dir='ltr' id='par_1_86' title="bbox 2132 3136 2244 3188">
     <span class='ocr_line' id='line_1_86' title="bbox 2132 3136 2244 3188; baseline 0.009 -1"><span class='ocrx_word' id='word_1_588' title='bbox 2132 3136 2244 3188; x_wconf 90' lang='lat' dir='ltr'>est.</span> 
     </span>
    </p>
   </div>
   <div class='ocr_carea' id='block_1_87' title="bbox 2208 3204 3769 3294">
    <p class='ocr_par' dir='ltr' id='par_1_87' title="bbox 2208 3204 3769 3294">
     <span class='ocr_line' id='line_1_87' title="bbox 2208 3204 3769 3294; baseline 0.001 -17"><span class='ocrx_word' id='word_1_589' title='bbox 2208 3227 2258 3277; x_wconf 93' lang='lat'>2.</span> <span class='ocrx_word' id='word_1_590' title='bbox 2296 3204 2518 3294; x_wconf 69' lang='grc' dir='ltr'>(Βὲω.)</span> <span class='ocrx_word' id='word_1_591' title='bbox 2552 3224 2616 3277; x_wconf 89' lang='grc' dir='ltr'>Α.</span> <span class='ocrx_word' id='word_1_592' title='bbox 2653 3224 2714 3278; x_wconf 94' lang='lat' dir='ltr'>D.</span> <span class='ocrx_word' id='word_1_593' title='bbox 2749 3227 2871 3279; x_wconf 92' lang='grc'>275.</span> <span class='ocrx_word' id='word_1_594' title='bbox 2924 3221 3140 3280; x_wconf 85' lang='lat' dir='ltr'>Paulus</span> <span class='ocrx_word' id='word_1_595' title='bbox 3188 3222 3636 3280; x_wconf 88' lang='lat' dir='ltr'>Samosathcnus</span> <span class='ocrx_word' id='word_1_596' title='bbox 3664 3226 3769 3279; x_wconf 83' lang='lat' dir='ltr'>An-</span> 
     </span>
    </p>
   </div>
   <div class='ocr_carea' id='block_1_88' title="bbox 2138 3310 3771 3383">
    <p class='ocr_par' dir='ltr' id='par_1_88' title="bbox 2138 3310 3771 3383">
     <span class='ocr_line' id='line_1_88' title="bbox 2138 3310 3771 3383; baseline 0.001 -17"><span class='ocrx_word' id='word_1_597' title='bbox 2138 3311 2369 3368; x_wconf 70' lang='lat' dir='ltr'>tiochia:</span> <span class='ocrx_word' id='word_1_598' title='bbox 2395 3311 2706 3383; x_wconf 85' lang='lat' dir='ltr'>episcopus</span> <span class='ocrx_word' id='word_1_599' title='bbox 2728 3326 2758 3366; x_wconf 91' lang='lat' dir='ltr'>a</span> <span class='ocrx_word' id='word_1_600' title='bbox 2786 3310 2983 3369; x_wconf 90' lang='lat' dir='ltr'>multis</span> <span class='ocrx_word' id='word_1_601' title='bbox 3005 3312 3298 3383; x_wconf 90' lang='lat' dir='ltr'>episcopis</span> <span class='ocrx_word' id='word_1_602' title='bbox 3327 3314 3620 3369; x_wconf 89' lang='lat' dir='ltr'>hereticus</span> <span class='ocrx_word' id='word_1_603' title='bbox 3642 3326 3771 3368; x_wconf 87' lang='lat' dir='ltr'>esse</span> 
     </span>
    </p>
   </div>
   <div class='ocr_carea' id='block_1_89' title="bbox 2136 3396 3772 3471">
    <p class='ocr_par' dir='ltr' id='par_1_89' title="bbox 2136 3396 3772 3471">
     <span class='ocr_line' id='line_1_89' title="bbox 2136 3396 3772 3471; baseline -0.001 -14"><span class='ocrx_word' id='word_1_604' title='bbox 2136 3400 2526 3470; x_wconf 88' lang='lat' dir='ltr'>convincitur,</span> <span class='ocrx_word' id='word_1_605' title='bbox 2572 3401 2974 3471; x_wconf 88' lang='lat' dir='ltr'>dogmatizans</span> <span class='ocrx_word' id='word_1_606' title='bbox 3011 3396 3306 3456; x_wconf 87' lang='lat' dir='ltr'>Christum</span> <span class='ocrx_word' id='word_1_607' title='bbox 3337 3401 3653 3457; x_wconf 88' lang='lat' dir='ltr'>communis</span> <span class='ocrx_word' id='word_1_608' title='bbox 3685 3415 3772 3456; x_wconf 83' lang='lat' dir='ltr'>na-</span> 
     </span>
    </p>
   </div>
   <div class='ocr_carea' id='block_1_90' title="bbox 2140 3489 3772 3560">
    <p class='ocr_par' dir='ltr' id='par_1_90' title="bbox 2140 3489 3772 3560">
     <span class='ocr_line' id='line_1_90' title="bbox 2140 3489 3772 3560; baseline -0.001 -15"><span class='ocrx_word' id='word_1_609' title='bbox 2140 3496 2285 3547; x_wconf 63' lang='lat' dir='ltr'>tura)</span> <span class='ocrx_word' id='word_1_610' title='bbox 2308 3489 2595 3546; x_wconf 89' lang='lat' dir='ltr'>hominem</span> <span class='ocrx_word' id='word_1_611' title='bbox 2629 3494 2855 3545; x_wconf 89' lang='lat' dir='ltr'>tantum</span> <span class='ocrx_word' id='word_1_612' title='bbox 2888 3490 3098 3556; x_wconf 89' lang='lat' dir='ltr'>fuisse;</span> <span class='ocrx_word' id='word_1_613' title='bbox 3136 3489 3417 3546; x_wconf 86' lang='lat' dir='ltr'>adversus</span> <span class='ocrx_word' id='word_1_614' title='bbox 3448 3504 3613 3560; x_wconf 88' lang='lat' dir='ltr'>quem</span> <span class='ocrx_word' id='word_1_615' title='bbox 3646 3489 3772 3545; x_wconf 89' lang='lat' dir='ltr'>Mal-</span> 
     </span>
    </p>
   </div>
   <div class='ocr_carea' id='block_1_91' title="bbox 2137 3578 3773 3651">
    <p class='ocr_par' dir='ltr' id='par_1_91' title="bbox 2137 3578 3773 3651">
     <span class='ocr_line' id='line_1_91' title="bbox 2137 3578 3773 3651; baseline -0.001 -17"><span class='ocrx_word' id='word_1_616' title='bbox 2137 3578 2328 3648; x_wconf 87' lang='lat' dir='ltr'>ehion,</span> <span class='ocrx_word' id='word_1_617' title='bbox 2365 3578 2796 3635; x_wconf 89' lang='lat' dir='ltr'>disertissimus</span> <span class='ocrx_word' id='word_1_618' title='bbox 2838 3579 3211 3635; x_wconf 64' lang='lat' dir='ltr'>Antiochena}</span> <span class='ocrx_word' id='word_1_619' title='bbox 3252 3580 3541 3651; x_wconf 87' lang='lat' dir='ltr'>presbiter</span> <span class='ocrx_word' id='word_1_620' title='bbox 3578 3579 3773 3635; x_wconf 63' lang='lat' dir='ltr'>aeecle</span> 
     </span>
    </p>
   </div>
   <div class='ocr_carea' id='block_1_92' title="bbox 2139 3667 3770 3739">
    <p class='ocr_par' dir='ltr' id='par_1_92' title="bbox 2139 3667 3770 3739">
     <span class='ocr_line' id='line_1_92' title="bbox 2139 3667 3770 3739; baseline 0 -18"><span class='ocrx_word' id='word_1_621' title='bbox 2139 3667 2260 3737; x_wconf 72' lang='lat' dir='ltr'>siue,</span> <span class='ocrx_word' id='word_1_622' title='bbox 2288 3673 2489 3739; x_wconf 87' lang='lat' dir='ltr'>utpote</span> <span class='ocrx_word' id='word_1_623' title='bbox 2516 3667 2569 3722; x_wconf 91' lang='lat' dir='ltr'>in</span> <span class='ocrx_word' id='word_1_624' title='bbox 2593 3667 2792 3723; x_wconf 87' lang='lat' dir='ltr'>eadem</span> <span class='ocrx_word' id='word_1_625' title='bbox 2815 3667 3080 3725; x_wconf 72' lang='lat' dir='ltr'>meelesia</span> <span class='ocrx_word' id='word_1_626' title='bbox 3107 3668 3453 3725; x_wconf 87' lang='lat' dir='ltr'>rethoricam</span> <span class='ocrx_word' id='word_1_627' title='bbox 3477 3669 3770 3735; x_wconf 87' lang='lat' dir='ltr'>docuerat,</span> 
     </span>
    </p>
   </div>
   <div class='ocr_carea' id='block_1_93' title="bbox 2139 3755 3773 3829">
    <p class='ocr_par' dir='ltr' id='par_1_93' title="bbox 2139 3755 3773 3829">
     <span class='ocr_line' id='line_1_93' title="bbox 2139 3755 3773 3829; baseline 0 -18"><span class='ocrx_word' id='word_1_628' title='bbox 2139 3756 2563 3828; x_wconf 89' lang='lat' dir='ltr'>accipientibus</span> <span class='ocrx_word' id='word_1_629' title='bbox 2628 3757 2877 3814; x_wconf 80' lang='lat' dir='ltr'>notariis</span> <span class='ocrx_word' id='word_1_630' title='bbox 2946 3757 3301 3829; x_wconf 89' lang='lat' dir='ltr'>disputabat,</span> <span class='ocrx_word' id='word_1_631' title='bbox 3364 3758 3457 3828; x_wconf 89' lang='lat' dir='ltr'>qui</span> <span class='ocrx_word' id='word_1_632' title='bbox 3516 3755 3773 3827; x_wconf 84' lang='lat' dir='ltr'>dialogus</span> 
     </span>
    </p>
   </div>
   <div class='ocr_carea' id='block_1_94' title="bbox 2139 3844 3768 3918">
    <p class='ocr_par' dir='ltr' id='par_1_94' title="bbox 2139 3844 3768 3918">
     <span class='ocr_line' id='line_1_94' title="bbox 2139 3844 3768 3918; baseline 0.001 -17"><span class='ocrx_word' id='word_1_633' title='bbox 2139 3861 2326 3916; x_wconf 89' lang='lat' dir='ltr'>usque</span> <span class='ocrx_word' id='word_1_634' title='bbox 2370 3845 2537 3901; x_wconf 88' lang='lat' dir='ltr'>hodie</span> <span class='ocrx_word' id='word_1_635' title='bbox 2578 3850 2793 3901; x_wconf 85' lang='lat' dir='ltr'>exstat.</span> <span class='ocrx_word' id='word_1_636' title='bbox 2830 3846 3040 3917; x_wconf 76' lang='lat' dir='ltr'>(&quot;II-3R.)</span> <span class='ocrx_word' id='word_1_637' title='bbox 3075 3848 3311 3918; x_wconf 89' lang='lat' dir='ltr'>Dejeeto</span> <span class='ocrx_word' id='word_1_638' title='bbox 3354 3857 3543 3903; x_wconf 90' lang='lat' dir='ltr'>autem</span> <span class='ocrx_word' id='word_1_639' title='bbox 3576 3844 3768 3914; x_wconf 88' lang='lat' dir='ltr'>Paulo,</span> 
     </span>
    </p>
   </div>
   <div class='ocr_carea' id='block_1_95' title="bbox 2144 3934 3768 4008">
    <p class='ocr_par' dir='ltr' id='par_1_95' title="bbox 2144 3934 3768 4008">
     <span class='ocr_line' id='line_1_95' title="bbox 2144 3934 3768 4008; baseline -0.002 -16"><span class='ocrx_word' id='word_1_640' title='bbox 2144 3938 2265 3992; x_wconf 65' lang='lat'>16‘&quot;</span> <span class='ocrx_word' id='word_1_641' title='bbox 2306 3935 2628 3991; x_wconf 70' lang='lat' dir='ltr'>Antiochiae</span> <span class='ocrx_word' id='word_1_642' title='bbox 2666 3934 2734 3967; x_wconf 73' lang='grc'>⁸³³³</span> <span class='ocrx_word' id='word_1_643' title='bbox 2770 3936 3125 4006; x_wconf 84' lang='lat' dir='ltr'>subrogatur</span> <span class='ocrx_word' id='word_1_644' title='bbox 3158 3938 3409 3994; x_wconf 87' lang='lat' dir='ltr'>Domnus</span> <span class='ocrx_word' id='word_1_645' title='bbox 3446 3935 3768 4008; x_wconf 89' lang='lat' dir='ltr'>episcopus.</span> 
     </span>
    </p>
   </div>
   <div class='ocr_carea' id='block_1_96' title="bbox 2141 4024 2635 4082">
    <p class='ocr_par' dir='ltr' id='par_1_96' title="bbox 2141 4024 2635 4082">
     <span class='ocr_line' id='line_1_96' title="bbox 2141 4024 2635 4082; baseline -0.002 -1"><span class='ocrx_word' id='word_1_646' title='bbox 2141 4025 2287 4081; x_wconf 87' lang='lat' dir='ltr'>Anni</span> <span class='ocrx_word' id='word_1_647' title='bbox 2320 4024 2635 4082; x_wconf 83' lang='lat' dir='ltr'>Aureliani.</span> 
     </span>
    </p>
   </div>
   <div class='ocr_carea' id='block_1_97' title="bbox 2215 4112 3775 4186">
    <p class='ocr_par' dir='ltr' id='par_1_97' title="bbox 2215 4112 3775 4186">
     <span class='ocr_line' id='line_1_97' title="bbox 2215 4112 3775 4186; baseline 0 -17"><span class='ocrx_word' id='word_1_648' title='bbox 2215 4114 2313 4181; x_wconf 86' lang='lat' dir='ltr'>(H.</span> <span class='ocrx_word' id='word_1_649' title='bbox 2339 4115 2443 4186; x_wconf 71' lang='grc' dir='ltr'>γη.)</span> <span class='ocrx_word' id='word_1_650' title='bbox 2479 4116 2640 4170; x_wconf 84' lang='lat' dir='ltr'>Anno</span> <span class='ocrx_word' id='word_1_651' title='bbox 2675 4112 2980 4171; x_wconf 74' lang='lat' dir='ltr'>dominicae</span> <span class='ocrx_word' id='word_1_652' title='bbox 3012 4113 3430 4172; x_wconf 90' lang='lat' dir='ltr'>incarnationis</span> <span class='ocrx_word' id='word_1_653' title='bbox 3451 4117 3572 4184; x_wconf 87' lang='lat'>276,</span> <span class='ocrx_word' id='word_1_654' title='bbox 3597 4127 3628 4169; x_wconf 91' lang='lat' dir='ltr'>a</span> <span class='ocrx_word' id='word_1_655' title='bbox 3648 4127 3775 4170; x_wconf 88' lang='lat' dir='ltr'>con-</span> 
     </span>
    </p>
   </div>
   <div class='ocr_carea' id='block_1_98' title="bbox 2143 4201 3774 4275">
    <p class='ocr_par' dir='ltr' id='par_1_98' title="bbox 2143 4201 3774 4275">
     <span class='ocr_line' id='line_1_98' title="bbox 2143 4201 3774 4275; baseline -0.001 -18"><span class='ocrx_word' id='word_1_656' title='bbox 2143 4201 2262 4258; x_wconf 90' lang='lat' dir='ltr'>dita</span> <span class='ocrx_word' id='word_1_657' title='bbox 2291 4203 2443 4260; x_wconf 87' lang='lat' dir='ltr'>Urbe</span> <span class='ocrx_word' id='word_1_658' title='bbox 2468 4202 2780 4259; x_wconf 91' lang='lat' dir='ltr'>millesimo</span> <span class='ocrx_word' id='word_1_659' title='bbox 2803 4206 2890 4260; x_wconf 92' lang='lat'>27.</span> <span class='ocrx_word' id='word_1_660' title='bbox 2926 4203 3293 4273; x_wconf 86' lang='lat' dir='ltr'>Aurelianus,</span> <span class='ocrx_word' id='word_1_661' title='bbox 3319 4206 3486 4275; x_wconf 89' lang='lat' dir='ltr'>patre</span> <span class='ocrx_word' id='word_1_662' title='bbox 3508 4201 3774 4259; x_wconf 87' lang='lat' dir='ltr'>mediocri</span> 
     </span>
    </p>
   </div>
   <div class='ocr_carea' id='block_1_99' title="bbox 2142 4291 3773 4364">
    <p class='ocr_par' dir='ltr' id='par_1_99' title="bbox 2142 4291 3773 4364">
     <span class='ocr_line' id='line_1_99' title="bbox 2142 4291 3773 4364; baseline -0.001 -16"><span class='ocrx_word' id='word_1_663' title='bbox 2142 4295 2221 4362; x_wconf 90' lang='lat' dir='ltr'>et,</span> <span class='ocrx_word' id='word_1_664' title='bbox 2258 4295 2318 4348; x_wconf 90' lang='lat' dir='ltr'>ut</span> <span class='ocrx_word' id='word_1_665' title='bbox 2354 4291 2571 4362; x_wconf 90' lang='lat' dir='ltr'>dicunt,</span> <span class='ocrx_word' id='word_1_666' title='bbox 2610 4292 2829 4349; x_wconf 90' lang='lat' dir='ltr'>Aurelii</span> <span class='ocrx_word' id='word_1_667' title='bbox 2869 4293 3161 4350; x_wconf 89' lang='lat' dir='ltr'>senatoris</span> <span class='ocrx_word' id='word_1_668' title='bbox 3189 4293 3393 4350; x_wconf 90' lang='lat' dir='ltr'>colono</span> <span class='ocrx_word' id='word_1_669' title='bbox 3424 4291 3773 4364; x_wconf 82' lang='lat' dir='ltr'>progenitus,</span> 
     </span>
    </p>
   </div>
   <div class='ocr_carea' id='block_1_100' title="bbox 2142 4381 3778 4454">
    <p class='ocr_par' dir='ltr' id='par_1_100' title="bbox 2142 4381 3778 4454">
     <span class='ocr_line' id='line_1_100' title="bbox 2142 4381 3778 4454; baseline -0.001 -17"><span class='ocrx_word' id='word_1_670' title='bbox 2142 4387 2271 4439; x_wconf 72' lang='grc' dir='ltr'>29υε</span> <span class='ocrx_word' id='word_1_671' title='bbox 2295 4382 2366 4437; x_wconf 88' lang='lat' dir='ltr'>ab</span> <span class='ocrx_word' id='word_1_672' title='bbox 2392 4382 2677 4453; x_wconf 81' lang='lat' dir='ltr'>Augusto,</span> <span class='ocrx_word' id='word_1_673' title='bbox 2714 4382 3032 4454; x_wconf 85' lang='lat' dir='ltr'>imperator</span> <span class='ocrx_word' id='word_1_674' title='bbox 3061 4382 3306 4453; x_wconf 89' lang='lat' dir='ltr'>electus,</span> <span class='ocrx_word' id='word_1_675' title='bbox 3343 4382 3597 4454; x_wconf 82' lang='lat' dir='ltr'>regnavit</span> <span class='ocrx_word' id='word_1_676' title='bbox 3622 4381 3778 4438; x_wconf 84' lang='lat' dir='ltr'>annis</span> 
     </span>
    </p>
   </div>
   <div class='ocr_carea' id='block_1_101' title="bbox 2147 4469 3776 4543">
    <p class='ocr_par' dir='ltr' id='par_1_101' title="bbox 2147 4469 3776 4543">
     <span class='ocr_line' id='line_1_101' title="bbox 2147 4469 3776 4543; baseline -0.001 -18"><span class='ocrx_word' id='word_1_677' title='bbox 2147 4474 2199 4541; x_wconf 84' lang='grc'>5,</span> <span class='ocrx_word' id='word_1_678' title='bbox 2224 4485 2455 4526; x_wconf 89' lang='lat' dir='ltr'>menses</span> <span class='ocrx_word' id='word_1_679' title='bbox 2472 4474 2522 4540; x_wconf 89' lang='lat'>6,</span> <span class='ocrx_word' id='word_1_680' title='bbox 2550 4470 2639 4525; x_wconf 87' lang='lat' dir='ltr'>vir</span> <span class='ocrx_word' id='word_1_681' title='bbox 2661 4470 2717 4527; x_wconf 90' lang='lat' dir='ltr'>in</span> <span class='ocrx_word' id='word_1_682' title='bbox 2744 4471 2896 4527; x_wconf 86' lang='lat' dir='ltr'>bello</span> <span class='ocrx_word' id='word_1_683' title='bbox 2923 4477 3152 4543; x_wconf 87' lang='lat' dir='ltr'>potens,</span> <span class='ocrx_word' id='word_1_684' title='bbox 3179 4472 3281 4528; x_wconf 89' lang='lat' dir='ltr'>sed</span> <span class='ocrx_word' id='word_1_685' title='bbox 3306 4470 3475 4527; x_wconf 88' lang='lat' dir='ltr'>animi</span> <span class='ocrx_word' id='word_1_686' title='bbox 3500 4469 3776 4526; x_wconf 84' lang='lat' dir='ltr'>immodici</span> 
     </span>
    </p>
   </div>
   <div class='ocr_carea' id='block_1_102' title="bbox 2148 4558 3779 4632">
    <p class='ocr_par' dir='ltr' id='par_1_102' title="bbox 2148 4558 3779 4632">
     <span class='ocr_line' id='line_1_102' title="bbox 2148 4558 3779 4632; baseline -0.001 -17"><span class='ocrx_word' id='word_1_687' title='bbox 2148 4563 2205 4615; x_wconf 90' lang='lat' dir='ltr'>et</span> <span class='ocrx_word' id='word_1_688' title='bbox 2239 4559 2311 4615; x_wconf 89' lang='lat' dir='ltr'>ad</span> <span class='ocrx_word' id='word_1_689' title='bbox 2340 4558 2753 4616; x_wconf 88' lang='lat' dir='ltr'>crudelitatem</span> <span class='ocrx_word' id='word_1_690' title='bbox 2798 4560 3226 4632; x_wconf 89' lang='lat' dir='ltr'>propensioris,</span> <span class='ocrx_word' id='word_1_691' title='bbox 3262 4560 3339 4617; x_wconf 89' lang='lat' dir='ltr'>ita</span> <span class='ocrx_word' id='word_1_692' title='bbox 3374 4564 3433 4617; x_wconf 87' lang='lat' dir='ltr'>ut</span> <span class='ocrx_word' id='word_1_693' title='bbox 3466 4575 3574 4617; x_wconf 92' lang='lat' dir='ltr'>non</span> <span class='ocrx_word' id='word_1_694' title='bbox 3602 4559 3779 4614; x_wconf 90' lang='lat' dir='ltr'>solum</span> 
     </span>
    </p>
   </div>
   <div class='ocr_carea' id='block_1_103' title="bbox 2064 4636 3781 4720">
    <p class='ocr_par' dir='ltr' id='par_1_103' title="bbox 2064 4636 3781 4720">
     <span class='ocr_line' id='line_1_103' title="bbox 2064 4636 3781 4720; baseline -0.003 -12"><span class='ocrx_word' id='word_1_695' title='bbox 2064 4636 2119 4699; x_wconf 84' lang='lat' dir='ltr'><strong>D</strong></span> <span class='ocrx_word' id='word_1_696' title='bbox 2151 4648 2376 4708; x_wconf 86' lang='lat' dir='ltr'>nobiles</span> <span class='ocrx_word' id='word_1_697' title='bbox 2413 4649 2611 4720; x_wconf 87' lang='lat' dir='ltr'>plures</span> <span class='ocrx_word' id='word_1_698' title='bbox 2640 4650 2963 4719; x_wconf 89' lang='lat' dir='ltr'>damnaret,</span> <span class='ocrx_word' id='word_1_699' title='bbox 2995 4650 3096 4706; x_wconf 90' lang='lat' dir='ltr'>sed</span> <span class='ocrx_word' id='word_1_700' title='bbox 3130 4649 3301 4706; x_wconf 88' lang='lat' dir='ltr'>etiam</span> <span class='ocrx_word' id='word_1_701' title='bbox 3335 4649 3550 4705; x_wconf 91' lang='lat' dir='ltr'>sororis</span> <span class='ocrx_word' id='word_1_702' title='bbox 3581 4663 3697 4705; x_wconf 68' lang='lat' dir='ltr'>suae</span> <span class='ocrx_word' id='word_1_703' title='bbox 3729 4648 3781 4702; x_wconf 87' lang='lat' dir='ltr'>ﬁ-</span> 
     </span>
    </p>
   </div>
   <div class='ocr_carea' id='block_1_104' title="bbox 2150 4738 3780 4810">
    <p class='ocr_par' dir='ltr' id='par_1_104' title="bbox 2150 4738 3780 4810">
     <span class='ocr_line' id='line_1_104' title="bbox 2150 4738 3780 4810; baseline -0.002 -16"><span class='ocrx_word' id='word_1_704' title='bbox 2150 4740 2288 4797; x_wconf 88' lang='lat' dir='ltr'>lium</span> <span class='ocrx_word' id='word_1_705' title='bbox 2320 4744 2576 4795; x_wconf 88' lang='lat' dir='ltr'>necaret.</span> <span class='ocrx_word' id='word_1_706' title='bbox 2614 4739 2946 4810; x_wconf 68' lang='lat' dir='ltr'>Disciplina:</span> <span class='ocrx_word' id='word_1_707' title='bbox 2979 4744 3167 4796; x_wconf 87' lang='lat' dir='ltr'>tamen</span> <span class='ocrx_word' id='word_1_708' title='bbox 3199 4738 3466 4794; x_wconf 90' lang='lat' dir='ltr'>militaris</span> <span class='ocrx_word' id='word_1_709' title='bbox 3488 4742 3545 4793; x_wconf 90' lang='lat' dir='ltr'>et</span> <span class='ocrx_word' id='word_1_710' title='bbox 3569 4752 3780 4793; x_wconf 86' lang='lat' dir='ltr'>morum</span> 
     </span>
    </p>
   </div>
   <div class='ocr_carea' id='block_1_105' title="bbox 2150 4824 3781 4900">
    <p class='ocr_par' dir='ltr' id='par_1_105' title="bbox 2150 4824 3781 4900">
     <span class='ocr_line' id='line_1_105' title="bbox 2150 4824 3781 4900; baseline -0.004 -15"><span class='ocrx_word' id='word_1_711' title='bbox 2150 4827 2571 4887; x_wconf 87' lang='lat' dir='ltr'>dissolutorum</span> <span class='ocrx_word' id='word_1_712' title='bbox 2597 4843 2800 4898; x_wconf 79' lang='lat' dir='ltr'>magna</span> <span class='ocrx_word' id='word_1_713' title='bbox 2819 4832 2947 4883; x_wconf 88' lang='lat' dir='ltr'>erat</span> <span class='ocrx_word' id='word_1_714' title='bbox 2964 4842 3033 4884; x_wconf 84' lang='lat' dir='ltr'>ex</span> <span class='ocrx_word' id='word_1_715' title='bbox 3052 4826 3117 4859; x_wconf 75' lang='grc'>⁸³⁸</span> <span class='ocrx_word' id='word_1_716' title='bbox 3140 4831 3304 4900; x_wconf 90' lang='lat' dir='ltr'>parte</span> <span class='ocrx_word' id='word_1_717' title='bbox 3328 4831 3641 4895; x_wconf 88' lang='lat' dir='ltr'>corrector,</span> <span class='ocrx_word' id='word_1_718' title='bbox 3667 4824 3781 4895; x_wconf 85' lang='lat' dir='ltr'>qui-</span> 
     </span>
    </p>
   </div>
   <div class='ocr_carea' id='block_1_106' title="bbox 2151 4914 3781 4991">
    <p class='ocr_par' dir='ltr' id='par_1_106' title="bbox 2151 4914 3781 4991">
     <span class='ocr_line' id='line_1_106' title="bbox 2151 4914 3781 4991; baseline -0.004 -15"><span class='ocrx_word' id='word_1_719' title='bbox 2151 4933 2262 4991; x_wconf 91' lang='lat' dir='ltr'>que</span> <span class='ocrx_word' id='word_1_720' title='bbox 2297 4918 2516 4975; x_wconf 89' lang='lat' dir='ltr'>Gothos</span> <span class='ocrx_word' id='word_1_721' title='bbox 2549 4916 2954 4974; x_wconf 88' lang='lat' dir='ltr'>strenuissime</span> <span class='ocrx_word' id='word_1_722' title='bbox 2987 4916 3148 4988; x_wconf 89' lang='lat' dir='ltr'>vieit,</span> <span class='ocrx_word' id='word_1_723' title='bbox 3190 4916 3328 4973; x_wconf 88' lang='lat' dir='ltr'>haut</span> <span class='ocrx_word' id='word_1_724' title='bbox 3361 4914 3653 4973; x_wconf 89' lang='lat' dir='ltr'>dissimilis</span> <span class='ocrx_word' id='word_1_725' title='bbox 3684 4916 3781 4970; x_wconf 84' lang='lat' dir='ltr'>Ma-</span> 
     </span>
    </p>
   </div>
   <div class='ocr_carea' id='block_1_107' title="bbox 2150 5005 3779 5080">
    <p class='ocr_par' dir='ltr' id='par_1_107' title="bbox 2150 5005 3779 5080">
     <span class='ocr_line' id='line_1_107' title="bbox 2150 5005 3779 5080; baseline -0.004 -18"><span class='ocrx_word' id='word_1_726' title='bbox 2150 5024 2263 5080; x_wconf 86' lang='lat' dir='ltr'>gno</span> <span class='ocrx_word' id='word_1_727' title='bbox 2286 5007 2617 5064; x_wconf 83' lang='lat' dir='ltr'>Alexandro</span> <span class='ocrx_word' id='word_1_728' title='bbox 2637 5022 2737 5062; x_wconf 87' lang='lat' dir='ltr'>seu</span> <span class='ocrx_word' id='word_1_729' title='bbox 2759 5006 2973 5064; x_wconf 62' lang='lat' dir='ltr'>Caesari</span> <span class='ocrx_word' id='word_1_730' title='bbox 2996 5005 3294 5062; x_wconf 90' lang='lat' dir='ltr'>dictatori.</span> <span class='ocrx_word' id='word_1_731' title='bbox 3320 5006 3458 5061; x_wconf 88' lang='lat' dir='ltr'>Nam</span> <span class='ocrx_word' id='word_1_732' title='bbox 3481 5006 3779 5061; x_wconf 84' lang='lat' dir='ltr'>Romanum</span> 
     </span>
    </p>
   </div>
   <div class='ocr_carea' id='block_1_108' title="bbox 2154 5093 3781 5169">
    <p class='ocr_par' dir='ltr' id='par_1_108' title="bbox 2154 5093 3781 5169">
     <span class='ocr_line' id='line_1_108' title="bbox 2154 5093 3781 5169; baseline -0.006 -15"><span class='ocrx_word' id='word_1_733' title='bbox 2154 5098 2459 5169; x_wconf 88' lang='lat' dir='ltr'>imperium</span> <span class='ocrx_word' id='word_1_734' title='bbox 2498 5095 2750 5153; x_wconf 88' lang='lat' dir='ltr'>triennio</span> <span class='ocrx_word' id='word_1_735' title='bbox 2782 5096 2854 5153; x_wconf 86' lang='lat' dir='ltr'>ab</span> <span class='ocrx_word' id='word_1_736' title='bbox 2887 5095 3254 5153; x_wconf 88' lang='lat' dir='ltr'>invasoribus</span> <span class='ocrx_word' id='word_1_737' title='bbox 3287 5093 3628 5166; x_wconf 87' lang='lat' dir='ltr'>receptavit,</span> <span class='ocrx_word' id='word_1_738' title='bbox 3662 5105 3781 5149; x_wconf 88' lang='lat' dir='ltr'>cum</span> 
     </span>
    </p>
   </div>
   <div class='ocr_carea' id='block_1_109' title="bbox 2156 5182 3783 5256">
    <p class='ocr_par' dir='ltr' id='par_1_109' title="bbox 2156 5182 3783 5256">
     <span class='ocr_line' id='line_1_109' title="bbox 2156 5182 3783 5256; baseline -0.005 -14"><span class='ocrx_word' id='word_1_739' title='bbox 2156 5185 2483 5243; x_wconf 88' lang='lat' dir='ltr'>Alexander</span> <span class='ocrx_word' id='word_1_740' title='bbox 2514 5185 2680 5242; x_wconf 89' lang='lat' dir='ltr'>annis</span> <span class='ocrx_word' id='word_1_741' title='bbox 2701 5184 2769 5217; x_wconf 75' lang='grc'>⁸³⁵</span> <span class='ocrx_word' id='word_1_742' title='bbox 2799 5189 2864 5241; x_wconf 90' lang='grc'>12</span> <span class='ocrx_word' id='word_1_743' title='bbox 2887 5199 2989 5256; x_wconf 88' lang='lat' dir='ltr'>per</span> <span class='ocrx_word' id='word_1_744' title='bbox 3021 5184 3288 5255; x_wconf 84' lang='lat' dir='ltr'>ingentes</span> <span class='ocrx_word' id='word_1_745' title='bbox 3321 5183 3595 5240; x_wconf 85' lang='lat' dir='ltr'>victorias</span> <span class='ocrx_word' id='word_1_746' title='bbox 3618 5182 3687 5237; x_wconf 88' lang='lat' dir='ltr'>ad</span> <span class='ocrx_word' id='word_1_747' title='bbox 3713 5182 3783 5235; x_wconf 92' lang='lat' dir='ltr'>ln-</span> 
     </span>
    </p>
   </div>
   <div class='ocr_carea' id='block_1_110' title="bbox 2156 5268 3785 5346">
    <p class='ocr_par' dir='ltr' id='par_1_110' title="bbox 2156 5268 3785 5346">
     <span class='ocr_line' id='line_1_110' title="bbox 2156 5268 3785 5346; baseline -0.004 -17"><span class='ocrx_word' id='word_1_748' title='bbox 2156 5275 2307 5331; x_wconf 89' lang='lat' dir='ltr'>diam</span> <span class='ocrx_word' id='word_1_749' title='bbox 2351 5274 2709 5346; x_wconf 90' lang='lat' dir='ltr'>pervenerit,</span> <span class='ocrx_word' id='word_1_750' title='bbox 2743 5278 2801 5330; x_wconf 88' lang='lat' dir='ltr'>et</span> <span class='ocrx_word' id='word_1_751' title='bbox 2835 5272 3004 5332; x_wconf 88' lang='lat' dir='ltr'>Caius</span> <span class='ocrx_word' id='word_1_752' title='bbox 3044 5274 3238 5330; x_wconf 63' lang='lat' dir='ltr'>Caesar</span> <span class='ocrx_word' id='word_1_753' title='bbox 3278 5271 3556 5330; x_wconf 89' lang='lat' dir='ltr'>decennio</span> <span class='ocrx_word' id='word_1_754' title='bbox 3589 5268 3785 5327; x_wconf 87' lang='lat' dir='ltr'>Gallias</span> 
     </span>
    </p>
   </div>
   <div class='ocr_carea' id='block_1_111' title="bbox 1770 5450 2446 5506">
    <p class='ocr_par' dir='ltr' id='par_1_111' title="bbox 1770 5450 2446 5506">
     <span class='ocr_line' id='line_1_111' title="bbox 1770 5450 2446 5506; baseline -0.001 -1"><span class='ocrx_word' id='word_1_755' title='bbox 1770 5450 2006 5506; x_wconf 67' lang='lat' dir='ltr'>VARUE</span> <span class='ocrx_word' id='word_1_756' title='bbox 2049 5451 2342 5506; x_wconf 84' lang='lat' dir='ltr'>LECTION</span> <span class='ocrx_word' id='word_1_757' title='bbox 2349 5450 2446 5505; x_wconf 90' lang='lat' dir='ltr'>ES.</span> 
     </span>
    </p>
   </div>
   <div class='ocr_carea' id='block_1_112' title="bbox 468 5589 1042 5662">
    <p class='ocr_par' dir='ltr' id='par_1_112' title="bbox 468 5589 1042 5662">
     <span class='ocr_line' id='line_1_112' title="bbox 468 5589 1042 5662; baseline 0 -17"><span class='ocrx_word' id='word_1_758' title='bbox 468 5589 535 5623; x_wconf 81' lang='grc'>⁶²²</span> <span class='ocrx_word' id='word_1_759' title='bbox 569 5605 622 5662; x_wconf 92' lang='lat' dir='ltr'>p.</span> <span class='ocrx_word' id='word_1_760' title='bbox 660 5589 819 5646; x_wconf 88' lang='lat' dir='ltr'>solus</span> <span class='ocrx_word' id='word_1_761' title='bbox 851 5595 899 5645; x_wconf 90' lang='grc'>5.</span> <span class='ocrx_word' id='word_1_762' title='bbox 975 5590 1042 5624; x_wconf 78' lang='grc'>⁶²³</span> 
     </span>
    </p>
   </div>
   <div class='ocr_carea' id='block_1_113' title="bbox 402 5665 659 5732">
    <p class='ocr_par' dir='ltr' id='par_1_113' title="bbox 402 5665 659 5732">
     <span class='ocr_line' id='line_1_113' title="bbox 402 5665 659 5732; baseline 0 -16"><span class='ocrx_word' id='word_1_763' title='bbox 402 5666 578 5732; x_wconf 84' lang='lat' dir='ltr'>atque</span> <span class='ocrx_word' id='word_1_764' title='bbox 609 5665 659 5717; x_wconf 85' lang='grc'>5.</span> 
     </span>
    </p>
   </div>
   <div class='ocr_carea' id='block_1_114' title="bbox 400 5737 588 5789">
    <p class='ocr_par' dir='ltr' id='par_1_114' title="bbox 400 5737 588 5789">
     <span class='ocr_line' id='line_1_114' title="bbox 400 5737 588 5789; baseline 0.005 -1"><span class='ocrx_word' id='word_1_765' title='bbox 400 5738 488 5789; x_wconf 79' lang='lat' dir='ltr'>est</span> <span class='ocrx_word' id='word_1_766' title='bbox 513 5737 588 5789; x_wconf 75' lang='lat'>9°.</span> 
     </span>
    </p>
   </div>
   <div class='ocr_carea' id='block_1_115' title="bbox 1094 5590 1873 5661">
    <p class='ocr_par' dir='ltr' id='par_1_115' title="bbox 1094 5590 1873 5661">
     <span class='ocr_line' id='line_1_115' title="bbox 1094 5590 1873 5661; baseline -0.004 -13"><span class='ocrx_word' id='word_1_767' title='bbox 1094 5606 1149 5661; x_wconf 88' lang='lat' dir='ltr'>g.</span> <span class='ocrx_word' id='word_1_768' title='bbox 1185 5596 1312 5648; x_wconf 90' lang='lat' dir='ltr'>erat</span> <span class='ocrx_word' id='word_1_769' title='bbox 1344 5597 1392 5648; x_wconf 88' lang='grc'>5.</span> <span class='ocrx_word' id='word_1_770' title='bbox 1481 5590 1548 5623; x_wconf 67' lang='grc'>⁸³*</span> <span class='ocrx_word' id='word_1_771' title='bbox 1582 5590 1747 5648; x_wconf 75' lang='lat' dir='ltr'>deest</span> <span class='ocrx_word' id='word_1_772' title='bbox 1798 5595 1873 5645; x_wconf 68' lang='lat'>90.</span> 
     </span>
    </p>
   </div>
   <div class='ocr_carea' id='block_1_116' title="bbox 680 5731 1462 5792">
    <p class='ocr_par' dir='ltr' id='par_1_116' title="bbox 680 5731 1462 5792">
     <span class='ocr_line' id='line_1_116' title="bbox 680 5731 1462 5792; baseline 0.001 -3"><span class='ocrx_word' id='word_1_773' title='bbox 680 5731 751 5766; x_wconf 80' lang='grc'>⁸³³</span> <span class='ocrx_word' id='word_1_774' title='bbox 781 5737 1087 5791; x_wconf 89' lang='lat' dir='ltr'>antioecne</span> <span class='ocrx_word' id='word_1_775' title='bbox 1115 5735 1378 5792; x_wconf 78' lang='lat' dir='ltr'>ecclesiae</span> <span class='ocrx_word' id='word_1_776' title='bbox 1413 5739 1462 5790; x_wconf 89' lang='grc'>5.</span> 
     </span>
    </p>
   </div>
   <div class='ocr_carea' id='block_1_117' title="bbox 1960 5591 2360 5631">
    <p class='ocr_par' dir='ltr' id='par_1_117' title="bbox 1960 5591 2360 5631">
     <span class='ocr_line' id='line_1_117' title="bbox 1960 5591 2360 5631; baseline 0 0"><span class='ocrx_word' id='word_1_777' title='bbox 1960 5591 2028 5623; x_wconf 65' lang='grc'>625</span> <span class='ocrx_word' id='word_1_778' title='bbox 2062 5608 2092 5631; x_wconf 88' lang='lat' dir='ltr'><strong>n</strong></span> <span class='ocrx_word' id='word_1_779' title='bbox 2149 5597 2203 5631; x_wconf 68' lang='lat' dir='ltr'>nl</span> <span class='ocrx_word' id='word_1_780' title='bbox 2240 5608 2273 5631; x_wconf 72' lang='grc' dir='ltr'>(γ</span> <span class='ocrx_word' id='word_1_781' title='bbox 2331 5598 2360 5631; x_wconf 61' lang='grc' dir='ltr'><strong>ιζ</strong></span> 
     </span>
    </p>
   </div>
   <div class='ocr_carea' id='block_1_118' title="bbox 760 5597 2378 5735">
    <p class='ocr_par' dir='ltr' id='par_1_118' title="bbox 760 5597 2378 5735">
     <span class='ocr_line' id='line_1_118' title="bbox 760 5597 2378 5662; baseline 0.001 -16"><span class='ocrx_word' id='word_1_782' title='bbox 760 5605 819 5646; x_wconf 88' lang='lat' dir='ltr'>us</span> <span class='ocrx_word' id='word_1_783' title='bbox 851 5597 899 5645; x_wconf 92' lang='grc'>5.</span> <span class='ocrx_word' id='word_1_784' title='bbox 975 5597 1042 5624; x_wconf 65' lang='grc' dir='ltr'>⁵η</span> <span class='ocrx_word' id='word_1_785' title='bbox 1094 5606 1149 5661; x_wconf 89' lang='lat' dir='ltr'>g.</span> <span class='ocrx_word' id='word_1_786' title='bbox 1185 5597 1312 5648; x_wconf 88' lang='lat' dir='ltr'>erat</span> <span class='ocrx_word' id='word_1_787' title='bbox 1344 5597 1392 5648; x_wconf 87' lang='grc'>5.</span> <span class='ocrx_word' id='word_1_788' title='bbox 1481 5597 1548 5623; x_wconf 73' lang='grc'>⁸³⁵</span> <span class='ocrx_word' id='word_1_789' title='bbox 1582 5597 1747 5648; x_wconf 76' lang='lat' dir='ltr'>deest</span> <span class='ocrx_word' id='word_1_790' title='bbox 1798 5597 1873 5645; x_wconf 67' lang='lat'>90.</span> <span class='ocrx_word' id='word_1_791' title='bbox 1960 5597 2028 5623; x_wconf 64' lang='grc' dir='ltr'>διδ</span> <span class='ocrx_word' id='word_1_792' title='bbox 2062 5608 2114 5648; x_wconf 92' lang='lat' dir='ltr'>u.</span> <span class='ocrx_word' id='word_1_793' title='bbox 2149 5597 2208 5649; x_wconf 89' lang='lat' dir='ltr'>et</span> <span class='ocrx_word' id='word_1_794' title='bbox 2238 5608 2290 5662; x_wconf 87' lang='lat' dir='ltr'>g.</span> <span class='ocrx_word' id='word_1_795' title='bbox 2330 5598 2378 5649; x_wconf 87' lang='grc'>5.</span> 
     </span>
     <span class='ocr_line' id='line_1_119' title="bbox 760 5662 2378 5735; baseline -0.001 -16"><span class='ocrx_word' id='word_1_796' title='bbox 760 5662 829 5696; x_wconf 79' lang='grc'>²²⁰</span> <span class='ocrx_word' id='word_1_797' title='bbox 856 5666 904 5719; x_wconf 87' lang='lat'>8.</span> <span class='ocrx_word' id='word_1_798' title='bbox 945 5662 1022 5719; x_wconf 91' lang='lat' dir='ltr'>id.</span> <span class='ocrx_word' id='word_1_799' title='bbox 1058 5678 1109 5719; x_wconf 88' lang='lat' dir='ltr'>a.</span> <span class='ocrx_word' id='word_1_800' title='bbox 1143 5663 1355 5721; x_wconf 74' lang='lat' dir='ltr'>desunt</span> <span class='ocrx_word' id='word_1_801' title='bbox 1394 5664 1490 5719; x_wconf 89' lang='grc' dir='ltr'>Ε1.</span> <span class='ocrx_word' id='word_1_802' title='bbox 1524 5663 1684 5735; x_wconf 54' lang='lat' dir='ltr'>quod</span> <span class='ocrx_word' id='word_1_803' title='bbox 1709 5664 1985 5735; x_wconf 71' lang='lat' dir='ltr'>inmarg.</span> <span class='ocrx_word' id='word_1_804' title='bbox 2018 5666 2278 5721; x_wconf 64' lang='lat' dir='ltr'>notatur.</span> <span class='ocrx_word' id='word_1_805' title='bbox 2364 5664 2378 5697; x_wconf 69' lang='grc' dir='ltr'>ε</span> 
     </span>
    </p>
   </div>
   <div class='ocr_carea' id='block_1_119' title="bbox 2460 5591 2853 5650">
    <p class='ocr_par' dir='ltr' id='par_1_119' title="bbox 2460 5591 2853 5650">
     <span class='ocr_line' id='line_1_120' title="bbox 2460 5591 2853 5650; baseline -0.005 -1"><span class='ocrx_word' id='word_1_806' title='bbox 2460 5591 2528 5624; x_wconf 82' lang='grc'>⁶²⁶</span> <span class='ocrx_word' id='word_1_807' title='bbox 2572 5592 2735 5650; x_wconf 68' lang='lat' dir='ltr'>deest</span> <span class='ocrx_word' id='word_1_808' title='bbox 2778 5594 2853 5647; x_wconf 75' lang='grc' dir='ltr'>9ο.</span> 
     </span>
    </p>
   </div>
   <div class='ocr_carea' id='block_1_120' title="bbox 2364 5663 2937 5733">
    <p class='ocr_par' dir='ltr' id='par_1_120' title="bbox 2364 5663 2937 5733">
     <span class='ocr_line' id='line_1_121' title="bbox 2364 5663 2937 5733; baseline 0.002 -15"><span class='ocrx_word' id='word_1_809' title='bbox 2364 5663 2433 5697; x_wconf 82' lang='grc'>⁶³⁰</span> <span class='ocrx_word' id='word_1_810' title='bbox 2461 5663 2858 5733; x_wconf 70' lang='lat' dir='ltr'>gneocesarize</span> <span class='ocrx_word' id='word_1_811' title='bbox 2888 5668 2937 5720; x_wconf 89' lang='grc'>5.</span> 
     </span>
    </p>
   </div>
   <div class='ocr_carea' id='block_1_121' title="bbox 2937 5586 3783 5648">
    <p class='ocr_par' dir='ltr' id='par_1_121' title="bbox 2937 5586 3783 5648">
     <span class='ocr_line' id='line_1_122' title="bbox 2937 5586 3783 5648; baseline -0.005 -2"><span class='ocrx_word' id='word_1_812' title='bbox 2937 5590 3005 5625; x_wconf 77' lang='grc'>⁶²⁷</span> <span class='ocrx_word' id='word_1_813' title='bbox 3035 5605 3087 5647; x_wconf 89' lang='lat' dir='ltr'>a.</span> <span class='ocrx_word' id='word_1_814' title='bbox 3150 5604 3271 5648; x_wconf 58' lang='lat' dir='ltr'>suae</span> <span class='ocrx_word' id='word_1_815' title='bbox 3304 5593 3378 5644; x_wconf 81' lang='lat'>9°.</span> <span class='ocrx_word' id='word_1_816' title='bbox 3451 5588 3521 5621; x_wconf 71' lang='grc'>⁸³⁸</span> <span class='ocrx_word' id='word_1_817' title='bbox 3569 5586 3605 5645; x_wconf 93' lang='lat' dir='ltr'>l.</span> <span class='ocrx_word' id='word_1_818' title='bbox 3638 5594 3696 5645; x_wconf 88' lang='lat' dir='ltr'>et</span> <span class='ocrx_word' id='word_1_819' title='bbox 3722 5593 3783 5644; x_wconf 85' lang='lat' dir='ltr'>st.</span> 
     </span>
    </p>
   </div>
   <div class='ocr_carea' id='block_1_122' title="bbox 3025 5658 3785 5719">
    <p class='ocr_par' dir='ltr' id='par_1_122' title="bbox 3025 5658 3785 5719">
     <span class='ocr_line' id='line_1_123' title="bbox 3025 5658 3785 5719; baseline -0.009 0"><span class='ocrx_word' id='word_1_820' title='bbox 3025 5662 3091 5696; x_wconf 74' lang='grc' dir='ltr'>αδι</span> <span class='ocrx_word' id='word_1_821' title='bbox 3124 5677 3173 5719; x_wconf 92' lang='lat' dir='ltr'>e.</span> <span class='ocrx_word' id='word_1_822' title='bbox 3210 5662 3385 5718; x_wconf 76' lang='lat' dir='ltr'>xv1us</span> <span class='ocrx_word' id='word_1_823' title='bbox 3412 5660 3473 5716; x_wconf 87' lang='lat' dir='ltr'>n.</span> <span class='ocrx_word' id='word_1_824' title='bbox 3512 5666 3561 5717; x_wconf 71' lang='grc' dir='ltr'>δ.</span> <span class='ocrx_word' id='word_1_825' title='bbox 3655 5658 3717 5692; x_wconf 69' lang='grc' dir='ltr'>οδε</span> <span class='ocrx_word' id='word_1_826' title='bbox 3745 5673 3785 5714; x_wconf 89' lang='lat' dir='ltr'>a.</span> 
     </span>
    </p>
   </div>
   <div class='ocr_carea' id='block_1_123' title="bbox 1549 5733 2615 5809">
    <p class='ocr_par' dir='ltr' id='par_1_123' title="bbox 1549 5733 2615 5809">
     <span class='ocr_line' id='line_1_124' title="bbox 1549 5733 2615 5809; baseline 0.003 -21"><span class='ocrx_word' id='word_1_827' title='bbox 1549 5733 1617 5767; x_wconf 72' lang='grc'>⁸³⁸</span> <span class='ocrx_word' id='word_1_828' title='bbox 1648 5734 1812 5792; x_wconf 78' lang='lat' dir='ltr'>deest</span> <span class='ocrx_word' id='word_1_829' title='bbox 1835 5733 1938 5790; x_wconf 81' lang='grc' dir='ltr'>Ε1.</span> <span class='ocrx_word' id='word_1_830' title='bbox 2003 5735 2071 5769; x_wconf 74' lang='grc'>⁸³⁸</span> <span class='ocrx_word' id='word_1_831' title='bbox 2104 5752 2206 5809; x_wconf 87' lang='lat' dir='ltr'>per</span> <span class='ocrx_word' id='word_1_832' title='bbox 2239 5748 2419 5792; x_wconf 91' lang='lat' dir='ltr'>annos</span> <span class='ocrx_word' id='word_1_833' title='bbox 2451 5740 2509 5791; x_wconf 87' lang='grc'>5.</span> <span class='ocrx_word' id='word_1_834' title='bbox 2540 5738 2615 5791; x_wconf 73' lang='grc' dir='ltr'>9ο.</span> 
     </span>
    </p>
   </div>
  </div>
