3946 6436
230 455 352 519 697
1116 455 1554 520 CHRONICA.
1592 489 1663 499 ——
1698 448 1895 514 CHR(

2076 447 2174 510 3N
2219 442 2767 548 IJNIVERSXLE.
3518 433 3638 496 698

234 591 1085 666 superaverit,adversuscives
1109 593 1489 667 quadriennio
1509 589 1875 664 pugnaverit.
1909 585 1966 646 A
1996 589 2093 641 tur
2125 582 2369 656 impleri,
2403 599 2472 640 ex
2514 596 2626 653 quo
2673 579 2874 636 insana
2932 573 3357 632 Maniehcorum
3409 569 3638 630 heresis

235 684 336 739 IIic
359 684 580 755 primus
627 685 777 755 apud
813 687 1097 740 Romanos
1142 685 1403 740 diadema
1435 683 1609 754 capiti
1642 695 1747 737 suo
1781 681 1882 734 im-

238 772 432 842 posuit
466 774 521 826 et
557 776 749 826 vestes
785 789 924 828 auro
958 773 1314 842 gemmisque
1344 776 1652 827 contextus
1686 771 1740 823 in
1772 783 1878 823 usu

237 860 460 928 habuit,
490 861 641 929 quod
664 864 829 916 antea
873 862 1145 916 Romanis
1171 860 1482 929 majoribus
1524 857 1879 926 incognitum

238 950 369 1017 fuit,
398 950 648 1020 porcina:
681 965 908 1020 quoque
938 950 1131 1006 carnis
1158 966 1322 1005 usum
1356 949 1572 1020 populo
1608 945 1877 1002 instituit.

241 1039 344 1092 llic
377 1054 504 1093 cum
550 1040 1016 1109 persecutionem
1067 1054 1271 1095 nonam
1330 1043 1460 1110 post
1510 1039 1792 1092 Neronem
1828 1036 1882 1090 in

242 1126 608 1182 Christianos
641 1129 917 1184 movisset
952 1127 1039 1199 ⁸³⁸,
1074 1128 1285 1183 fulmen
1319 1132 1452 1182 ante
1486 1126 1645 1181 illum
1679 1139 1883 1194 magno

237 1215 748 1271 circumstantium
782 1231 995 1288 pavore
1030 1218 1165 1286 ruit,
1201 1231 1266 1271 ac
1300 1231 1410 1271 non
1445 1213 1627 1270 multo
1652 1220 1781 1285 post
1807 1213 1887 1266 in-

239 1309 335 1359 ter
369 1307 931 1378 C(mstantinopolim
966 1311 1023 1362 ct
1053 1306 1378 1361 llcraclium
1413 1322 1442 1360 a
1477 1303 1759 1359 militibus
1792 1318 1886 1358 oc-

237 1400 398 1449 cisus
421 1400 529 1450 est.

314 1490 368 1537 2.
406 1481 611 1553 (HIER.)
651 1488 712 1539 A.
749 1485 810 1537 D.
843 1488 964 1539 277.
1017 1483 1311 1540 Antiocha)
1368 1485 1608 1554 Tymeus
1660 1479 1888 1536 ordina-

249 1576 347 1627 tur
378 1573 694 1644 episcopus
719 1577 858 1627 Παίς.

314 1664 362 1716 4.
401 1664 462 1716 A.
496 1664 556 1716 D.
595 1666 716 1717 270.
753 1663 1038 1719 Eusebius
1077 1661 1436 1717 Laodicenus
1482 1659 1549 1692 ⁸³⁷
1581 1659 1887 1730 episcOpus

241 1749 486 1820 insignis
517 1751 784 1805 habetur.

314 1843 363 1892 5.
401 1840 462 1892 Α.
498 1839 560 1892 D.
598 1841 718 1894 280.
756 1836 1102 1894 Aurelianus
1137 1835 1439 1891 occiditur.

241 1928 442 1984 Annus
473 1927 672 1983 Taciti.

315 2019 478 2072 Anno
502 2016 802 2071 dominica)
825 2015 1237 2071 incarnationis
1251 2019 1372 2082 28!,
1396 2013 1464 2068 ab
1481 2015 1628 2068 Urbe
1654 2011 1886 2067 condita

247 2107 556 2161 millesimo
590 2111 674 2160 32.
736 2107 985 2172 Tacitus,
1021 2106 1090 2159 ab
1125 2107 1387 2173 Augusto
1421 2108 1565 2172 3011-“,
1628 2102 1886 2172 suscepit

242 2195 570 2266 imperium,
609 2194 697 2248 vir
723 2195 954 2262 egregie
986 2196 1246 2248 moratus
1269 2191 1336 2223 ⁸³⁸
1367 2196 1424 2246 et
1474 2191 1542 2245 ad
1580 2190 1887 2259 regendam

244 2300 364 2340 rem
390 2283 676 2355 publicam
699 2283 973 2347 idoneus;
1000 2282 1100 2338 sed
1135 2281 1310 2337 nichil
1337 2280 1525 2352 potuit
1556 2279 1886 2348 ostendere,

247 2374 380 2444 quia
405 2378 535 2443 post
561 2387 661 2427 sex
682 2387 906 2426 menses
929 2371 1078 2441 apud
1099 2373 1341 2424 Pontum
1363 2369 1594 2424 occisus
1618 2373 1728 2423 est.
1749 2367 1890 2422 Huic

245 2463 547 2517 Florianus
574 2461 877 2530 successit,
905 2461 1005 2516 sed
1031 2475 1132 2515 nec
1158 2459 1248 2514 hic
1275 2459 1492 2528 aliquid
1520 2458 1753 2526 dignum
1778 2471 1891 2511 mc-

246 2552 426 2606 moria
452 2551 592 2620 egit,
618 2550 748 2620 quia
783 2551 1011 2604 duobus
1064 2553 1284 2604 tantum
1308 2547 1374 2579 ⁸³³
1399 2546 1692 2601 mensibus
1723 2550 1782 2600 et
1813 2544 1892 2600 vi-

245 2641 392 2710 ginti
418 2641 623 2695 diebus
649 2640 702 2694 in
740 2639 979 2710 imperio
1011 2638 1170 2693 vixit.
1201 2639 1336 2691 Nam
1361 2636 1493 2691 dum
1522 2650 1721 2703 magna
1758 2649 1891 2705 pars

248 2729 546 2785 exercitus
568 2729 810 2796 eligeret
842 2727 1131 2798 Equitium
1182 2727 1455 2793 Probum,
1492 2724 1712 2779 militizc
1747 2723 1894 2794 peri-

246 2826 394 2887 tum,
445 2817 645 2872 Fli':rus
687 2816 754 2848 ⁶⁴⁰
804 2816 967 2886 quasi
1003 2831 1105 2886 per
1137 2815 1332 2870 ludum
1373 2813 1556 2868 tenuit
1590 2812 1891 2883 imperium

249 2906 460 2962 diebus
493 2910 559 2961 50
589 2905 674 2974 ⁸³1,
733 2905 938 2960 deinde
974 2905 1204 2960 sibimet
1241 2919 1416 2958 venas
1451 2903 1730 2970 incidens,
1765 2915 1894 2956 san-

243 2996 420 3064 guine
456 2995 676 3049 interiit
709 2994 893 3051 ell’uso
927 2995 1018 3063 (cf.
1049 2995 1126 3049 Η.
1152 3009 1252 3064 m.,
1281 2995 1463 3061 NIHIL,
1487 2993 1648 3047 Jo‘n'b.
1671 2993 1821 3048 De-r.
1843 3005 1890 3046 8.

245 3091 308 3139 et
338 3086 415 3138 II.
452 3085 571 3154 12.).

247 3172 396 3228 Anni
427 3173 618 3228 Probi.

325 3262 424 3329 (II.
457 3262 560 3332 φη.)
589 3265 750 3316 Anno
793 3261 1097 3317 dominicte
1131 3259 1544 3316 incarnationis
1569 3262 1690 3315 282.
1727 3258 1896 3314 Urbis

247 3351 502 3407 conditzc
528 3349 833 3404 millesimo
856 3355 941 3404 33.
969 3352 1218 3418 Probus,
1250 3350 1320 3404 ab
1346 3353 1607 3417 Augusto
1631 3353 1775 3416 3111*,
1800 3348 1898 3402 im-

253 3441 474 3511 perium
501 3439 769 3509 adeptus,
801 3439 1060 3507 regnavit.
1100 3439 1264 3492 annis
1299 3442 1347 3507 6,
1385 3453 1614 3493 menses
1644 3440 1692 3492 4.
1731 3437 1891 3508 (Aen.

248 3531 433 3600 VICT.)
461 3530 577 3583 Istc
613 3533 775 3598 patre
801 3528 1034 3596 genitus
1060 3527 1298 3596 rustico,
1340 3528 1640 3582 hortorum
1671 3526 1898 3581 cultore

250 3617 700 3685 studiosissimo,
749 3617 977 3671 nomine
1009 3616 1307 3685 Dalmatio,
1341 3615 1526 3684 gloria
1559 3615 1792 3668 militari
1830 3615 1896 3668 ad

251 3705 835 3783 amministrationem
871 3705 1156 3774 publicam
1192 3704 1439 3759 accessit
1467 3721 1479 3768 ;
1508 3702 1606 3766 (Η.
1642 3711 1743 3772 φη.)
1777 3703 1902 3757 Gal-

253 3794 366 3850 lias
397 3811 423 3850 a
459 3795 722 3850 barbaris
759 3799 1074 3864 occupatas
1109 3794 1323 3862 ingenti
1359 3793 1689 3864 praeliorum
1728 3794 1902 3848 fclici-

256 3888 380 3938 tatc
401 3882 679 3951 restituit,
707 3882 796 3936 vir
819 3898 972 3949 acer,
999 3889 1273 3938 strenuus:
1295 3882 1582 3950 ctjustus,
1612 3883 1787 3939 multa
1809 3899 1903 3951 ge-

256 3987 394 4027 rens
430 3971 600 4041 bella,
636 3977 694 4025 ct
726 3971 822 4041 qui
875 3970 1243 4027 Aurelianum
1295 3972 1480 4039 gloria
1541 3972 1777 4026 militari
1812 3987 1903 4027 co-

258 4067 522 4131 :equarct
550 4064 608 4116 et
632 4075 850 4116 morum
884 4060 1166 4116 civilitate
1191 4066 1515 4130 superaret.
1554 4062 1904 4117 Interfectus

260 4155 351 4204 ert
388 4153 580 4205 autem
616 4150 765 4220 apud
808 4149 1075 4203 Sirmium
1111 4149 1346 4204 militari
1379 4149 1653 4204 tumultu.
1693 4150 1902 4220 (Ιῐιεῐι.)

262 4238 365 4293 IIis
395 4238 766 4308 temporibus
806 4237 1165 4305 Anatholius,
1201 4237 1427 4293 natione
1464 4237 1903 4302 Alexandrinus,

261 4326 545 4382 Laodicia:
567 4327 743 4396 Syriae
774 4327 1101 4397 OplSCOpUS,
1139 4325 1626 4397 phylosomiorum
1653 4327 1910 4398 discipli-

262 4415 353 4470 nis
383 4415 670 4484 eruditus,
704 4414 952 4485 plurimo
1001 4430 1266 4470 sermone
1299 4415 1671 4480 celebratur;
1705 4416 1906 4486 (Bson)

262 4503 434 4573 cujus
458 4504 670 4573 ingenii
699 4505 1034 4573 magnitudo
1059 4504 1128 4558 de
1152 4504 1484 4574 libroqucm
1502 4520 1676 4575 super
1694 4508 1906 4575 pascha

263 4594 597 4663 composuit
617 4599 676 4648 et
699 4594 897 4648 decem
920 4593 985 4625 ⁶³²
1006 4593 1171 4647 libris
1186 4593 1570 4650 arithmeticze
1588 4594 1907 4651 institutio-

266 4682 358 4736 nis
390 4681 755 4751 apertissime
787 4681 854 4713 “3
886 4686 1076 4751 potest
1110 4682 1407 4751 cognosci.

340 4777 391 4824 1.
427 4769 616 4824 Primo
636 4770 806 4825 Probi
829 4769 895 4802 5“
918 4785 1066 4824 anno
1093 4770 1249 4824 Felix
1273 4775 1557 4840 papa'27‘”
1580 4770 1902 4839 ordinatus,

269 4858 423 4914 sedit
455 4857 619 4913 annis
643 4863 693 4926 5,
718 4858 1088 4927 decessitque
1113 4863 1143 4913 3
1169 4858 1402 4913 Kalend.
1434 4859 1604 4915 Junii.
1640 4861 1742 4914 llic
1777 4876 1910 4914 con-

272 4946 471 5002 stituit
505 4946 711 5001 missas
742 4947 1030 5002 celebrari
1063 4962 1237 5018 super
1266 4947 1573 5004 memorias
1609 4949 1910 5005 martirum

269 5036 366 5104 (cf.
406 5035 544 5094 Chr.
594 5036 673 5106 W,
701 5037 864 5091 Bue/t1
893 5035 1098 5108 Mart).

343 5131 393 5180 2.
433 5126 584 5194 (Eos.
621 5125 676 5180 Ιι.
713 5140 758 5197 e.
792 5142 888 5195 vn,
921 5130 1034 5197 27.)
1066 5128 1128 5181 Α.
1165 5128 1226 5181 Ι).
1260 5131 1382 5182 283.
1446 5128 1636 5182 Manes
1683 5127 1914 5198 quidam

271 5217 473 5273 extitit
504 5229 717 5285 genere
748 5213 814 5246 ⁸⁸⁵
837 5217 1062 5284 Perses,
1090 5215 1206 5270 vita
1239 5220 1294 5271 et
1322 5214 1579 5270 moribus
1608 5215 1912 5284 barbarus,

273 5311 392 5361 tam
429 5319 565 5361 acer
599 5302 850 5373 ingenio,
898 5307 958 5359 ut
1009 5303 1262 5359 insanire
1297 5303 1382 5359 vel
1417 5303 1658 5358 demone
1693 5303 1914 5359 videre-

1995 681 2119 734 orta
2153 679 2258 731 est.

2067 769 2114 821 4.
2151 765 2361 836 ("II-3R.)
2393 765 2454 816 A.
2491 764 2550 816 Ι).
2583 763 2704 815 235.
2763 756 3012 827 Cyrillus
3044 757 3170 811 18“
3200 749 3519 809 Antiochiae
3551 765 3640 807 or-

1995 855 2231 911 dinatur
2260 853 2585 924 episcopus.

2065 949 2116 1000 0.
2154 947 2216 1000 Α.
2253 946 2312 997 D.
2351 946 2473 997 287.
2522 938 2897 996 Eutbicianus
2927 948 3069 1007 papa
3128 935 3255 986 28ιιε
3313 929 3638 998 ordinatur,

1996 1036 2564 1106 sedensqnemenses
2585 1030 2800 1097 decem,
2821 1024 3071 1083 decessit
3089 1028 3119 1078 6
3135 1022 3268 1077 Idus
3282 1019 3635 1075 Decembris.

1999 1126 2100 1184 Cui
2149 1123 2471 1181 succedens
2501 1120 2674 1175 Gaius
2705 1122 2850 1186 29W,
2883 1114 3032 1171 sedit
3070 1110 3235 1168 annis
3270 1114 3356 1179 15,
3399 1108 3642 1179 patitur-

1998 1231 2107 1287 que
2157 1215 2264 1269 sub
2297 1210 2654 1268 Diocletiano
2686 1212 2752 1262 10
2782 1203 3018 1260 Kalend.
3053 1200 3154 1256 Mai
3188 1198 3282 1268 (cf.
3322 1197 3461 1254 σὴν.
3508 1195 3639 1266 W.).

1999 1303 2363 1360 Alexandria)
2380 1301 2581 1358 ordina
2595 1305 2649 1354 tu
2660 1297 2958 1352 rTheonas
2973 1291 3285 1363 episcopus
3301 1287 3636 1356 mutuum.

1996 1395 2277 1462 -—Br:n.\.)
2313 1389 2629 1447 Archelaus
2652 1381 3077 1455 Mesopotamite.
3101 1378 3406 1449 episcopus
3430 1374 3639 1429 librum

1997 1480 2412 1555 disputationis
2429 1493 2567 1547 sua),
2604 1490 2772 1546 quam
2797 1471 2998 1527 habuit
3021 1468 3303 1523 adversus
3324 1466 3521 1519 Manen
3548 1463 3644 1517 he-

2001 1571 2374 1636 resiarel'iam,
2412 1570 2551 1638 Syro
2581 1577 2847 1621 sermone
2879 1557 3228 1630 composuit,
3267 1553 3361 1625 qui
3396 1551 3644 1607 transla-

2000 1669 2096 1717 tus
2133 1675 2162 1716 a
2187 1660 2385 1714 Grecis
2419 1656 2666 1712 habetur
2696 1668 2723 1707 a
2758 1649 2976 1706 multis.

2002 1751 2147 1807 Anni
2183 1748 2330 1804 Cari.

2074 1845 2121 1894 1.
2159 1839 2256 1904 (Il.
2292 1854 2368 1892 θη.
2408 1837 2566 1888 Anno
2601 1829 2903 1885 dominieze
2938 1821 3355 1880 incarnationis
3386 1822 3506 1874 288.
3547 1819 3648 1872 Ur-

1919 1943 1972 2002 B
2004 1929 2092 1985 bis
2125 1927 2378 1983 conditas
2441 1920 2748 1978 millesimo
2780 1922 2864 1972 39.
2903 1917 3080 1969 Carus
3138 1912 3402 1966 Narbone
3434 1909 3488 1962 in
3524 1904 3649 1960 Gal-

2003 2018 2078 2072 lia
2113 2025 2306 2085 natus,
2342 2017 2467 2069 3'2us
2524 2012 2594 2066 ab
2631 2011 2891 2078 Augusto
2924 2003 3010 2070 ⁸⁵⁸³,
3048 2013 3295 2070 moxque
3329 1997 3479 2052 ﬁlios
3511 2010 3650 2051 suos

2007 2106 2272 2162 Carinum
2298 2109 2356 2159 et
2381 2099 2786 2157 Numerianum
2813 2106 3061 2150 cassares
3090 2089 3322 2156 faciens,
3347 2085 3494 2141 duos
3517 2098 3644 2139 cum

2004 2196 2092 2252 his
2122 2208 2303 2249 annos
2351 2189 2634 2258 regnavit.
2674 2187 2744 2252 Is,
2781 2181 3053 2238 nunciato
3087 2177 3195 2231 sibi
3227 2178 3529 2231 Persarum
3563 2177 3649 2226 tu-

2004 2283 2211 2350 multu,
2234 2282 2530 2352 profectus
2555 2277 2606 2330 in
2629 2275 2933 2338 orientem,
2961 2283 3086 2324 eum
3110 2264 3259 2336 apud
3285 2260 3645 2318 Antiochiam

2005 2375 2284 2439 maneret,
2317 2367 2717 2432 Numerianus,
2755 2361 2906 2415 ﬁlius
2937 2359 3081 2427 ejus,
3108 2352 3429 2411 {ecclesiam
3462 2347 3650 2404 voluit

2006 2463 2223 2517 intrare
2239 2438 2296 2514 et
2311 2455 2765 2514 christianerum
2783 2445 3104 2503 ministeria
3121 2441 3450 2512 explorare.
3469 2438 3647 2503 Quem

2004 2567 2132 2607 cum
2160 2552 2398 2604 sanctus
2426 2541 2676 2615 Cyrillus
2699 2539 3014 2610 episcopus
3039 2531 3396 2604 prohiberet,
3423 2527 3646 2594 dicens,

2006 2640 2088 2696 illi
2115 2655 2221 2693 non
2265 2637 2442 2691 licere
2476 2614 2668 2687 divina
2719 2624 2975 2682 mistcria
3010 2621 3228 2688 videre,
3262 2617 3354 2688 qui
3392 2614 3651 2687 pollutus

2004 2734 2158 2786 esset
2192 2722 2496 2782 sacriﬁciis
2543 2718 2867 2789 ydolorum,
2920 2711 3255 2779 indignatus
3287 2705 3404 2774 ille,
3437 2701 3650 2758 occidit

2004 2833 2154 2874 eum.
2192 2817 2371 2870 Carus
2428 2815 2619 2865 autem
2651 2820 2779 2861 cum
2808 2802 2874 2835 ⁶⁴⁷
2908 2804 3114 2856 Persas
3147 2795 3376 2851 fortiter
3406 2792 3459 2847 in
3495 2789 3650 2846 bello

2006 2909 2298 2967 sterneret
2323 2907 2376 2959 et
2405 2899 2741 2957 notissimas
2766 2895 2943 2950 urbes
2965 2903 3164 2946 eorum
3191 2886 3448 2956 caperet,
3474 2895 3652 2951 super

2005 2995 2307 3067 Tygridem
2333 2989 2566 3047 ﬂuvium
2593 2990 2787 3042 castra
2814 2995 3052 3054 ponens,
3081 2977 3199 3031 ictu
3233 2970 3490 3029 fulminis
3511 2969 3654 3023 inte-

2010 3087 2126 3142 riit.
2156 3081 2540 3139 Numerianus
2587 3089 2747 3142 vero,
2777 3071 2931 3126 ﬁlius
2949 3067 3097 3137 ejus,
3123 3079 3252 3120 cum
3286 3060 3487 3118 dolore
3519 3072 3655 3113 oeu-

2009 3177 2194 3232 lorum
2223 3173 2427 3242 captus
2461 3169 2516 3222 in
2546 3164 2753 3221 lectica
2787 3159 3120 3222 veheretur,
3148 3151 3372 3209 insidiis
3397 3147 3532 3220 Apri
3565 3160 3656 3201 so-

2009 3265 2126 3321 ceri
2151 3262 2237 3319 sui
2263 3237 2612 3316 occisusest.
2642 3256 2893 3319 Cumque
2919 3237 3653 3312 morsejusoecultaretur,

2010 3357 2190 3410 donec
2209 3355 2360 3422 Aper
2383 3359 2616 3415 regnum
2635 3344 2827 3412 posset
2854 3335 3148 3400 invadere,
3169 3331 3373 3384 Γοθῐονο
3389 3323 3656 3395 corporis

2011 3442 2202 3497 scelus
2237 3409 2528 3510 proditum
2557 3409 2664 3487 est.
2705 3431 2929 3483 Interea
2966 3420 3207 3477 Carinus
3241 3417 3292 3471 in
3327 3413 3490 3468 Italia
3527 3409 3657 3466 reli-

2009 3540 2162 3600 ctus,
2189 3528 2458 3584 Sabinum
2483 3521 2768 3578 Iulianum
2797 3513 3162 3570 iuvadcntem
3187 3504 3405 3561 Italiam
3428 3502 3480 3555 in
3506 3515 3656 3555 cam-

2013 3622 2100 3693 pis
2128 3588 2564 3672 \Ieronensibus
2596 3606 2832 3673 occidit,
2865 3618 2924 3656 se
2959 3601 3142 3671 ipsum
3175 3609 3314 3650 vero
3339 3588 3660 3684 sceleribus

2013 3675 2357 3779 inquinavit,
2386 3700 2598 3756 multos
2628 3695 2789 3751 falsis
2815 3688 3160 3748 criminibus
3186 3681 3474 3747 occidens,
3503 3675 3660 3730 nobi-

2015 3766 2149 3853 liulzu
2178 3799 2471 3850 matronas
2494 3789 2545 3843 vi
2571 3795 2976 3853 corrumpens,
3006 3775 3394 3841 omnibusque
3419 3766 3658 3833 invisus,

2014 3902 2124 3941 non
2152 3884 2333 3939 multo
2369 3883 2500 3951 post
2533 3873 2863 3931 trucidatur
2894 3865 3196 3938 eujusdem
3234 3856 3452 3916 tribuni
3489 3853 3662 3909 mani-

2016 3975 2145 4044 bus,
2179 3972 2347 4040 cujus
2379 3980 2616 4023 uxorem
2652 3961 2869 4018 dicitur
2903 3954 3205 4028 polluisse.

2084 4033 2143 4117 2.
2173 4033 2333 4115 A.'D.
2367 4059 2489 4111 280.
2529 4056 2708 4107 Carus
2759 4047 2994 4103 fulmine
3030 4039 3223 4114 periit,
3262 4036 3361 4093 ﬁlii
3411 4033 3538 4104 ejus
3570 4045 3663 4086 oc-

2015 4151 2122 4206 cisi
2157 4151 2293 4204 sunt
2326 4145 2420 4214 (cf.
2461 4142 2600 4200 Chr.
2651 4137 2776 4206 W.).

2019 4237 2162 4295 Anni
2196 4231 2537 4291 Diocletiani
2572 4233 2631 4283 et
2659 4220 3005 4282 Maximiani.

2091 4323 2321 4395 (17.7%.)
2373 4324 2534 4377 Anno
2593 4313 2898 4372 dominicae
2960 4300 3378 4363 incarnationis
3435 4299 3561 4366 290,
3594 4295 3665 4350 ab

2018 4383 2171 4475 v.31...
2223 4383 2454 4469 condita
2507 4403 2814 4462 millesimo
2850 4403 2933 4455 41.
2987 4391 3404 4458 Diocletianus,
3439 4391 3566 4441 33m
3597 4383 3668 4439 ab

2021 4508 2306 4575 Augusto,
2342 4500 2658 4569 imperator
2693 4492 2762 4546 ab
2795 4486 3056 4545 exercitu
3081 4484 3314 4538 creatus
3337 4480 3444 4545 est,
3471 4487 3667 4540 regna-

2020 4560 2215 4664 vitquc
2242 4560 2405 4647 annis
2424 4560 2512 4655 20,
2539 4583 2626 4638 vir
2650 4573 3063 4636 obscurissime
3083 4573 3256 4626 natus
3272 4567 3342 4620 de
3361 4560 3659 4664 Dalmatia.

1937 4684 1988 4745 D
2022 4649 2262 4754 Quidam
2315 4678 2465 4734 enim
2497 4674 2718 4740 dicunt,
2771 4681 2901 4723 eum
2936 4662 3116 4718 fuisse
3151 4657 3329 4712 ﬁlium
3353 4649 3664 4754 cujusdam

2021 4740 2295 4829 Dalmatae
2328 4765 2556 4831 seribze,
2578 4759 2675 4816 alii
2699 4771 2834 4812 vero
2863 4749 3197 4808 libertinum
3226 4740 3414 4799 Anulii
3439 4740 3668 4794 senato-

2024 4862 2122 4916 ris.
2161 4858 2324 4929 (Acn.
2353 4854 2443 4924 V.)
2471 4830 2602 4907 Fuit
2629 4852 2821 4905 autem
2847 4846 3017 4898 natus
3040 4839 3108 4894 de
3137 4834 3375 4892 civitate
3398 4833 3458 4884 et
3481 4830 3667 4881 matre

2022 4916 2273 5015 Dioclen,
2301 4916 2452 5000 unde
2476 4944 2530 4996 et
2556 4940 2701 5010 ipse,
2730 4943 3030 5006 quousque
3056 4921 3357 4996 imperium
3384 4916 3664 5012 sumeret,

2022 5001 2606 5104 Diocles’appellatus
2635 5001 2727 5081 est
2749 5001 2876 5091 ’(Η.
2909 5019 3010 5090 7n.)
3036 5034 3050 5083 ;
3081 5018 3139 5071 at
3172 5011 3266 5104 ubi
3291 5003 3534 5104 sumpsit
3570 5001 3670 5104 im-

2027 5124 2269 5197 perium,
2299 5096 2503 5175 nomen
2544 5115 2775 5170 Graium
2805 5105 3093 5167 convertit
3139 5104 3194 5158 in
3228 5096 3609 5197 Latiniuni,lu‘t
3638 5105 3669 5146 a

2024 5180 2285 5269 Dioclete
2305 5208 2601 5265 diceretur
2627 5199 3037 5258 Diocletianus.
3057 5194 3399 5250 Eratautem
3423 5180 3671 5240 callidus

2027 5309 2083 5358 et
2119 5315 2292 5370 sagax
2325 5303 2382 5354 et
2431 5294 2739 5351 admodum
2774 5287 3005 5346 subtlis
3036 5280 3268 5353 ingenii.
3324 5274 3498 5346 Cujus
3529 5275 3672 5326 tem-

1641 5463 1872 5520 VARI/E
1916 5462 2312 5520 LECTlONES.

338 5609 409 5643 ⁸⁵⁵⁸³
441 5611 702 5663 moveret
875 5605 942 5639 ⁸³⁷
973 5605 1324 5662 laodicensis
1481 5605 1550 5640 ⁸³⁸
1574 5607 1962 5674 morigeratus
1998 5605 2071 5659 1b.
2102 5602 2491 5670 morigeratus
2515 5594 2605 5674 vel
2635 5595 2895 5674 mot'a‘tlnls
3083 5581 3152 5615 ⁶³⁹
3178 5597 3258 5637 m-
3381 5581 3440 5674 δη

1977 5675 2019 5708 ⁵³
2045 5674 2373 5747 plenissime
2408 5674 2456 5724 5.

1814 5747 1880 5778 ⁶⁴τ
1911 5762 2040 5802 cum
2066 5751 2115 5801 5.

271 5683 475 5740 rianus
506 5679 584 5734 9b.
664 5677 732 5710 εει
763 5678 1143 5748 quadraginta
1179 5681 1226 5732 4.
1265 5683 1313 5731 :5.
1393 5676 1460 5709 ⁸⁸³
1492 5682 1548 5731 et
1583 5679 1652 5731 de
1684 5677 1738 5731 d.
1776 5678 1868 5748 Et.

270 5754 601 5826 imperator
632 5751 819 5806 factus
850 5749 924 5803 ιιι).
958 5750 1025 5808 id
1054 5751 1212 5820 quod
1239 5753 1432 5806 deesse
1462 5750 1728 5819 apparet.

3507 5573 3576 5606 M0
3603 5573 3674 5628 ﬁo

3435 5646 3502 5680 σεο

2541 5665 2606 5698 ⁶⁴⁶
2640 5663 2804 5721 deest
2828 5664 2905 5714 9°.
2991 5655 3058 5688 ⁸⁸⁵
3088 5668 3268 5724 gener
3299 5655 3347 5705 5.
