3946 6448
295 396 413 464 699

1466 395 1953 464 EKKEHARDI
1981 396 2540 466 URAUGIENSIS

3581 395 3721 463 700

298 548 441 608 pore
459 549 590 594 cum
624 535 855 609 quidam
888 537 1192 611 rusticani,
1225 538 1324 612 qui.
1357 537 1641 611 Bagaudaa
1676 539 1942 598 diceban-
1971 534 2028 596 A
2057 540 2226 596 antea
2252 553 2484 612 semper
2501 537 2856 598 christianos
2887 541 3395 613 persequerentur.
3423 537 3531 598 Sed
3562 541 3718 598 tunc

297 628 415 696 tur,
453 625 762 683 tumultum
811 627 866 684 in
903 627 1082 684 Gallia
1117 629 1394 699 facerent,
1431 645 1498 686 ac
1529 629 1851 687 Amandum
1884 632 1944 686 et

297 713 662 772 IEmilianum
695 717 877 774 duces
896 718 1200 789 haberent,
1235 719 1629 776 Diocletianus
1657 719 1946 776 Maximia-

301 819 435 860 num
464 803 554 875 θη,
605 810 990 876 cognomento
1040 808 1394 880 Ilerculium,
1453 823 1728 866 czcsarem
1786 810 1942 881 fecit,

301 894 876 966 cumqueinGalliam
901 903 1106 954 contra
1131 897 1558 956 tumultuantes
1589 899 1765 970 misit,
1802 915 1947 971 quos

301 981 398 1040 ille
432 983 598 1040 facile
627 983 865 1044 devicit.
902 988 1040 1042 Erat
1071 991 1266 1043 autem
1299 987 1450 1043 idem
1481 988 1858 1046 Maximianus
1877 997 1946 1045 de

301 1072 599 1130 Pannonia
630 1077 822 1147 natus,
845 1090 1060 1146 genere
1090 1077 1411 1149 rusticano,
1439 1077 1690 1136 incivilis
1711 1078 1944 1150 ingenii,

301 1159 477 1232 ferus,
501 1162 782 1235 crudelis,
810 1165 1189 1237 asperitatem
1213 1180 1376 1223 suam
1399 1167 1598 1224 vultus
1618 1168 1794 1224 etiam
1817 1169 1950 1226 hor-

297 1264 430 1306 rore
459 1251 814 1324 signiﬁcans,
872 1253 1232 1326 luxuriosus,
1269 1255 1324 1312 in
1382 1256 1644 1314 consiliis
1704 1257 1946 1315 stultus.

297 1340 507 1398 Cenuit
528 1357 670 1398 vero
702 1341 773 1400 de
801 1345 1102 1416 Eutropia,
1139 1346 1276 1416 Syra
1303 1345 1568 1418 muliere,
1602 1347 1948 1404 Maxentium

295 1433 354 1485 et
388 1430 679 1502 Faustam,
702 1432 1003 1503 conjugem
1031 1434 1394 1491 Constantini
1414 1436 1610 1506 ;cujus
1633 1436 1785 1509 patri
1809 1437 1953 1493 Con-

296 1517 515 1575 stantio
547 1519 709 1576 dedit
763 1521 1087 1592 privignam
1116 1537 1280 1580 suam
1311 1523 1695 1597 Theodoram,
1728 1542 1798 1582 ex
1838 1539 1951 1597 qua

294 1605 398 1663 ille
439 1608 666 1679 accepit
701 1623 804 1666 sex
833 1609 1075 1682 liberos,
1113 1612 1327 1669 fratres
1357 1613 1744 1684 Constantini,
1781 1629 1951 1686 quem

297 1711 369 1752 ex
400 1697 722 1756 concubina
755 1699 970 1755 Helena
1003 1703 1309 1771 generavit
1339 1703 1394 1758 in
1427 1703 1629 1759 Gallia.
1667 1703 1854 1773 (llisn.
1883 1737 1954 1744 —

297 1787 376 1843 H.
411 1789 515 1860 τη.)
547 1789 706 1844 Inter
739 1789 863 1846 haec
921 1806 1023 1862 per
1063 1806 1264 1848 omnes
1319 1791 1610 1848 Romanos
1669 1795 1951 1850 terminos

2059 633 2173 685 tam
2207 628 2466 686 crudelis
2495 632 2553 686 et
2587 634 2705 686 tam
2730 643 2866 686 seva
2891 632 3125 700 tamque
3149 631 3354 686 crebra
3375 629 3714 702 persecutio

2058 719 2363 788 ﬂagrabat,
2389 722 2450 776 ut
2477 719 2624 774 intra
2652 734 2826 776 unum
2851 733 3108 775 mensum
3139 719 3374 776 17milia
3399 719 3712 776 martirum

2057 822 2162 880 pro
2186 807 2419 864 Christo
2465 807 2838 866 inveniantur
2857 805 2945 862 ⁸⁵³.
2983 808 3118 864 Nam
3151 809 3209 864 et
3231 807 3430 864 oceani
3465 807 3708 865 limbum

2057 901 2446 968 transgressa,
2477 896 2746 954 Albinum
2779 902 2838 954 et
2869 898 3062 954 Aaron
3091 911 3158 954 ac
3177 895 3390 954 Julium
3411 912 3537 954 cum
3570 897 3708 954 aliis

2060 986 2328 1058 pluribus
2359 987 2500 1059 viris
2549 987 2616 1042 ad
2657 985 2886 1042 feminis
2945 985 3256 1042 Britannia)
3314 986 3464 1043 felici
3494 1001 3706 1044 cruore

2059 1073 2373 1132 damnavit.
2427 1077 2642 1133 Passus
2672 1080 2766 1132 est
2795 1080 2855 1132 et
2885 1073 3220 1148 Pamphilus
3243 1075 3557 1148 presbiter,
3595 1077 3707 1133 Eu-

2057 1163 2204 1220 sebii
2239 1164 2616 1222 Caesariensis
2645 1164 2906 1238 episcopi
2957 1163 3348 1234 necessarius,
3381 1165 3544 1236 cujus
3574 1165 3706 1237 ipse

2058 1253 2236 1310 vitam
2285 1254 2476 1312 tribus
2525 1253 2690 1311 libris
2719 1253 3164 1326 comprehendit
3213 1253 3312 1326 (cf.
3374 1253 3544 1311 Onos.
3579 1269 3699 1326 vm,

2057 1346 2148 1398 25.
2171 1373 2241 1382 -
2263 1343 2340 1399 Η.
2377 1343 2496 1415 Ε).
2552 1342 2818 1400 Secundo
2847 1347 3042 1400 autem
3101 1343 3525 1416 persecutionis
3551 1357 3704 1399 anno

2059 1431 2457 1488 Diocletianus
2504 1432 2709 1488 videns
2741 1446 2802 1489 se
2835 1436 3076 1505 propter
3124 1436 3488 1489 senectutem
3515 1431 3706 1490 minus

2062 1519 2334 1576 idoneum
2359 1521 2428 1576 ad
2456 1519 2773 1590 regendum
2797 1519 3124 1592 imperium,
3151 1519 3298 1576 dixit
3320 1518 3390 1576 ad
3415 1519 3706 1576 Maximia-

2062 1623 2196 1665 num
2219 1609 2574 1679 Herculium,
2602 1608 2790 1665 videri
2815 1607 2925 1666 sibi
2961 1609 3191 1678 bonum,
3219 1607 3623 1679 utjunioribus
3641 1612 3703 1666 et

2065 1698 2408 1756 fortioribus
2454 1698 2742 1771 publicam
2775 1713 3010 1756 causam
3041 1697 3352 1768 regendam
3382 1699 3706 1754 committe-

2065 1790 2192 1843 rent
2217 1787 2445 1859 ipsique
2473 1787 2528 1843 in
2554 1787 2682 1844 ocio
2711 1787 2908 1858 quiete
2930 1787 3216 1844 viverent.
3250 1787 3413 1854 Quod
3437 1786 3573 1844 licet
3605 1785 3706 1843 ille

304 1877 564 1934 turbatio
598 1878 746 1933 facta
781 1881 911 1934 est:
949 1881 1262 1937 Carausius
1287 1881 1542 1952 quidam,
1561 1887 1791 1954 sumpta
1819 1899 1952 1954 ρῃιι-
1979 1901 2034 1962 Β
2065 1891 2174 1932 non
2193 1891 2266 1932 ex
2292 1881 2410 1933 tota
2430 1876 2729 1932 voluntate
2754 1877 2990 1947 faceret,
3015 1880 3208 1932 tamen
3225 1875 3541 1946 consensit,
3565 1880 3624 1932 et
3644 1877 3705 1932 in

303 1980 466 2036 pura,
487 1967 1734 2039 occupavitBritanniam,Julianusltaliam,
1765 1971 1954 2028 Achil-

303 2053 430 2112 leus
459 2054 790 2127 Egyptum,
825 2057 1350 2128 Quinquegentiani
1387 2059 1659 2130 Africam,
1698 2061 1952 2116 Narseus

303 2158 406 2200 rex
426 2145 738 2201 Persarum
762 2146 1066 2202 orientem.
1105 2149 1188 2204 0h
1217 2149 1339 2204 haec
1363 2148 1757 2206 Diocletianus
1781 2150 1952 2206 Maxi-

302 2233 552 2290 mianum
577 2235 912 2291 Herculium
937 2235 1073 2292 fecit
1093 2235 1526 2308 imperatorem,
1550 2239 1950 2297 Constantium

294 2337 326 2378 v
341 2337 442 2378 ero
465 2327 523 2379 et
547 2322 1337 2382 Galerium°‘°Maximianum
1353 2341 1606 2383 caesares
1621 2329 1946 2385 constituit.

299 2409 554 2476 Quorum
607 2413 990 2470 Constantius
1051 2414 1278 2470 Claudii
1311 2429 1495 2486 nepos
1555 2416 1662 2472 fuit
1691 2431 1764 2472 ex
1793 2417 1950 2486 ﬁlia;

299 2499 563 2558 Galerius
581 2516 720 2558 vero
769 2502 824 2558 in
851 2503 1022 2559 Dacia
1057 2503 1296 2575 Ripensi
1321 2508 1494 2561 natus
1525 2508 1616 2560 est
1646 2521 1716 2562 ex
1749 2521 1954 2577 paren-

299 2587 458 2646 tibus
517 2588 982 2660 agricultoribus
1013 2591 1101 2662 “0,
1137 2591 1362 2664 fuitque
1423 2597 1622 2666 pastor
1679 2595 1949 2666 armenti,

303 2675 456 2732 unde
469 2679 530 2732 et
547 2677 954 2734 Armentarius
973 2678 1304 2750 appellatus
1323 2684 1443 2748 est;
1468 2680 1568 2736 sed
1593 2681 1740 2737 satis
1758 2681 1955 2739 lauda-

310 2763 444 2820 bilis
461 2765 590 2834 fuit,
619 2765 862 2837 pulcher
875 2781 1144 2839 corpore,
1164 2783 1404 2838 magnus
1421 2774 1481 2826 et
1497 2771 1665 2827 fortis
1679 2771 1949 2828 bellator.

304 2853 406 2909 llic
430 2855 656 2926 accepit
705 2855 1436 2914 filiammDeciiValeriam
1463 2874 1721 2915 uxorem.
1747 2861 1956 2917 Carau-

304 2939 428 2996 sius
451 2946 580 3013 post
604 2943 972 3016 scptennium
995 2957 1028 3000 a
1057 2944 1220 3001 socio
1243 2960 1349 3002 suo
1380 2945 1606 3002 Allecto
1639 2947 1840 3003 fraude
1863 2963 1956 3004 oc-

302 3028 464 3088 cisus
482 3033 574 3086 est
597 3029 655 3086 in
704 3031 998 3088 Britannia
1017 3033 1428 3100 ;Maximianus
1457 3033 1762 3092 Herculius
1785 3036 1957 3102 Quin-

305 3117 728 3187 quegentianos
759 3119 900 3175 vicit
931 3120 987 3176 in
1021 3121 1248 3189 Africa;
1281 3123 1656 3180 Constantius
1687 3123 1742 3179 in
1775 3123 1954 3181 Callia

301 3205 466 3275 juxta
503 3207 787 3279 Lingonas
834 3225 941 3266 una
977 3211 1069 3266 die
1099 3215 1161 3268 et
1191 3211 1490 3268 adversam
1521 3217 1576 3268 et
1613 3229 1954 3286 prosperam

309 3295 514 3353 habuit
532 3298 843 3356 fortunam.
863 3301 1002 3356 Nam
1019 3317 1171 3369 cum,
1196 3303 1436 3372 repente
1453 3302 1719 3359 barbaris
1736 3303 1959 3361 irruen-

311 3383 486 3453 tibus,
512 3383 666 3442 intra
688 3385 988 3444 civitatem
1007 3387 1200 3446 claudi
1225 3393 1559 3458 cogeretur,
1587 3391 1683 3446 vix
1702 3391 1960 3462 quinque

306 3470 468 3546 horis
494 3474 719 3546 mediis,
777 3477 1130 3534 adventante
1163 3479 1450 3548 exercitu,
1523 3479 1641 3536 fere
1701 3484 1771 3535 60
1803 3481 1958 3537 milia

305 3561 757 3621 Alamannorum
780 3564 848 3598 ⁸⁵³
873 3567 1188 3623 interfecit.
1209 3567 1610 3624 Diocletianus
1645 3573 1836 3624 autem
1865 3569 1965 3626 ob-

314 3663 542 3708 sessum
597 3652 964 3712 Alexandria:
1002 3654 1325 3712 Achilleum
1353 3661 1560 3712 octavo
1618 3657 1736 3714 fere
1768 3672 1964 3714 mense

305 3739 608 3811 superavit
639 3746 700 3798 et
732 3742 967 3799 occidit.
1005 3745 1140 3800 Erat
1172 3747 1367 3800 autem
1402 3759 1532 3801 cum
1568 3745 1695 3816 ipso
1727 3750 1784 3802 et
1823 3747 1966 3803 Con-

305 3829 619 3901 stantinus,
645 3830 800 3888 filius
833 3832 1178 3888 Constantii.
1215 3832 1323 3904 Qui
1356 3847 1486 3890 cum
1514 3834 1706 3890 adhuc
1730 3834 1965 3904 juvenis

307 3923 485 3987 esset,
521 3919 758 3975 fortiter
785 3920 992 3990 agebat
1019 3921 1071 3976 in
1093 3920 1334 3993 praaliis,
1369 3926 1430 3978 et
1453 3923 1964 3980 condescendebat

308 4020 540 4078 semper
560 4007 916 4066 christianis.
946 4010 1124 4076 Quem
1151 4010 1356 4068 videns
1380 4011 1776 4070 Diocletianus
1795 4012 1964 4070 intel-

307 4093 466 4152 lectu
498 4097 671 4153 animi
703 4113 768 4154 ac
798 4101 1010 4156 robore
1042 4100 1308 4172 corporis
1334 4100 1644 4172 proficere,
1679 4106 1734 4156 et
1761 4101 1965 4174 depre-

307 4182 568 4242 hendens
581 4185 735 4244 hunc
750 4188 1008 4245 futurum
1021 4189 1350 4260 tyrannidis
1367 4205 1486 4246 suae
1502 4189 1958 4262 destructor-em,

309 4270 525 4330 invidia
571 4280 786 4347 motus,
822 4275 958 4334 dolo
989 4293 1119 4334 eum
1153 4277 1440 4350 perimere
1477 4279 1774 4348 cogitavit.
1809 4281 1962 4336 Deus

311 4365 504 4419 autem
527 4362 991 4438 huncinepinate
1033 4366 1348 4424 salvavitet
1376 4367 1528 4438 patri
1545 4369 1824 4426 restituit.
1858 4369 1962 4425 Ga-

310 4448 491 4510 lerius
521 4457 715 4511 autem
775 4457 1154 4514 Maximianus
1189 4461 1395 4514 contra
1451 4459 1731 4515 Norseum
1762 4473 1958 4528 regem

311 4539 620 4600 Persarum
647 4543 948 4616 dimicans,
975 4545 1219 4616 primum
1251 4547 1444 4602 vietus
1472 4552 1586 4616 cst,
1612 4546 1958 4618 fugiensque

311 4630 469 4686 venit
520 4632 592 4688 ad
649 4631 1070 4691 Diocletianum
1129 4634 1182 4690 in
1240 4634 1750 4706 Mesopotamiam;
1783 4649 1813 4689 a
1845 4623 2038 4706 quoD

312 4717 790 4793 maletractatus,
813 4721 892 4777 ita
917 4727 981 4778 ut
1031 4724 1245 4781 faceret
1272 4737 1402 4780 eum
1435 4721 1792 4793 aliquamdiu
1823 4727 1958 4779 ante

311 4820 550 4866 currum
569 4823 737 4868 suum
758 4825 1020 4882 currere,
1047 4811 1316 4868 collectis
1339 4811 1550 4868 iterum
1575 4809 1858 4868 militibus
1879 4827 1960 4868 re-

311 4895 439 4967 diit,
476 4911 858 4970 magnamque
891 4899 1197 4957 victoriam
1230 4898 1562 4970 acquisivit.

381 4986 483 5057 (Η.
509 5001 585 5043 m.
611 4991 671 5043 et
689 4988 886 5059 83011,)
911 4987 1302 5044 Nonodecimo
1322 4986 1501 5058 igitur
1522 4987 1682 5058 regni
1699 4987 1787 5050 sui
1809 5002 1958 5046 anno

316 5074 713 5133 Diocletianus
740 5076 795 5132 in
859 5076 1117 5146 Oriente,
1153 5076 1532 5134 Maximianus
1563 5077 1871 5134 Herculius
1902 5078 1958 5134 in

311 5164 629 5222 Occidente
679 5165 1147 5236 persecutionem
1201 5165 1482 5222 decimam
1515 5169 1645 5238 post
1678 5167 1960 5223 Neronem

311 5258 706 5312 exercuerunt
739 5255 794 5310 in
824 5253 1196 5326 christianos,
1230 5269 1358 5326 quae
1389 5255 1607 5312 ceteris
1639 5255 1835 5312 sevior
1857 5269 1960 5327 per

313 5345 378 5398 10
406 5356 591 5401 annos
612 5342 938 5401 aacclesiam
961 5341 1166 5400 afﬂixit
1200 5343 1584 5414 incessanter,
1613 5343 1877 5414 quamvis
1901 5348 1958 5399 et

1989 3260 2038 3322 C

2067 1980 2176 2021 uno
2200 1965 2292 2021 die
2315 1979 2630 2038 purpuram
2654 1965 2935 2036 regnique
2950 1964 3266 2038 potentiam
3285 1964 3700 2036 deposuerunt,

2062 2053 2457 2112 Diocletianus
2501 2053 2654 2128 apud
2706 2054 3116 2122 Nicomediam,
3152 2053 3524 2110 Maximianus
3553 2054 3705 2125 apud

2061 2142 2488 2210 Mediolanum;
2521 2148 2579 2200 et
2635 2143 2928 2200 concessit
2973 2141 3366 2200 Diocletianus
3420 2141 3702 2213 Salonam,

2061 2231 2440 2289 Maximianus
2489 2232 2542 2288 in
2595 2233 2936 2299 Lucaniam;
2969 2231 3296 2304 persecutio
3350 2235 3540 2287 tamen
3572 2245 3704 2304 per-

2064 2319 2276 2376 mansit
2306 2335 2488 2392 usque
2522 2321 2577 2376 in
2610 2321 2922 2393 septimum
2945 2334 3154 2377 annum
3177 2319 3556 2390 Constantini,
3593 2321 3698 2375 He-

2064 2407 2209 2465 lena:
2243 2408 2364 2464 lilii.

2136 2501 2183 2554 1.
2219 2498 2414 2554 Primo
2443 2512 2592 2555 anno
2621 2497 2965 2556 Diocletiani
2999 2495 3283 2568 Bagaudaa
3313 2496 3367 2553 in
3401 2495 3583 2552 Gallia
3609 2500 3701 2553 tu-

2066 2585 2307 2643 multum
2342 2587 2603 2645 fecerunt
2639 2587 2734 2655 (cf.
2769 2589 3000 2660 supra).

2135 2681 2185 2732 2.
2223 2675 2438 2749 (HIER.)
2497 2679 2560 2732 A.
2626 2679 2688 2733 D.
2749 2681 2872 2734 291.
2932 2674 3327 2733 Diocletianus
3383 2673 3707 2730 llcrculium

2064 2765 2467 2823 Maximianum
2502 2781 2777 2824 cessarem
2811 2766 2967 2823 fecit.

2145 2863 2195 2916 3.
2235 2861 2295 2914 A.
2329 2861 2390 2914 D.
2427 2861 2549 2913 292.
2603 2855 2940 2926 Carausius,
3003 2855 3232 2925 sumpta
3267 2867 3542 2924 purpura,
3595 2851 3712 2908 Bri-

2065 2949 2320 3007 tanniam
2352 2949 2622 3017 occupat.

2137 3042 2186 3094 4.
2225 3039 2288 3093 A.
2325 3038 2388 3092 D.
2423 3037 2546 3090 293.
2585 3029 3111 3110 Quinquegentiani
3135 3029 3383 3087 Africam
3409 3029 3710 3085 infestave-

2068 3132 2226 3185 runt.

2136 3221 2186 3270 5.
2220 3216 2282 3270 A.
2321 3215 2380 3269 D.
2415 3214 2538 3268 294.
2573 3209 2870 3267 Achilleus
2901 3207 3209 3280 occupavit
3237 3205 3560 3278 Egyptum.

2139 3309 2188 3361 6.
2230 3306 2292 3358 A.
2328 3303 2390 3358 D.
2427 3304 2553 3356 295.
2607 3297 3002 3356 Diocletianus
3050 3295 3449 3353 Maximianum
3505 3296 3716 3350 llercu-

2070 3393 2214 3450 lium
2251 3391 2387 3448 fecit
2420 3393 2728 3459 augustum
2763 3389 2823 3442 et
2869 3389 3199 3443 consortem
3232 3383 3413 3454 regni,
3445 3385 3716 3438 Constan-

2073 3482 2216 3538 tium
2247 3494 2406 3549 vero,
2461 3481 2684 3550 patrem
2727 3473 3109 3544 Constantini,
3143 3478 3202 3529 et
3233 3470 3519 3528 Galerium
3549 3468 3716 3526 Maxi-

2073 3569 2323 3626 mianum
2358 3581 2610 3624 caesarcs
2637 3562 2967 3620 constituit.

2142 3662 2194 3714 9.
2228 3659 2292 3712 A.
2329 3658 2391 3712 D.
2427 3657 2551 3712 298.
2597 3653 2828 3710 Primus
2874 3649 3272 3709 Diocletianus
3301 3645 3526 3705 adorari
3562 3661 3625 3704 se
3653 3649 3716 3702 ut

2075 3746 2245 3804 deum
2277 3745 2345 3778 ⁸⁵⁸
2370 3744 2558 3815 jubet.

2146 3839 2230 3892 12.
2289 3837 2352 3890 A.
2417 3834 2481 3888 D.
2543 3835 2666 3888 301.
2725 3829 2916 3887 Zabda
2973 3825 3374 3886 Hierosolimis
3417 3823 3716 3882 ordinatur

2073 3924 2401 3996 episcopus.

2146 4016 2230 4068 13.
2265 4013 2326 4067 A.
2362 4013 2424 4066 Ι).
2456 4013 2579 4068 302.
2627 4007 2946 4078 Victurius,
2998 4003 3274 4076 magister
3303 4002 3543 4073 militiae,
3573 3999 3718 4058 chri-

2073 4101 2298 4158 stianos
2329 4097 2726 4172 persequitur,
2761 4095 3040 4168 paulatim
3072 4110 3145 4152 ex
3176 4093 3276 4150 illo
3304 4096 3564 4164 tempore
3593 4103 3714 4162 per-

2072 4189 2372 4247 secutione
2405 4187 2460 4242 in
2492 4190 2730 4244 nostros
2761 4189 3081 4242 crescente.

2146 4298 2228 4352 14.
2256 4297 2320 4352 Α.
2355 4295 2418 4350 Ι).
2461 4297 2590 4350 303.
2621 4291 2992 4348 Marcellinus
3045 4304 3192 4363 papa
3249 4293 3374 4344 3οω
3401 4285 3468 4321 ⁸⁵⁵
3496 4283 3714 4343 ordina-

2067 4388 2184 4454 tus,
2219 4382 2377 4440 sedit
2405 4380 2572 4438 annis
2601 4383 2653 4452 4,
2690 4379 3030 4452 patiturque
3057 4382 3110 4434 6.
3142 4375 3378 4434 Kalend.
3414 4374 3538 4431 Mai.

2145 4495 2226 4548 16.
2265 4492 2328 4546 A.
2361 4489 2424 4546 D.
2478 4492 2600 4544 305.
2635 4485 3034 4544 Hierosolimis
3089 4483 3392 4556 preficitur
3445 4482 3712 4538 Thermon

2068 4579 2406 4653 episcopus.
2441 4575 2764 4634 Antiochiae
2780 4577 3078 4646 Tyrannus
3098 4572 3404 4631 ordinatur
3435 4573 3572 4626 19“.

2146 4692 2226 4744 17.
2265 4689 2325 4742 A.
2360 4686 2421 4740 D.
2463 4687 2584 4740 306.
2619 4683 2833 4739 Petrus
2865 4678 3230 4738 Alexandriae
3271 4676 3574 4734 ordinatur
3600 4672 3712 4745 epi-

2068 4788 2287 4847 scopus
2317 4777 2462 4829 16°“.

2143 4882 2225 4936 18.
2262 4880 2325 4934 A.
2359 4880 2422 4934 D.
2483 4881 2606 4934 307.
2669 4873 2977 4934 Marcellus
3035 4887 3182 4947 papa
3240 4876 3367 4928 31‘“
3395 4868 3710 4936 ordinatus,

2069 4967 2226 5026 sedit
2271 4982 2422 5024 anno
2471 4965 2626 5022 “‘ct
2689 4979 2922 5022 menses
2951 4968 3003 5022 8.
3061 4975 3386 5036 passusque
3439 4962 3532 5015 est
3559 4955 3624 4990 ⁸⁵⁷
3657 4959 3714 5011 17

2069 5056 2308 5114 Kalend.
2341 5057 2508 5113 Febr.

2145 5165 2226 5220 19.
2261 5162 2428 5234 (0hr.
2475 5162 2584 5234 W.)
2620 5163 2684 5218 A.
2720 5161 2783 5218 Ι).
2819 5163 2942 5250 308.
2980 5153 3569 5250 Publicataundique
3599 5165 3720 5250 per-

2071 5253 2394 5324 secutione,
2440 5250 2841 5308 Diocletianus
2873 5249 2928 5306 in
2963 5247 3227 5318 Oriente,
3263 5243 3637 5302 Maximianus
3665 5243 3716 5295 in

2071 5341 2386 5400 Occidente
2413 5339 2716 5398 aacclesias
2732 5339 3110 5408 subvertunt,
3139 5335 3322 5393 libros
3344 5331 3570 5391 divinos
3587 5343 3706 5388 suc-

1663 5465 1902 5522 VARhE
1965 5463 2369 5524 LECTIONES.

380 5577 452 5613 σω
482 5577 770 5650 aurelium
803 5593 876 5635 m.
912 5581 1007 5636 E1.
1085 5578 1155 5614 “9
1201 5579 1600 5650 gallerium9°

1681 5576 1752 5611 ⁶⁸⁰
1777 5577 1945 5636 deest
1973 5581 2053 5634 10.
2089 5583 2174 5635 11.
2259 5575 2328 5614 ⁸⁸³
2359 5592 2418 5634 a.
2456 5587 2698 5634 uxorem
2731 5574 2795 5632 d.
2835 5575 2880 5630 1‘.
2933 5589 2995 5632 v.
3035 5577 3094 5628 5.

3193 5569 3262 5606 ⁸⁵⁸
3291 5569 3720 5626 alemannorum

313 5655 371 5706 5.
402 5651 498 5708 E1.
533 5637 536 5638 ⁷
587 5649 660 5722 ⁵⁸³7
692 5650 845 5722 passi
869 5650 916 5722 7i.
957 5655 1018 5722 4.
1055 5637 1250 5708 occisa
1285 5651 1322 5707 i.
1377 5654 1455 5706 9°.
1525 5648 1593 5683 ⁸⁵⁸
1624 5663 1687 5706 se
1712 5648 1891 5718 jussit
1951 5653 2016 5708 ut
2046 5649 2217 5708 deum
2273 5655 2322 5708 5.
2399 5648 2468 5684 ⁸⁵⁸
2499 5648 2662 5708 deest
2711 5648 2789 5704 9°.
2867 5645 2936 5680 ⁸⁸⁸
2966 5660 2995 5702 a
3027 5659 3141 5702 uno
3172 5647 3248 5700 9°.
3310 5645 3392 5698 11.
3473 5637 3542 5672 ⁸⁸⁷
3575 5637 3725 5698 deest

315 5722 414 5785 E1.
449 5724 540 5779 est
574 5721 1086 5787 sub’diocletiano
1114 5726 1163 5776 5.
