3946 6416
213 403 329 469 ’701

1084 414 1522 480 CHRONICA.
1559 451 1629 463 —
1664 413 2138 479 CHRONICON
2182 414 2724 481 UNIVERSALE.

3524 415 3642 479 702

209 540 487 616 cendunt,
512 550 572 603 et
604 546 961 606 christianos
994 548 1215 607 decima
1249 555 1386 623 post
1412 552 1697 608 Neronem
1734 565 1867 623 per-
1910 551 1965 611 A
1998 549 2244 607 militum
2276 555 2334 607 et
2387 547 2827 623 provmcialium
2874 547 3094 621 ingenti
3139 549 3256 622 jam
3306 549 3505 608 favore
3554 565 3644 609 re-

210 633 513 692 secutione
544 637 820 707 aﬂligunt.

287 725 374 778 20.
410 722 624 797 (Ηιειι.)
658 727 722 781 Α.
759 728 823 781 D.
868 730 989 783 309.
1036 726 1433 786 Diocletianus
1476 732 1537 784 et
1584 727 1885 785 Maximia'

228 825 342 868 nus
368 827 688 884 purpuram
705 814 1024 885 deponunt.
1041 815 1309 873 Marcello
1327 831 1474 889 papa
1498 816 1882 885 martirizato,

221 901 508 959 successit
541 902 831 960 Eusebius
872 918 1016 975 papa
1062 908 1228 972 32‘“;
1261 905 1353 961 eui
1405 909 1536 976 post
1585 920 1814 963 menses
1843 909 1876 960 8

241 1003 416 1061 passo
447 990 769 1048 succedens
798 992 1107 1051 Melciades
1153 998 1300 1065 33‘18,
1336 994 1487 1050 sedit
1538 996 1702 1051 annis
1729 998 1762 1052 4
1791 994 1886 1052 de-

242 1078 542 1150 cessitque
574 1082 607 1135 4
635 1079 770 1138 Idus
797 1082 1131 1140 Decembris
1164 1082 1259 1153 (cf.
1299 1081 1439 1141 0M.
1486 1083 1617 1156 W.).

236 1168 437 1223 Annus
468 1169 794 1226 Constantii
826 1173 887 1226 et
927 1170 1159 1227 Galerii.

300 1256 402 1327 (Η.
450 1260 554 1328 m.)
606 1259 770 1315 Anno
823 1258 1126 1316 dominicae
1178 1259 1597 1317 incarnationis
1640 1264 1764 1331 310,
1812 1261 1884 1316 ab

222 1345 382 1402 Urbe
411 1345 646 1402 condita
688 1345 1008 1411 millesimo
1056 1354 1143 1405 61.
1197 1350 1335 1406 Cum
1385 1349 1779 1406 Diocletianus
1826 1336 1886 1404 et

228 1433 612 1491 Maximianus
636 1434 753 1505 jam
803 1451 833 1493 a
884 1452 1063 1507 regno
1113 1438 1530 1509 decessissent,
1563 1439 1633 1495 ad
1691 1436 1886 1495 ammi-

228 1522 643 1579 nistrationem
688 1524 772 1580 rei
817 1526 1068 1597 publicae
1120 1528 1500 1584 Constantius
1531 1531 1588 1584 et
1622 1526 1886 1583 Galerius

229 1612 469 1682 augusti
501 1613 684 1669 creati
729 1620 886 1685 sunt,
918 1614 1254 1687 divisusque
1303 1620 1398 1672 est
1448 1616 1599 1672 inter
1649 1631 1753 1672 eos
1803 1616 1884 1671 ita

226 1701 522 1758 Romanus
548 1702 732 1773 orbis,
764 1706 828 1758 ut
863 1705 1237 1761 Constantius
1270 1705 1516 1774 italiam,
1554 1701 1791 1761 Galliam
1824 1707 1880 1759 et

230 1788 507 1860 Africam,
561 1789 827 1847 Galerius
884 1792 1185 1862 Illiricum,
1240 1794 1428 1850 Asiam
1477 1799 1537 1850 et
1586 1793 1881 1849 Orientem

1993 641 2229 709 gnabat.
2259 641 2358 711 (Η.
2382 643 2487 710 m.)
2519 641 2777 697 Detectis
2807 644 3002 697 autem
3037 638 3265 696 insidiis
3292 638 3420 709 ejus
3451 655 3552 712 per
3582 640 3645 696 ﬁ-

1997 728 2129 786 liam
2154 732 2444 801 Faustam,
2472 745 2600 802 quze
2632 728 2825 786 dolum
2856 728 2984 799 ejus
3015 728 3140 785 viro
3162 728 3481 800 nunciavit,
3509 729 3644 788 inde

1995 819 2303 889 profugit;
2353 819 2455 876 sed
2517 833 2545 875 a
2609 818 2987 875 Constantino
3046 817 3394 888 insequente
3452 818 3647 875 Massi-

1994 906 2085 964 liae
2117 913 2345 981 captus,
2370 909 2575 966 fractis
2604 907 2813 979 laqueo
2846 906 3195 978 cervicibus,
3229 906 3486 979 perﬁdize
3518 922 3640 965 suae

1995 1011 2198 1068 poenas
2232 997 2411 1069 dedit,
2448 1012 2598 1056 anno
2629 998 2765 1055 vitae
2798 1011 2919 1055 suae
2952 996 3338 1068 sexagesimo.

1992 1086 2139 1142 Anni
2173 1085 2540 1143 Constantini
2571 1085 2658 1143 οη.

2064 1176 2227 1231 Anno
2258 1175 2561 1233 dominica)
2594 1174 3015 1232 incarnationis
3043 1179 3164 1231 311.
3188 1174 3361 1232 Urbis
3388 1172 3641 1231 conditae

1994 1263 2299 1321 millesimo
2329 1269 2415 1322 62.
2452 1265 2889 1334 Constantinus,
2934 1278 3006 1319 ex
3058 1263 3391 1321 obscuriori
3442 1262 3644 1319 matri-

1993 1354 2207 1424 monio,
2260 1354 2491 1411 scilicet
2538 1369 2608 1411 ex
2658 1355 2870 1411 Helena
2919 1354 3263 1424 concubina,
3317 1350 3642 1410 Constantii

1993 1440 2172 1511 ﬁlius,
2210 1448 2440 1499 ntortuo
2474 1449 2660 1514 patre,
2694 1442 3098 1499 annitentibus
3142 1441 3370 1499 cunctis
3414 1440 3509 1512 qui
3543 1440 3641 1496 ad-

1992 1535 2156 1586 erant
2192 1533 2588 1603 precipueque
2621 1535 2805 1589 Croco
2853 1530 2922 1564 ⁸⁸³
2981 1531 3426 1588 Alamannorum
3479 1543 3637 1600 rege,

1993 1616 2194 1676 auxilii
2228 1621 2413 1691 gratia
2446 1637 2575 1677 cum
2604 1636 2672 1677 eo
2705 1621 3042 1691 comitante,
3077 1624 3203 1676 34ιι⁸
3243 1621 3314 1676 ab
3356 1622 3637 1689 Augusto,

1994 1707 2050 1763 in
2086 1709 2381 1765 Britannia
2412 1715 2646 1766 creatus
2680 1714 2769 1765 est
2806 1710 3125 1781 imperator
3152 1713 3185 1762 6
3216 1707 3338 1763 Kal.
3365 1707 3638 1777 Augusti,

1994 1801 2050 1852 et
2086 1796 2140 1852 in
2187 1797 2371 1855 locum
2421 1799 2603 1870 patris
2659 1799 3144 1870 exoptatissimus
3191 1798 3523 1854 moderator
3552 1811 3645 1853 ac-

229 1868 549 1934 obtineret.
586 1877 700 1969 Sed
729 1881 1107 1969 Constantius
1147 1882 1381 1951 augusti
1434 1882 1719 1952 dignitate
1751 1896 1884 1937 con-
1911 1908 1965 1969 Β
1995 1887 2195 1953 cessit,
2233 1868 2613 1958 regnavitque
2662 1868 2829 1944 annis
2872 1892 2958 1957 30,
3013 1902 3241 1942 menses
3288 1886 3356 1919 ⁸⁸⁸
3406 1890 3486 1941 10.
3542 1885 3645 1942 Hic

230 1970 456 2038 tentus,
472 1967 1054 2025 amministrationem
1072 1970 1251 2025 Italia:
1267 1976 1327 2025 et
1343 1971 1549 2027 Africm
1566 1970 1882 2038 recusavit,

231 2054 474 2111 Galliam
500 2058 727 2112 tantum
759 2055 1035 2126 obtinuit,
1062 2058 1151 2113 vir
1177 2058 1448 2127 egregius
1464 2063 1521 2115 ct
1542 2063 1882 2115 mansuetus

230 2146 290 2199 et
317 2144 801 2215 prestanlissimm
820 2145 1144 2217 civilitatis,
1165 2162 1273 2202 non
1291 2147 1461 2204 modo
1486 2147 1754 2204 amabilis
1779 2146 1883 2203 sed

231 2237 294 2288 et
339 2232 691 2289 venerabilis
747 2232 946 2305 Gallis,
1002 2236 1281 2307 precipue
1336 2237 1489 2306 quod
1539 2235 1882 2293 Diocletiani

234 2326 566 2393 suspectam
596 2320 970 2393 prudentiam
1001 2328 1060 2380 et
1089 2324 1415 2380 Maximiani
1449 2325 1882 2395 sanguinariam

234 2410 627 2466 temeritatem
646 2410 889 2483 imperio
903 2412 1653 2480 ejusevaserunt.Galerius
1668 2416 1880 2481 autem,

233 2499 326 2555 vir
354 2500 537 2570 probe
568 2503 829 2557 moratus
858 2500 928 2534 ⁸⁸⁸
974 2506 1029 2557 et
1083 2502 1357 2571 egregius
1405 2502 1459 2557 in
1510 2517 1573 2558 re
1622 2501 1881 2573 militari,

238 2588 444 2645 videns
476 2588 698 2645 Italiam
733 2604 964 2661 quoque
998 2606 1118 2647 suae
1156 2590 1663 2648 amministrationi
1696 2606 1888 2647 acces-

239 2677 404 2747 sisse,
440 2678 664 2733 sinente
696 2678 853 2734 socio
903 2693 1010 2735 suo
1056 2680 1419 2750 Constantio,
1454 2695 1707 2737 caesares
1738 2681 1888 2739 duos

237 2766 479 2837 creavit,
513 2766 899 2837 Maximinum,
936 2782 1103 2837 quem
1137 2767 1359 2824 Orienti
1404 2769 1666 2841 prefecit,
1701 2769 1795 2840 qui
1828 2773 1886 2826 et

235 2856 362 2927 ipse
400 2859 749 2926 persecutor
773 2855 1226 2912 Christianorum
1254 2858 1380 2927 fuit,
1403 2861 1462 2913 et
1482 2858 1775 2929 Severum,
1792 2858 1884 2915 cui

236 2944 462 3000 Italiam
516 2944 698 3013 dedit,
734 2944 861 3015 ipse
907 2960 1046 3000 vero
1096 2945 1152 2999 in
1205 2945 1419 3001 Illirico
1465 2950 1724 3003 moratus
1771 2952 1883 3004 est.

237 3031 619 3089 Constantius
675 3046 815 3088 vero
874 3031 1053 3089 ﬁlium
1112 3048 1278 3090 suum
1325 3033 1394 3068 ⁶δ⁰
1442 3034 1885 3091 Constantinum

235 3135 511 3178 caesarem
547 3121 704 3190 fecit,
725 3119 894 3191 eique
926 3119 1168 3177 Galliam
1191 3122 1514 3191 commisit;
1542 3123 1665 3194 ipse
1693 3128 1885 3179 autem

236 3209 421 3265 tercio
453 3223 600 3264 anno
637 3208 1088 3280 persecutionis,
1115 3214 1324 3280 quiest
1355 3212 1583 3283 imperii
1616 3212 1705 3268 sui
1740 3215 1884 3281 l6“,

234 3297 483 3353 Eburaci
526 3297 581 3352 in
616 3296 913 3352 Britannia
957 3298 1123 3353 obiit.
1161 3299 1285 3365 Quo
1335 3304 1591 3365 mortuo,
1627 3299 1888 3357 Galerius

233 3387 513 3443 Licinium
538 3401 816 3443 emsarem
843 3387 1000 3457 fecit,
1027 3393 1224 3444 natum
1251 3390 1321 3446 de
1347 3390 1534 3460 Datia,
1552 3395 1752 3447 notum
1776 3384 1887 3446 sibi

232 3476 470 3546 antiqua
489 3475 917 3532 consuetudine
949 3491 1021 3531 ex
1056 3476 1209 3532 bello
1243 3478 1397 3547 quod
1431 3478 1722 3533 adversus
1754 3480 1890 3534 Nar-

233 3579 396 3622 seum
423 3578 614 3632 regem
637 3568 908 3633 gesserat
934 3564 1027 3634 (cf.
1057 3567 1271 3621 Benxx.
1302 3566 1400 3636 (Η.
1427 3568 1542 3638 m.)
1567 3568 1701 3622 Erat
1735 3567 1887 3623 enim

232 3657 513 3710 strenuus
543 3651 847 3709 laboribus
877 3657 934 3709 et
969 3653 1172 3711 officiis
1219 3660 1519 3726 acceptus.
1556 3686 1621 3696 ——
1656 3658 1886 3712 Interea

232 3742 431 3798 Romae
492 3741 834 3813 pretoriani,
878 3742 1135 3798 excitato
1186 3743 1464 3813 tumultu,
1514 3745 1885 3816 Maxentium,

230 3829 489 3885 Herculii
534 3829 861 3885 Maximiani
925 3830 1128 3901 ﬁlium,
1181 3839 1667 3903 nuncupaverunt
1713 3847 1888 3902 augu-

231 3923 409 3977 stum.
440 3918 566 3985 Quo
585 3918 806 3989 audito,
828 3924 996 3992 pater
1019 3921 1145 3990 ejus
1167 3920 1545 3978 Maximianus
1562 3921 1883 3991 Ilerculius,

232 4012 509 4065 arrectus
569 4008 625 4063 in
685 4022 845 4080 spem
902 4008 1236 4066 resumendi
1283 4010 1663 4081 principatus,
1718 4025 1885 4080 quem

232 4111 414 4154 suasu
439 4096 782 4153 Diocletiani
809 4097 1029 4154 invitus
1061 4098 1355 4167 amiserat,
1390 4100 1627 4154 Romam
1660 4098 1889 4155 advola-

232 4185 386 4243 vite
419 4185 688 4255 Lucania,
741 4185 1165 4242 Diocletianum
1218 4202 1449 4257 quoque
1500 4203 1606 4259 per
1657 4187 1888 4244 litteras

232 4273 590 4332 adhortatus
604 4279 713 4345 est,
733 4280 795 4331 ut
812 4274 1136 4346 depositam
1165 4280 1488 4332 resumeret
1515 4280 1885 4348 potestatem,

234 4378 386 4434 quas
420 4363 518 4419 ille
550 4363 751 4421 irritas
782 4365 988 4422 habuit
1017 4370 1076 4421 et
1109 4366 1348 4437 sprevit.
1385 4365 1650 4423 Galerius
1697 4370 1889 4423 autem

235 4454 516 4509 Severum
546 4467 675 4509 cum
728 4453 995 4511 exercitu
1042 4458 1245 4511 contra
1293 4454 1642 4511 Maxentium
1699 4456 1887 4522 misit;

236 4540 339 4611 qui
389 4540 631 4598 veniens
676 4543 932 4613 Romam,
982 4542 1211 4599 obsedit
1272 4558 1435 4610 eam;
1484 4544 1585 4600 sed
1645 4544 1889 4601 militum

1919 3264 1966 3326 C

1996 1988 2256 2031 sororem
2311 1990 2473 2031 suam
2535 1976 2932 2032 Constantiam
2993 1975 3210 2030 Licinio
3256 1974 3640 2031 Mediolanum

1995 2064 2186 2120 accito
2209 2062 2533 2135 conjunxit,
2556 2064 2853 2134 ﬁliumque
2878 2079 3070 2134 suum,
3094 2064 3323 2120 nomine
3346 2063 3639 2135 Crispum,

1992 2167 2065 2209 ex
2095 2152 2366 2209 Minervia
2411 2153 2733 2210 concubina
2784 2153 3002 2210 eisdem
3054 2153 3262 2209 diebus
3311 2152 3641 2209 Arelatensi

1992 2242 2168 2313 opido
2219 2246 2438 2312 natum,
2483 2246 2541 2298 et
2588 2242 2968 2313 Licinianum,
3001 2241 3199 2298 Licinii
3250 2241 3454 2312 ﬁlium,
3488 2255 3644 2297 men-

1993 2331 2139 2387 sium
2174 2332 2292 2387 fere
2323 2334 2410 2401 20,
2447 2344 2695 2387 cessares
2730 2331 2882 2387 fecit.
2916 2332 3140 2386 Interea
3176 2330 3441 2386 Galerius
3473 2329 3646 2386 Maxi-

1995 2419 2220 2476 mianus
2256 2434 2385 2476 cum
2428 2420 2899 2491 persecutionem
2932 2434 2960 2474 a
2992 2419 3352 2476 Diocletiano
3380 2423 3442 2475 et
3472 2418 3644 2474 Maxi-

1996 2508 2186 2564 miano
2214 2508 2526 2565 immissam
2562 2509 2687 2580 ipse
2720 2508 3111 2564 atrocioribus
3141 2508 3354 2565 edictis
3386 2505 3645 2564 cumula-

1996 2601 2108 2667 ret,
2143 2596 2336 2653 divina
2374 2603 2564 2654 tactus
2600 2595 2878 2667 vindicta,
2915 2597 3244 2669 putrefacto
3283 2596 3640 2653 intrinsecus

1999 2689 2255 2757 pectore,
2281 2690 2338 2740 et
2371 2684 2652 2741 vitalibus
2682 2685 3157 2755 dissolutis,cum
3190 2684 3344 2741 ultra
3376 2684 3639 2741 humanae

1996 2775 2294 2831 horrorem
2319 2773 2566 2830 miseria)
2589 2788 2817 2830 vermes
2831 2775 3004 2830 etiam
3021 2777 3340 2843 eructaret,
3357 2777 3416 2829 et
3431 2772 3639 2829 medici

1991 2866 2108 2936 jam
2135 2866 2397 2921 fmtorem
2422 2879 2533 2920 non
2560 2865 2836 2935 ferentes,
2858 2865 3068 2921 crebro
3087 2865 3251 2935 jussu
3275 2863 3402 2933 ejus
3420 2862 3646 2920 occide-

1999 2960 2221 3025 rentur,
2240 2968 2266 3008 a
2294 2952 2540 3024 quodam
2566 2952 2815 3024 medico,
2842 2968 2915 3008 ex
2938 2952 3350 3024 deeperatione
3373 2953 3646 3009 constan-

2000 3043 2135 3100 tiam
2161 3047 2446 3112 sumente,
2463 3042 2801 3113 increpatus
2815 3044 2924 3112 est,
2944 3041 3195 3111 dicente,
3215 3054 3443 3112 poenam
3466 3040 3595 3111 ejus
3613 3051 3642 3094 a

1995 3134 2112 3189 Deo
2144 3146 2272 3188 esse
2304 3136 2362 3187 et
2396 3131 2526 3187 ideo
2573 3131 2764 3186 sanari
2814 3145 2924 3186 non
2978 3144 3191 3202 posse;
3225 3142 3475 3200 moxque
3529 3126 3646 3182 late

1998 3220 2192 3276 missis
2223 3219 2457 3289 edictis,
2491 3219 2844 3275 christianos
2873 3218 2945 3274 de
2975 3217 3150 3274 exilio
3181 3215 3495 3286 revocavit,
3518 3214 3646 3286 ipse

1997 3315 2189 3365 tamen
2223 3308 2522 3365 cruciatus
2556 3322 2662 3363 non
2700 3307 3017 3377 sustinens,
3041 3306 3178 3363 vitae
3212 3306 3380 3361 ﬁnem
3415 3303 3570 3360 fecit.

2068 3399 2226 3454 Inter
2254 3397 2374 3453 hzec
2407 3411 2504 3452 res
2539 3396 2768 3467 publica
2794 3410 2823 3450 a
2847 3395 3012 3452 novis
3046 3398 3299 3465 quatuor
3333 3392 3646 3464 imperato-

1998 3486 2162 3543 ribus
2218 3486 2551 3549 tenebatur,
2612 3483 2994 3539 Constantino
3049 3488 3109 3538 et
3159 3480 3467 3550 Maxentio,
3506 3479 3644 3535 ﬁliis

1998 3580 2399 3645 augustorum,
2428 3572 2641 3630 Licinio
2666 3577 2721 3628 et
2755 3570 3081 3640 Maximino,
3108 3569 3439 3626 hominibus
3457 3567 3641 3623 novis.

1998 3664 2209 3730 Quinto
2244 3667 2432 3719 tamen
2465 3661 2693 3733 imperii
2738 3660 2829 3717 sui
2878 3674 3028 3715 anno
3079 3658 3492 3715 Constantinus
3532 3656 3650 3713 bel-

1997 3751 2112 3809 lum
2147 3751 2317 3807 civile
2350 3750 2638 3806 Maxentio
2669 3748 2888 3819 intulit,
2924 3748 3168 3818 ejusque
3199 3746 3399 3818 copias
3447 3744 3649 3801 multis

1998 3840 2218 3912 prmliis
2249 3839 2428 3905 fudit;
2456 3842 2698 3910 propter
2722 3837 2977 3907 magicas
2997 3840 3189 3892 tamen
3214 3834 3284 3868 ⁸⁸⁸
3303 3838 3480 3901 artes,
3505 3848 3650 3904 quas

1999 3928 2097 3985 ille
2130 3927 2374 3985 multum
2409 3927 2722 3997 dilexerat,
2746 3927 3045 3982 metuebat
3066 3939 3216 3981 eum.
3245 3924 3503 3993 Cumque
3527 3937 3653 3978 eon-

1997 4017 2162 4088 gredi
2216 4031 2347 4073 cum
2396 4030 2465 4072 eo
2516 4015 2762 4072 multum
2808 4015 3095 4071 hesitaret
3124 4018 3184 4069 et
3212 4014 3283 4070 de
3309 4011 3477 4083 coelo,
3513 4010 3652 4068 licet

2001 4106 2189 4163 adhuc
2222 4118 2499 4176 paganus,
2530 4102 2809 4161 auxilium
2845 4106 3141 4174 quereret,
3167 4101 3315 4157 vidit
3349 4114 3455 4171 per
3485 4114 3653 4170 sopo-

2000 4208 2118 4251 rem
2142 4194 2212 4250 ad
2236 4192 2482 4248 orientis
2507 4194 2728 4262 partem
2755 4190 2812 4246 in
2833 4190 2983 4247 coelo
3009 4190 3237 4260 signum
3261 4188 3456 4246 crucis
3480 4187 3652 4257 igneo

2001 4282 2225 4353 fulgore
2257 4280 2502 4338 rutilare
2532 4284 2591 4335 et
2620 4282 2784 4335 tanto
2814 4278 2946 4335 visu
2978 4277 3265 4335 exterrito
3312 4276 3421 4335 sibi
3456 4283 3652 4357 astare

2000 4370 2235 4440 angelos
2257 4371 2547 4427 dicentes:
2569 4367 2978 4438 Constantine,
2993 4369 3062 4426 in
3077 4366 3184 4425 hoc
3202 4368 3426 4424 vinces.
3442 4365 3652 4423 Fertur

2003 4465 2193 4518 autem
2225 4461 2281 4516 et
2314 4457 2440 4529 ipse
2475 4457 2742 4513 Christus
2789 4455 2903 4512 sibi
2952 4455 3297 4527 apparuisse
3334 4462 3391 4511 et
3421 4454 3650 4524 signum

2003 4548 2198 4607 crucis
2217 4547 2269 4604 ei
2294 4550 2653 4603 monstrasse
2669 4547 2726 4600 et
2747 4548 2811 4601 ut
2834 4543 3026 4600 simile
3050 4544 3267 4600 faceret
3289 4542 3649 4614 precepisse.

236 4644 482 4687 suorum
534 4628 757 4686 scelere
810 4630 1105 4701 desertus,
1153 4632 1481 4688 Ravennam
1526 4632 1692 4703 fugit,
1727 4638 1787 4690 et
1833 4634 1888 4690 in
1921 4624 1974 4686 D
2005 4636 2169 4704 Quod
2215 4640 2272 4692 et
2324 4635 2482 4705 fecit,
2515 4633 2734 4690 habens
2779 4646 2904 4689 eam
2956 4632 3010 4688 in
3062 4631 3294 4688 vexillis
3337 4629 3647 4702 depictam.

237 4718 453 4775 itinere
485 4718 556 4775 ab
579 4718 849 4775 Herculio
873 4723 961 4775 est
985 4720 1217 4776 occisus
1242 4721 1335 4791 (cf.
1359 4722 1438 4776 Η.
1466 4722 1584 4792 13.).
1610 4723 1749 4778 Post
1772 4722 1893 4779 haec

236 4807 511 4864 Herculis
567 4807 947 4866 Maxrmianus
1004 4808 1059 4864 in
1107 4810 1484 4866 contentione
1529 4811 1891 4867 exercituum

241 4894 427 4952 ﬁlium
460 4911 627 4952 suum
660 4896 1008 4953 Maxentium
1062 4897 1307 4969 imperio
1356 4898 1576 4955 nudare
1623 4903 1889 4969 conatus,

240 4984 350 5040 sed
384 4999 412 5039 a
449 4983 734 5041 militibus
775 4985 1055 5043 conviciis
1098 4985 1432 5056 injuriatus,
1462 4987 1532 5043 ad
1564 4986 1781 5044 Gallias
1811 4992 1894 5044 te-

242 5072 457 5143 tendit,
496 5072 630 5130 dolo
679 5074 1022 5145 composito,
1052 5076 1204 5146 quod
1255 5091 1284 5133 a
1336 5076 1454 5132 ﬁlio
1496 5075 1565 5109 ⁶⁶⁰
1610 5076 1894 5148 expulsus

241 5165 422 5231 esset,
456 5166 518 5219 ut
568 5176 785 5232 genero
834 5161 902 5196 “1
955 5164 1333 5221 Constantino
1374 5165 1741 5235 jungeretur,
1777 5181 1893 5223 mo-

240 5250 390 5307 liens
421 5255 481 5306 et
513 5250 723 5321 ipsum,
758 5250 803 5307 si
837 5256 1058 5323 posset,
1095 5258 1328 5324 reperta
1372 5253 1674 5311 occasione
1714 5254 1893 5310 inter-

239 5338 436 5410 ﬁcere,
474 5352 833 5410 regnumque
860 5340 986 5411 ejus
1030 5340 1326 5414 invadere,
1362 5342 1457 5413 qui
1506 5342 1561 5398 in
1596 5341 1797 5399 Galliis
1831 5347 1890 5399 et

2004 4727 2188 4797 Igitur
2220 4724 2637 4782 Constantinus
2666 4723 2902 4778 Romam
2929 4720 3170 4778 veniens
3195 4724 3399 4777 contra
3425 4720 3653 4775 Maxen-

2004 4816 2146 4873 tium
2179 4818 2372 4871 castra
2408 4812 2602 4886 posuit
2625 4812 2789 4883 juxta
2823 4815 3057 4882 pontem
3091 4809 3363 4865 Molbium
3393 4824 3406 4875 ;
3432 4811 3489 4864 et
3515 4821 3653 4864 ecce

2002 4903 2327 4960 Maxentius
2371 4903 2562 4974 portis
2614 4914 2947 4971 erumpens,
2983 4897 3368 4971 sequentibus
3413 4896 3651 4964 ceteris,

2004 4990 2377 5063 precucurrit
2419 4994 2720 5055 armatus;
2770 4987 3188 5045 Constantinus
3234 4998 3374 5043 vero
3420 4998 3652 5043 crucem

2003 5094 2174 5152 quam
2207 5080 2563 5136 formaverat
2596 5083 2729 5135 ante
2767 5093 2830 5134 se
2862 5077 3040 5148 jussit
3088 5074 3309 5148 portari
3337 5092 3352 5141 ;
3385 5074 3654 5144 factaque

2003 5167 2433 5239 congressione,
2470 5165 2729 5238 superati
2759 5171 2897 5223 sunt
2945 5165 3042 5237 qui
3093 5165 3250 5221 circa
3299 5161 3651 5219 Maxentium

2003 5257 2271 5319 fuerunt;
2295 5255 2417 5327 ipse
2442 5260 2633 5311 autem
2660 5255 2907 5325 fugiens,
2936 5252 3108 5326 paulo
3132 5251 3403 5324 superius
3425 5265 3453 5306 a
3478 5251 3657 5323 ponte

2002 5344 2234 5416 Molbio,
2271 5345 2369 5401 ubi
2404 5344 2570 5416 prius
2599 5343 2669 5400 ad
2700 5343 3028 5416 decipulam
3062 5341 3198 5400 fecit
3222 5340 3391 5413 quasi
3419 5341 3655 5412 pontem

1614 5512 1850 5570 VARI/E
1889 5513 2289 5574 LECTIONES.

311 5648 382 5727 Ψ
411 5647 948 5727 ωοιτὶεθηιυεῂι).
985 5648 1250 5727 “ﬁci.
1309 5668 1383 5727 s._
1425 5654 1630 5727 Const.
1687 5660 1744 5711 δ.
1796 5654 1867 5689 ⁶⁶⁰
1909 5656 1953 5714 f.
2012 5673 2118 5716 suo
2167 5658 2272 5717 Et.
2325 5656 2394 5690 ⁶⁸¹
2447 5670 2509 5727 g.
2574 5669 2679 5710 suo
2733 5655 2829 5711 Et.
2887 5651 2956 5687 ⁸⁸³
3012 5653 3156 5712 Hec
3210 5653 3428 5713 desunt
3479 5650 3652 5714 codd.

241 5721 317 5759 ⁸⁸³
348 5735 529 5780 eroco
558 5718 716 5778 Carr.
755 5719 879 5778 eric
911 5724 994 5777 9°.
1035 5718 1102 5754 ⁶⁶⁴
1130 5725 1188 5779 et
1222 5738 1302 5780 m.
1342 5724 1383 5779 E
1412 5730 1470 5781 1.
1506 5724 1576 5758 ⁸⁸³
1613 5728 1778 5786 deest
1803 5732 1885 5784 9ο.
