3946 6408
330 373 446 439 703

1494 392 1979 460 EKKEHARDI
2023 393 2587 466 URAUGIENSIS

3624 399 3741 468 ’704

328 513 387 568 et
403 510 690 610 navigiis
713 511 783 548 ⁸⁸⁸
830 514 978 590 ﬁeri,
1023 518 1242 581 talibus
1292 523 1549 600 desuper
1591 529 1818 600 stratis,
1851 546 1982 589 eum
2016 531 2068 592 A
2100 533 2298 592 sedem
2322 536 2561 593 Romani
2590 533 2818 610 imperii
2841 540 2900 594 et
2921 541 3098 610 caput
3119 535 3742 598 totiusOrientisesset

327 601 507 694 vellet
541 603 788 694 eundem
823 613 1058 678 pontem
1082 614 1358 674 cxlatcre
1390 619 1630 692 intrare,
1657 621 1826 694 lapsu
1849 623 1984 694 equi

331 691 388 783 in
435 693 784 764 profundum
833 697 1138 758 demersus
1187 710 1301 766 est,
1337 707 1551 778 vixque
1600 691 1816 782 corpus
1861 691 1988 783 ejus

331 779 750 872 inventumiest.
771 785 906 842 Erat
927 791 1063 846 tunc
1076 804 1263 850 annus
1287 797 1650 855 Constantini
1676 779 1982 872 septimus.

330 869 555 960 interea
587 871 746 960 cives
788 875 1028 934 Romani
1077 880 1376 941 civitatem
1426 869 1822 960 coronant,_et
1853 905 1985 947 cum

326 958 540 1048 gaudio
557 959 839 1019 victorem
857 966 1303 1030 Constantinum
1323 958 1728 1048 viviﬁcamque
1751 994 1985 1037 crucem

328 1047 680 1136 suscipiunt.
708 1083 773 1092 --
799 1052 935 1124 (Eus
965 1058 1044 1114 II.
1078 1073 1124 1116 δ.
1161 1076 1238 1134 ix,
1273 1064 1384 1136 10.)
1440 1067 1600 1122 Inter
1636 1047 1766 1126 ihzec
1815 1069 1987 1126 Maxi-

324 1135 532 1229 minus,
549 1139 1004 1202 christianorum
1021 1152 1077 1203 et
1095 1149 1108 1204 i
1118 1164 1220 1220 pse
1242 1135 1593 1223 pchecut-or
1617 1157 1978 1229 sevissimus,

324 1223 380 1280 in
417 1225 659 1318 Oriente
691 1231 976 1292 adversus
1017 1237 1297 1297 Licinium
1346 1258 1442 1300 res
1491 1259 1672 1303 novas
1721 1223 1979 1318 molitus,

323 1327 454 1408 cum
513 1317 795 1408 adversus
849 1337 979 1380 eum
1040 1325 1281 1385 duceret
1341 1333 1685 1407 exercitum,
1738 1317 1980 1408 repente

324 1402 522 1461 divino
547 1406 773 1477 judicio
807 1409 1115 1472 doloribus
1143 1417 1432 1477 viscerum
1465 1402 1830 1482 internorum
1853 1439 1980 1481 cor-

323 1497 551 1565 reptus,
584 1497 964 1557 vehementer
993 1505 1282 1576 exagitari
1307 1511 1490 1582 coepit
1517 1528 1531 1578 ;
1562 1512 1774 1570 deinde
1805 1514 1978 1572 homo

323 1586 496 1638 antea
546 1599 730 1642 vorax
781 1602 1130 1663 semperque
1187 1595 1322 1653 vino
1373 1598 1659 1670 repletus,
1693 1617 1847 1659 nunc
1907 1620 1977 1660 ne

325 1671 568 1728 summis
602 1673 834 1743 quidem
865 1677 1048 1737 labris
1078 1681 1271 1740 cibum
1303 1685 1616 1756 degustare
1647 1694 1748 1747 aut
1781 1692 1974 1750 vinum

323 1759 516 1830 potuit
547 1761 824 1830 odorari;
855 1767 1058 1838 sicque
1090 1773 1368 1831 carnibus
1401 1777 1523 1834 suis
1555 1779 1744 1836 inedia
1777 1788 1834 1838 et
1865 1781 1976 1838 ari-

2097 625 2304 682 voluit.
2323 625 2484 682 Fecit
2505 631 2566 683 et
2589 631 2823 699 pontem
2848 625 2902 682 in
2925 627 3549 700 Danuliio;omnesque
3564 629 3744 688 bonas

2099 719 2259 772 artes
2291 729 2432 773 suos
2464 715 2692 773 discere
2725 715 2997 787 faciebat,
3023 716 3264 774 maxime
3297 717 3490 776 studia
3519 717 3741 776 littera-

2101 818 2257 870 rum;
2283 805 2478 876 ipsein
2504 805 2774 876 legendo,
2795 805 3127 877 scribendo,
3145 805 3476 864 meditando
3497 807 3738 866 multum

2099 907 2163 949 se
2205 895 2541 950 exercebat.
2596 895 2748 966 (Eus.
2784 897 2862 952 Η.
2899 909 2945 952 e.
2982 910 3057 965 ix,
3089 897 3167 968 7.)
3201 895 3377 966 Cujus
3423 899 3604 953 mater
3635 899 3740 954 lle-

2098 980 2230 1038 lena
2261 982 2552 1053 religiosa,
2587 983 2802 1040 divinis
2842 983 3135 1040 admonita
3183 984 3522 1058 visionibus,
3545 987 3739 1044 Hiero-

2097 1071 2360 1129 solimam
2395 1073 2582 1145 petiit,
2615 1078 2672 1130 ct
2727 1075 2915 1132 locum
2965 1073 3065 1132 ubi
3117 1073 3382 1132 Christus
3424 1075 3738 1133 cruciﬁxus

2097 1163 2185 1217 est
2213 1159 2302 1233 ⁸⁷⁸,
2337 1163 2410 1219 ab
2442 1162 2650 1220 incolis
2681 1162 3034 1236 requisivit,
3067 1162 3165 1235 qui
3197 1161 3417 1220 idcirco
3465 1164 3534 1220 ad
3585 1165 3739 1222 inve-

2095 1249 2368 1308 niendum
2400 1252 2650 1310 difficilis
2670 1255 2816 1323 erat,
2844 1252 2978 1324 quia
3008 1253 3081 1309 ab
3112 1253 3370 1324 antiquis
3399 1259 3737 1326 persecuto-

2094 1339 2256 1398 ribus
2285 1340 2660 1399 simulacrum
2690 1341 2934 1400 Veneris
2961 1341 3018 1398 in
3051 1356 3120 1398 eo
3153 1341 3342 1399 fuerat
3375 1341 3568 1413 ﬁxum,
3593 1349 3655 1418 ut
3687 1342 3734 1402 si

2093 1429 2224 1500 quis
2256 1430 2547 1488 Christum
2574 1430 2644 1464 ⁶⁷²
2675 1431 2922 1488 adorare
2952 1430 3152 1502 vellet,
3180 1429 3236 1487 in
3268 1431 3396 1488 loco
3427 1431 3528 1488 illo
3555 1433 3735 1489 Vene-

2091 1533 2212 1574 rem
2258 1520 2561 1577 videretur
2609 1521 2855 1578 adorare
2899 1519 3009 1588 ‘7';
3043 1524 3102 1576 et
3158 1521 3234 1577 ob
3283 1521 3395 1578 hoc
3432 1519 3592 1578 locus
3621 1536 3732 1578 non

2090 1609 2576 1679 frequentabatur
2625 1624 2887 1682 peneque
2934 1609 2990 1666 in
3041 1607 3337 1666 oblivione
3387 1609 3589 1668 fuerat.
3624 1611 3730 1668 Sed

2087 1697 2328 1754 veniens
2378 1699 2616 1770 Helena,
2658 1698 2896 1757 ccelitus
2945 1697 3056 1755 sibi
3104 1697 3468 1768 designatum
3518 1699 3736 1756 invenit

2087 1785 2300 1858 locum,
2357 1789 2740 1860 purgatisque
2799 1789 2855 1844 in
2915 1787 3096 1846 altum
3148 1787 3474 1858 ruderibus,
3505 1803 3731 1846 crucem

323 1845 876 1956 consumptis,
905 1857 1125 1956 aduhoc
1157 1861 1346 1956 solum
1381 1867 1628 1936 profecit
1659 1869 1882 1943 infelix,
1910 1878 1971 1928 ut
2002 1894 2058 1956 Β
2090 1845 2625 1950 εθηοιςίηιιιὈιῖθνίι,
2798 1877 3077 1950 episcopo
3117 1875 3373 1948 ejusdem
3424 1845 3591 1934 urbis
3623 1845 3734 1933 bla-

318 1935 539 2028 justam
570 1953 701 1996 esse
731 1942 831 1998 Dei
864 1945 1174 2006 vindictam
1227 1951 1283 2008 in
1333 1935 1396 2010 se
1447 1935 1974 2028 proﬁtereturxAd

325 2025 838 2118 ultimumtamen,
873 2038 1078 2094 morbo
1107 2039 1267 2110 prius
1305 2025 1540 2103 amissis
1581 2049 1858 2106 carnibus
1885 2050 1975 2118 “7,

319 2113 552 2209 vivendi
586 2117 757 2175 ﬁnem
791 2125 1038 2195 accepit.
1085 2127 1184 2196 (Η.
1235 2133 1337 2203 m.)
1384 2133 1596 2192 Valens
1641 2151 1873 2209 quoque
1922 2113 1979 2196 in

321 2203 560 2297 Oriente
591 2209 664 2264 ab
695 2211 962 2270 exercitu
987 2214 1306 2288 imperator
1325 2203 1678 2297 appellatus,
1706 2241 1736 2282 a
1762 2203 1980 2286 llicinio

321 2294 555 2388 occisus
585 2302 696 2353 est.
735 2299 1064 2361 Alexander
1111 2309 1286 2364 etiam
1336 2311 1570 2382 quidam
1599 2294 1748 2388 apud
1781 2319 1984 2375 Karta-

318 2382 508 2452 ginem
541 2385 861 2459 imperator
890 2393 1164 2467 eﬁ‘ectus,
1201 2400 1274 2455 ab
1302 2403 1570 2460 exercitu
1615 2382 1980 2465 Constantini

315 2471 622 2567 jugulatur
696 2477 788 2536 Sic
843 2479 1041 2553 itaque
1091 2487 1280 2544 onmis
1323 2493 1588 2562 potestas
1634 2493 1856 2567 imperii
1909 2498 1980 2554 ad

321 2559 766 2623 Constantinum
797 2575 857 2625 et
899 2571 1176 2631 Licinium
1232 2559 1516 2648 pervenit.
1571 2582 1679 2649 Qui
1711 2559 1982 2644 .Licinius

315 2663 446 2706 cum
481 2652 666 2724 primo
701 2671 764 2712 se
794 2660 1052 2729 probum
1105 2668 1164 2720 ct
1215 2669 1380 2736 quasi
1434 2683 1572 2740 erga
1621 2672 1980 2732 christianos

317 2741 658 2836 ostenderet
679 2743 978 2820 devotum,
997 2758 1203 2822 postea
1225 2755 1431 2814 videns
1455 2761 1784 2830 profectum
1809 2762 1981 2836 impe-

319 2829 534 2918 ratoris
565 2833 952 2908 Constantini,
971 2839 1186 2900 ductus
1210 2829 1723 2918 invidia,occultis
1747 2829 1977 2911 insidiis

319 2916 564 2974 maxime
583 2934 688 3010 per
713 2922 1030 2983 familiares
1054 2943 1121 2986 ac
1144 2916 1450 2991 ministros
1476 2937 1798 3010 principem
1824 2940 1978 2998 deci-

319 3006 728 3098 percmolitus
758 3017 882 3079 est;
912 3016 1016 3072 sed
1046 3034 1174 3074 cum
1228 3019 1285 3076 id
1339 3006 1542 3093 parum
1598 3006 1972 3098 procederet,

317 3097 585 3187 apertum
609 3096 694 3187 illi
720 3099 934 3158 bellum
959 3103 1184 3177 indicit,
1203 3109 1556 3169 christianos
1579 3096 1718 3170 vero
1743 3096 1972 3187 privato

316 3187 372 3274 et
407 3185 650 3254 speciali
692 3188 826 3246 odio
871 3196 1144 3266 persequi
1195 3204 1382 3271 parat,
1416 3201 1521 3258 hoc
1565 3202 1619 3258 in
1673 3185 1970 3274 querelam

317 3269 626 3363 d‘evocans,
664 3279 818 3349 quod
852 3297 962 3337 non
998 3283 1074 3338 ita
1110 3302 1215 3358 pro
1245 3303 1310 3344 se
1343 3289 1498 3347 sicut
1540 3307 1644 3363 pro
1691 3259 1973 3354 Constan-
2006 3259 2055 3322 Ο

317 3359 438 3418 tino
469 3365 832 3452 excubarent
881 3373 1271 3434 orationibus.
1309 3379 1485 3450 Cujus
1536 3359 1776 3452 ﬁagitiis
1827 3386 1972 3442 Con-

313 3451 608 3544 stantinus
647 3456 876 3544 obviam
932 3461 1018 3519 ire
1079 3473 1266 3536 parat,
1319 3451 1673 3542 dcvictoque
1725 3473 1966 3544 Licinio,

313 3538 474 3596 solus
505 3543 808 3634 eumﬁliis
839 3549 961 3606 suis
991 3550 1218 3623 imperii
1263 3538 1654 3614 monarchiam
1688 3538 1965 3634 obtinuit,

312 3639 460 3722 anno
492 3631 654 3722 regni
688 3633 777 3690 sui
815 3639 880 3692 14
910 3636 1012 3705 (Η.
1036 3643 1140 3712 m.)
1176 3641 1336 3699 Unde
1368 3658 1472 3714 per
1504 3645 1877 3704 insolentiam
1909 3631 1970 3707 et

311 3717 457 3785 ipse,
495 3720 554 3771 ut
587 3717 768 3809 aiunt,
802 3729 1064 3784 mutatus
1103 3735 1163 3784 et
1207 3731 1508 3788 crudelior
1553 3735 1817 3806 effectus,
1851 3753 1970 3809 pri-

313 3815 466 3899 mum
487 3807 731 3899 ‘sororis
761 3824 882 3868 suie
915 3813 1115 3887 ﬁlium,
1149 3819 1400 3888 egregiae
1433 3820 1646 3879 indolis
1671 3807 1964 3898 juvenem,

319 3893 642 3966 interfecit,
677 3911 812 3954 mox
841 3901 1128 3976 Crispum,
1157 3906 1336 3965 ﬁlium
1369 3923 1536 3966 suum
1567 3926 1639 3968 ex
1669 3893 1964 3986 Minervia,

313 3988 692 4076 suggerente,
724 3991 791 4076 ut
823 3988 1046 4062 dicunt,
1080 3994 1286 4052 Fausta
1333 3999 1580 4070 conjuge
1611 4016 1736 4072 sua,
1771 4005 1966 4060 necari

304 4068 530 4138 jussit;
564 4071 774 4132 deinde
806 4077 989 4150 ipsam
1023 4083 1290 4141 Faustam
1309 4085 1378 4119 ⁸⁸⁸
1400 4068 1454 4143 in
1489 4068 1730 4148 balneas
1761 4092 1968 4150 arden-

314 4161 406 4214 tes
437 4160 760 4232 conjectam
793 4167 1112 4244 interemit,
1138 4189 1269 4232 cum
1302 4189 1433 4232 eum
1468 4177 1672 4236 dolore
1704 4181 1966 4238 nimiom

314 4251 501 4344 mater
530 4251 746 4344 Helena
777 4271 881 4326 pro
913 4273 1054 4318 nece
1094 4264 1326 4335 nepotis
1373 4265 1723 4340 increparet,
1763 4277 1963 4342 postea

314 4343 652 4433 innumeros
683 4343 980 4406 interfecit
1013 4351 1248 4409 amicos.
1285 4356 1354 4410 Et
1387 4355 1534 4429 (221)
1568 4373 1697 4415 cum
1733 4359 1790 4415 in
1821 4361 1966 4418 mul-

313 4425 1083 4522 tisﬁagitiis‘grassaretur,
1114 4457 1245 4498 cum
1293 4425 1596 4502 tamenin
1647 4461 1716 4503 eo
1765 4448 1963 4507 multa;

312 4519 564 4572 virtutes
591 4519 767 4578 animi
799 4523 1178 4600 haberentur,
1215 4531 1498 4592 divinitus
1527 4535 1688 4606 lepra
1730 4551 1964 4609 percus-

2090 1965 2308 2022 cliario.

2164 2054 2362 2124 (Onos.
2398 2071 2496 2126 vn,
2529 2057 2646 2128 28.)
2681 2055 2948 2126 Ejusdem
3001 2056 3283 2130 principis
3328 2061 3587 2127 tempore
3632 2057 3734 2111 Ar-

2092 2141 2235 2213 rius,
2265 2142 2632 2199 Alexandriae
2659 2143 2951 2214 presbiter
2967 2142 3265 2214 :eeclesiie,
3284 2157 3312 2199 a
3333 2142 3578 2199 veritate
3602 2141 3728 2198 ﬁdei

2091 2231 2400 2289 catholica:
2433 2231 2691 2301 devians,
2725 2231 3027 2289 exitiabile
3074 2231 3341 2304 plurimis
3372 2231 3573 2301 dogma
3601 2246 3734 2287 con-

2093 2319 2312 2392 stituit,
2370 2319 2471 2378 sed
2529 2336 2661 2376 mox
2716 2321 2788 2376 ab
2847 2320 3196 2392 Alexandro,
3253 2320 3511 2397 ejusdem
3573 2319 3733 2377 urbis

2091 2410 2394 2482 episcopo,
2413 2425 2485 2466 ex
2509 2410 2653 2467 urbe
2678 2409 2884 2482 pulsus
2900 2413 3010 2466 est.
3028 2409 3283 2482 Cumque
3296 2409 3732 2480 homines,quos

2093 2499 2148 2554 in
2163 2513 2426 2556 errorem
2443 2499 2777 2569 induxerat,
2791 2499 2968 2555 etiam
2990 2498 3048 2554 in
3073 2497 3414 2556 seditionem
3427 2498 3728 2568 excitaret,

2090 2587 2244 2658 apud
2277 2587 2508 2644 Niceam
2539 2588 2740 2644 urbem
2771 2585 3034 2644 Bithiniae
3055 2593 3375 2644 conventus
3393 2589 3495 2643 318
3514 2585 3732 2657 cpisco-

2092 2691 2294 2748 porum
2360 2678 2550 2733 factus
2591 2680 2684 2733 est
2729 2675 2839 2732 sub
2891 2675 3172 2733 Silvestre
3221 2690 3386 2748 papa,
3437 2690 3538 2748 pcr
3587 2690 3732 2746 quos

2089 2766 2398 2822 Arrianum
2451 2765 2656 2835 dogma
2722 2763 3024 2820 exitiabile
3075 2765 3367 2837 proditum
3413 2763 3597 2836 palam
3637 2767 3730 2820 est

2088 2853 2444 2910 damnatum.
2478 2853 2634 2923 (Eus.
2667 2855 2745 2910 H.
2779 2866 2826 2910 θ.
2863 2868 2937 2923 ix,
2967 2856 3078 2926 11.)
3106 2855 3417 2924 Postquam
3449 2867 3582 2908 vero
3615 2865 3726 2908 ma-

2086 2945 2180 2998 ter
2207 2941 2578 3014 imperatoris
2609 2939 2821 2998 llelena
2853 2955 2923 2998 ex
2955 2940 3062 2998 hac
3092 2941 3220 2998 luce
3259 2939 3550 3007 discessit,
3585 2941 3726 2996 Con-

2086 3030 2530 3101 stantia,Licinii
2553 3035 2695 3087 tunc
2715 3029 3017 3099 derelicta,
3037 3029 3234 3087 fratris
3252 3029 3484 3100 augusti
3503 3028 3726 3085 solatiis

2087 3121 2382 3177 utebatur.
2417 3119 2563 3176 Huic
2593 3118 2648 3174 in
2681 3118 2952 3175 noticiam
2977 3118 3134 3177 venit
3157 3119 3453 3192 presbiter
3473 3117 3722 3190 quidam,

2084 3207 2341 3265 latenter
2381 3209 2648 3280 partibus
2701 3208 2854 3264 Arrii
2897 3207 3139 3264 favens:
3175 3206 3270 3279 qui
3323 3207 3504 3280 primo
3554 3205 3725 3262 nichil

2085 3297 2289 3354 horum
2322 3296 2475 3369 apud
2507 3311 2633 3354 eam
2665 3297 2806 3368 egit,
2838 3297 2942 3354 sed
2989 3297 3085 3354 ubi
3138 3296 3315 3353 multa
3367 3295 3726 3352 familiaritas

2082 3385 2306 3458 copiam
2341 3385 2523 3456 dedit,
2555 3386 2840 3458 paulatim
2869 3385 3049 3458 cmpit
3100 3385 3330 3442 Arrium
3361 3385 3413 3442 ei
3445 3399 3726 3441 commen-

2081 3475 2242 3547 dare,
2275 3475 2462 3532 donec
2502 3475 2752 3532 animum
2803 3475 3159 3532 Constantiae
3191 3489 3357 3532 suum
3404 3473 3552 3530 fecit.
3590 3472 3724 3539 Qua:

2081 3580 2211 3622 cum
2243 3565 2523 3622 moritura
2554 3564 2899 3622 visitaretur
2950 3578 2981 3620 a
3031 3565 3232 3635 fratre,
3264 3566 3578 3620 extremam
3628 3575 3724 3634 po-

2081 3653 2272 3726 poscit
2304 3654 2377 3710 ab
2408 3668 2477 3710 eo
2505 3653 2776 3724 gratiam,
2827 3658 2887 3710 ut
2939 3653 3188 3710 eundem
3234 3650 3619 3725 presbiterum
3667 3649 3720 3706 in

2081 3742 2535 3800 familiaritatem
2561 3741 2848 3815 reciperet
2873 3745 2930 3798 et
2947 3756 3075 3814 quae
3088 3741 3199 3799 sibi
3215 3756 3320 3814 pro
3333 3741 3521 3798 salute
3535 3738 3720 3796 suaab

2079 3847 2148 3888 eo
2180 3835 2573 3902 suggerantur
2601 3831 2669 3865 ⁸⁷⁸
2711 3831 2982 3898 audiret;
3037 3845 3102 3887 se
3149 3829 3298 3887 enim
3345 3829 3574 3886 dicebat
3619 3843 3720 3900 pro

2079 3921 2270 3978 salute
2294 3919 2456 3977 illius
2477 3933 2611 3976 esse
2633 3919 2966 3976 sollicitam.
2989 3919 3164 3992 Cujus
3185 3919 3383 3976 verbis
3404 3918 3580 3974 frater
3601 3930 3720 3972 ere-

2080 4009 2488 4080 dulus,aurcm
2514 4009 2846 4080 presbitero
2871 4006 3536 4078 accommodat,ejusque
3549 4019 3717 4063 suasu

2078 4098 2310 4155 Arrium
2342 4098 2414 4154 de
2445 4097 2622 4154 exilio
2659 4097 2828 4168 jubet
2877 4095 3163 4168 revocari,
3199 4103 3262 4154 ut
3308 4095 3443 4168 quid
3491 4096 3560 4152 de
3607 4094 3716 4151 ﬁde

2078 4187 2326 4244 sentiret
2351 4192 2692 4258 exponeret.
2709 4187 2966 4254 Quicum
2989 4187 3062 4244 de
3086 4185 3197 4244 ﬁde
3219 4185 3524 4253 scriberet,
3553 4183 3718 4240 mira-

2075 4281 2173 4334 tus
2233 4276 2572 4348 imperator,
2632 4291 2835 4334 rursus
2892 4291 3021 4333 eum
3077 4275 3146 4333 ad
3202 4273 3430 4332 concilii
3480 4287 3714 4330 examen

2076 4365 2322 4436 remisit,
2359 4380 2572 4436 rogans
2624 4370 2708 4437 ut,
2742 4366 2788 4422 si
2843 4367 2984 4424 ﬁdes
3032 4367 3160 4438 ejus
3205 4366 3572 4438 probaretur,
3604 4361 3716 4419 cle-

2077 4453 2254 4511 menti
2285 4467 2422 4523 erga
2455 4468 2586 4510 eum
2613 4453 2834 4524 judicio
2884 4458 3210 4524 uterentur,
3243 4454 3290 4511 si
3339 4457 3528 4510 tamen
3572 4451 3716 4522 cpis-

2073 4543 2203 4616 copi
2220 4543 2348 4613 ejus
2364 4541 2674 4599 Alexandri
2698 4558 2974 4601 assensus
2988 4543 3717 4601 accommodaretur.Cum-

313 4615 434 4703 εξιξ,
465 4615 851 4703 POI'San_ctuin
878 4615 1221 4678 Silvestrum
1244 4635 1471 4693 papam,
1492 4639 1598 4680 una
1619 4637 1750 4681 cum
1776 4632 1960 4684 matre
1992 4621 2044 4682 D
2074 4615 2186 4703 quc
2241 4630 2650 4688 Alexandriam
2709 4631 2954 4700 veniret,
2995 4646 3164 4690 omne
3218 4630 3373 4689 illius
3426 4630 3712 4702 inceptum

310 4689 560 4764 aliisque
584 4699 784 4756 multis
807 4704 878 4759 ad
906 4705 1072 4764 fidem
1089 4689 1510 4769 conversuscst
1527 4717 1584 4769 et
1599 4713 1960 4784 baptizatus;

313 4793 766 4875 moxqueomne
797 4793 1054 4852 studium
1089 4798 1159 4853 ad
1192 4798 1474 4857 aecclesiaa
1509 4801 1810 4859 transtulit
1831 4819 1962 4875 pro-

314 4867 548 4966 fectum,
569 4873 848 4966 legesque
868 4880 938 4916 ⁶⁷⁰
960 4888 1230 4942 statuens
1252 4887 1626 4961 Christianas,
1649 4891 1784 4948 fecit
1812 4867 1962 4950 basi-

311 4954 456 5015 licas
485 4962 720 5023 multas.
747 4969 906 5026 Fecit
937 4976 998 5027 et
1022 4975 1223 5030 urbem
1248 4976 1496 5036 nominis
1517 4954 1962 5039 sui'Constanti-

307 5049 584 5122 nopolim,
637 5070 766 5126 qua:
817 5059 983 5131 prius
1033 5062 1356 5123 Bizantium
1411 5066 1738 5142 dicebatur,
1787 5085 1959 5143 quam

2074 4722 2418 4778 frustratum
2449 4724 2560 4778 est.

2142 4810 2369 4866 Interea
2389 4809 2524 4865 dum
2551 4809 2672 4866 haec
2697 4808 3064 4866 Alexandria:
3089 4809 3450 4880 agitarentur
3471 4807 3556 4876 ⁸⁷⁵,
3575 4809 3714 4864 Con-

2073 4897 2383 4968 stantinus,
2411 4913 2472 4954 re
2508 4897 2739 4970 publica
2773 4899 2919 4954 bene
2942 4897 3230 4968 ordinata,
3257 4913 3388 4954 cum
3413 4901 3534 4952 tres
3563 4895 3716 4952 ﬁlios

2069 5001 2230 5056 suos,
2266 4985 2706 5042 Constantinum
2738 4989 2799 5042 et
2833 4987 3210 5042 Constantem
3246 4999 3313 5042 ac
3341 4983 3410 5018 ⁸⁷⁸
3442 4985 3715 5040 Constan-

2070 5073 2318 5146 tium,et
2336 5073 2516 5132 filium
2547 5073 2747 5131 fratris
2779 5073 2866 5132 sui
2897 5073 3242 5133 Dalmatium
3275 5087 3527 5132 caisares
3549 5073 3717 5130 fecis-

1661 5213 1751 5270 VA
1761 5213 1900 5270 RUE
1939 5214 2238 5274 LECTION
2244 5216 2345 5272 ES.

372 5323 650 5414 “:qvirgis
678 5327 784 5414 τ
847 5325 922 5414 f‘l
960 5328 1076 5414 ita.
1103 5329 1206 5386 Et.
1259 5330 1744 5414 .luminibusullh
1772 5337 2102 5414 ἄρσει-ηπ,
2139 5339 2210 5373 ⁸⁸³
2240 5317 2616 5414 ᾀίσεμρροξθθθ
2645 5355 2774 5397 eum
2809 5355 2888 5396 in.
2927 5342 2988 5398 h.
3030 5357 3092 5398 n.
3130 5340 3332 5414 dolore
3363 5345 3423 5396 5.
3459 5339 3719 5414 "Meges

301 5399 386 5451 9ο.
425 5393 493 5428 ⁸⁷¹
523 5393 620 5454 cli.
661 5412 872 5470 passus
903 5403 996 5457 est
1023 5405 1083 5458 et
1110 5403 1430 5462 cruciﬁxus
1457 5410 1550 5462 est
1581 5410 1638 5462 δ.
1676 5407 1745 5441 ⁸⁷³
1773 5393 1960 5466 ὁῐιῖὲί

1995 5410 2125 5480 quis
2155 5414 2214 5466 5.
2248 5410 2318 5444 ⁸⁷³
2357 5411 2449 5468 ita
2497 5411 2602 5467 Et.
2639 5417 3024 5469 veneraretur
3069 5416 3127 5470 4.
3185 5409 3416 5468 videret
3460 5409 3710 5470 rell."'“

304 5472 878 5556 suggerentunr‘corr‘.
916 5478 1378 5556 suggererentur
1409 5477 1476 5533 El
1498 5517 1512 5532 .
1545 5477 1671 5535 Sed
1698 5478 1875 5550 illud,
1905 5472 2066 5552 quo}!
2096 5481 2327 5554 reliqui
2353 5481 2520 5541 codd.
2562 5481 2824 5554 tuentur,
2863 5485 3020 5542 ΕΜ.
3061 5483 3312 5556 scripsit
3345 5482 3601 5542 videtur.
3645 5484 3712 5518 ⁸⁷⁸

1895 5619 2116 5678 NOTAE.

304 5486 692 5536 suggerenth
720 5486 878 5528 corr.
917 5486 1027 5543 sug
1068 5487 1184 5530 ere:

303 5542 619 5606 agerentur
649 5540 718 5597 Et
737 5582 752 5597 .
792 5541 862 5576 ⁸⁷⁸
892 5486 1067 5601 dces?
1089 5545 1184 5601 Et.

269 5694 284 5704 ’
377 5698 524 5771 (221)
555 5699 763 5759 Nescio
794 5702 890 5774 qui
919 5703 1042 5762 haec
1073 5705 1416 5764 Ekkehardo
1448 5707 1788 5780 priebuerit.
