3946 6414
337 382 450 450 70⁸7

1509 375 1993 444 EKKEHARDI
2036 376 2598 446 URAUGIENSIS

3639 391 3754 456 708

335 526 399 579 to
428 521 523 577 ⁸⁸⁸.
565 522 741 593 Cujus
768 526 977 590 morte,
1004 520 1225 591 audita,
1287 518 1599 575 Decentius
1656 516 1864 588 laqueo
1908 517 1985 572 fa-
2015 517 2070 577 A
2103 532 2320 589 scopus
2343 521 2399 573 et
2419 518 2712 576 Dionisius
2733 517 3187 579 Mediolanensis
3208 527 3269 578 et
3291 519 3521 581 Lucifer
3542 527 3753 583 Carali-

337 612 455 668 scia
472 612 797 683 composito
812 611 989 668 vitam
1006 610 1218 666 finivit.
1245 612 1388 665 Acta
1414 608 1688 665 sunthaec
1704 621 1852 663 anno
1885 606 1987 661 im-

343 702 488 773 perii
504 701 830 757 Constantii
872 705 1056 756 sexto.
1088 701 1167 755 Eo
1192 703 1454 770 tempore
1470 699 1727 753 Romano
1744 695 1988 766 imperio

342 790 758 846 Constantinus
784 789 1236 860 solusprinceps
1250 792 1307 843 et
1326 790 1616 857 angustus
1636 785 1872 857 prefuit,
1899 783 1989 840 vir

341 878 592 949 egregim
608 877 1323 949 tranquillitatis,nimium
1341 874 1725 931 familiaribus
1742 873 1989 929 credens

340 974 397 1025 et
431 967 634 1026 amicis
666 984 679 1033 ;
714 982 959 1025 uxorum
985 965 1419 1023 amorideditus
1447 967 1599 1027 erat,
1632 964 1990 1034 quibuseon-

338 1062 559 1128 tentus,
595 1055 1115 1113 nullatransversa
1149 1054 1393 1111 libidine
1416 1056 1513 1110 aut
1540 1053 1753 1123 injusta
1794 1066 1855 1109 se
1871 1049 1993 1122 pol-

340 1147 567 1203 luebat.
611 1148 692 1202 Ex
716 1146 986 1203 omnibus
1014 1150 1209 1201 tamen
1234 1144 1535 1213 uxoribus,
1598 1156 1743 1213 quas
1794 1141 1993 1213 plures

341 1236 617 1306 habebat,
650 1235 960 1292 Eusebiam
995 1235 1274 1307 preeipue
1294 1233 1607 1303 diligebat;
1632 1230 1990 1301 cujusctiam

338 1339 517 1381 suasu
537 1324 855 1395 Julianum,
891 1324 1129 1379 fratrem
1165 1322 1332 1393 Galli,
1378 1336 1655 1378 eaasarem
1689 1318 1991 1390 faciens,in

339 1415 698 1471 consortium
734 1404 1272 1483 regniassumebat.
1298 1413 1542 1481 (Cf.Rur
1562 1410 1730 1467 Hist.
1765 1410 1901 1466 θεοί.
1933 1425 1989 1479 x,

344 1506 468 1574 15.)
498 1505 637 1558 Post
658 1502 802 1573 haec,
831 1502 1072 1572 antiquo
1108 1501 1272 1558 hoste
1307 1500 1434 1572 paci
1459 1499 1743 1557 {ecclesiae
1759 1513 1996 1570 semper

342 1592 661 1662 invidente,
724 1591 929 1649 Arrius
985 1590 1193 1661 suique
1252 1604 1534 1660 sequaces
1582 1586 1996 1644 familiaritatis

344 1682 533 1738 locum
564 1679 721 1752 apud
753 1680 1162 1735 Constantium
1193 1682 1566 1750 acceperunt,
1616 1677 1711 1748 qui
1754 1691 1886 1733 eum
1939 1675 1995 1731 in

345 1768 569 1825 erroris
626 1768 718 1823 sui
774 1767 1135 1824 consortium
1221 1767 1683 1823 declinaverunt.
1757 1766 1994 1836 (BEDA.)

350 1857 509 1913 Unde
541 1856 810 1927 impietas
836 1856 1102 1926 Arriana,
1139 1854 1460 1912 Constantii
1516 1854 1656 1911 fulta
1717 1854 1993 1926 presidio,
2025 1879 2082 1941 B

362 1945 558 2003 exiliis
591 1945 931 2002 carceribus
944 1948 999 2000 et
1014 1945 1193 2001 variis
1205 1944 1579 2001 aﬂlictionum
1613 1943 1797 1999 modis
1812 1943 1998 2014 primo

348 2033 1198 2104 Athanasium,deindeomnes
1231 2048 1343 2090 non
1387 2048 1508 2090 suae
1542 2033 1730 2105 partis
1774 2032 2001 2103 episco-

348 2139 459 2196 pos
489 2127 799 2195 persecuta
832 2128 950 2178 est.
992 2122 1099 2192 (Η.
1134 2122 1633 2195 m.)Constantius
1693 2136 1829 2178 vero
1853 2122 2004 2177 inter

352 2212 477 2269 haec
510 2211 725 2269 bellum
750 2211 1485 2283 Parthispreparans,cum
1546 2210 1810 2267 audisset
1829 2209 2006 2267 Julia-

352 2316 487 2357 num
519 2301 590 2356 ad
651 2300 958 2371 imperium
1010 2300 1253 2369 inhiare,
1305 2300 1576 2357 Parthica
1627 2299 2003 2370 expeditione

355 2389 583 2459 relicta,
613 2388 815 2459 rediit,
842 2392 901 2443 et
934 2388 1086 2445 inter
1118 2388 1377 2445 Ciliciam
1407 2394 1465 2445 et
1524 2388 1905 2460 Capadociam
1931 2389 2007 2444 fe-

358 2478 445 2534 bri
477 2478 783 2548 acerrima,
816 2477 1329 2548 quamindignatio
1360 2479 1635 2549 augebat,
1670 2478 2005 2547 obiit,anno

359 2568 557 2624 {etatis
589 2570 704 2638 45°,
740 2566 966 2638 imperii
989 2570 1113 2622 23°.

425 2661 473 2712 1.
507 2656 719 2727 (HIER.)
754 2656 948 2712 Primo
981 2655 1307 2713 Constantii
1340 2671 1491 2712 anno
1512 2656 1766 2713 Iacobus
1800 2654 2007 2711 Nisibi-

357 2760 465 2802 nus
496 2744 810 2815 episcopus
830 2744 1193 2814 agnoscitur,
1220 2746 1389 2815 cujus
1413 2745 1687 2816 precibus
1706 2760 1842 2815 sepe
1868 2746 2006 2801 urbs

360 2832 702 2889 discrimine
734 2831 981 2887 liberata
1011 2837 1118 2887 est.

424 2926 475 2976 3.
505 2920 673 2990 (ΟΙιν.
708 2920 815 2989 W.)
839 2923 901 2976 A.
928 2922 989 2975 D.
1012 2924 1141 2977 343.
1177 2921 1770 2978 Constantinusfratri
1793 2920 2007 2978 bellum

362 3009 641 3079 inferens,
674 3008 962 3065 occiditur
988 3008 1150 3077 juxta
1187 3009 1537 3080 Aquileiam.

428 3102 486 3155 5.
534 3100 606 3154 A.
648 3098 718 3152 Ι).
758 3100 880 3152 345.
912 3097 1254 3154 Maximinus
1283 3100 1665 3155 Treverorum
1701 3098 2012 3169 episcopus

353 3186 552 3243 clarus
584 3187 871 3251 habetur;
902 3202 931 3241 a
966 3201 1079 3256 quo
1112 3185 1468 3243 Athanasius
1496 3186 1861 3243 Alexandriae
1894 3187 2012 3259 epi-

359 3290 597 3348 scopus,
631 3290 661 3331 a
687 3276 1002 3332 Constante
1024 3275 1323 3347 profugus,
1350 3276 1670 3333 honorifice
1696 3279 2011 3348 susceptus
2044 3242 2092 3302 Ο

355 3368 466 3420 est.

390 3379 484 3511 8:).
517 3455 588 3509 A.
610 3454 681 3508 D.
712 3456 842 3508 349.
865 3452 1223 3510 Athanasius
1246 3453 1564 3525 episcopus
1578 3453 1648 3511 ad
1675 3453 2013 3511 Constantis

357 3542 594 3599 litteras
625 3556 937 3612 regressus
964 3546 1057 3597 est
1089 3541 1527 3599 Alexandriam.

430 3651 524 3705 13.
558 3650 629 3704 A.
660 3649 731 3702 D.
763 3651 892 3703 353.
925 3650 1208 3705 Constans
1238 3647 1375 3704 haut
1411 3647 1583 3719 longe
1617 3649 1687 3705 ab
1722 3649 2011 3722 Hyspania

362 3737 738 3807 interﬁcitur,
771 3752 920 3794 anno
949 3737 1147 3794 aetatis
1178 3741 1301 3794 30°.

438 3849 529 3903 14.
557 3845 771 3916 (Hum)
788 3846 833 3900 A
847 3886 860 3900 .
881 3846 951 3901 D.
970 3846 1102 3901 354.
1126 3844 1342 3917 Gallus,
1361 3845 1683 3903 Constantii
1702 3846 2009 3919 patruelis,

358 3948 544 3991 caesar
582 3934 771 3990 factus
803 3938 917 3990 est.

436 4044 526 4097 15.
551 4043 622 4097 A.
646 4041 716 4095 D.
741 4044 869 4096 355.
902 4039 1166 4097 Liberius
1192 4055 1336 4113 papa
1360 4044 1488 4096 37us
1514 4041 1845 4100 ordinatur.
1886 4044 2011 4109 Quo

362 4130 433 4188 ab
466 4130 745 4187 hereticis
776 4130 851 4187 ob
900 4130 1070 4186 fidem
1104 4130 1161 4186 in
1218 4129 1457 4189 exilium
1508 4136 1694 4203 truso,
1731 4133 2011 4190 diaconus

356 4220 485 4293 ejus
500 4220 661 4276 Felix
673 4223 799 4276 38us
818 4220 875 4275 in
891 4218 1291 4277 sacerdotium
1306 4220 1711 4279 substituitur.
1730 4221 1837 4288 Qui
1861 4222 2009 4295 (222)

357 4323 489 4367 eum
517 4307 926 4366 Constantium
954 4307 1291 4365 devinceret
1314 4324 1444 4367 esse
1465 4310 1811 4382 hereticum,
1837 4311 1910 4368 ab
1941 4325 2009 4367 eo

356 4402 489 4471 post
511 4412 721 4455 annum
741 4397 1005 4468 dejeetus
1025 4402 1138 4469 est,
1153 4401 1210 4456 et
1230 4402 1293 4456 ut
1318 4398 1549 4471 quidam
1576 4399 1767 4472 (BEDE
1786 4399 2010 4473 Mart.)

361 4487 582 4559 dicunt,
618 4487 811 4561 capite
840 4490 1155 4545 truncatus
1187 4492 1302 4559 est,
1333 4490 1365 4544 4
1396 4487 1525 4544 Kal.
1566 4492 1717 4559 Aug.
1749 4488 2014 4547 Liberius

2104 611 2278 663 tanus
2308 607 2651 663 exiliantur.

2177 699 2266 751 19.
2311 698 2381 751 A.
2422 698 2491 752 D.
2533 701 2662 753 359.
2720 699 3006 756 Antonius
3039 701 3218 760 abbas
3277 703 3549 774 migravit
3603 721 3747 763 anno

2101 785 2296 840 mtatis
2330 791 2481 841 105°.

2176 878 2271 929 20.
2309 874 2484 943 (0hr.
2535 875 2654 947 W.)
2695 878 2768 931 A.
2798 879 2868 933 D.
2898 881 3026 934 360.
3060 879 3207 937 Ossa
3233 880 3476 939 Andrem
3503 884 3750 955 apostoli

2102 967 2158 1018 et
2182 963 2348 1020 Lucae
2369 964 2749 1034 evangelista:
2772 970 2829 1021 et
2851 966 3170 1025 Thimothei
3191 971 3749 1045 Constantinopolim

2102 1052 2279 1107 allata
2310 1056 2473 1109 sunt.

2173 1146 2267 1198 21.
2292 1142 2517 1215 (HIER.)
2544 1145 2613 1199 A.
2645 1145 2715 1198 Ι).
2755 1148 2883 1200 361.
2920 1146 3195 1204 Paulinus
3222 1149 3600 1207 Treverorum
3630 1151 3749 1223 epi-

2104 1245 2319 1301 scopus
2352 1231 2404 1285 in
2429 1231 2604 1287 exilio
2638 1233 2803 1289 obiit.
2840 1233 3110 1304 llylarius
3134 1236 3751 1311 Pietaviensisepiseo-

2108 1335 2213 1391 pus
2242 1320 2623 1377 Arrianorum
2673 1321 2957 1379 instinctu
2989 1338 3018 1380 a
3051 1326 3386 1383 Constantio
3417 1328 3472 1383 in
3506 1327 3746 1398 Frigiam

2109 1408 2391 1466 exiliatus
2407 1424 2537 1465 cum
2560 1410 3244 1471 DionisioMediolanensi
3268 1417 3326 1471 et
3351 1416 3595 1474 Eusebio
3614 1417 3750 1473 Ver-

2106 1496 2370 1567 cellensi,
2412 1503 2623 1569 quarto
2679 1499 2839 1556 exilii
2872 1515 3044 1574 anno,
3078 1517 3208 1559 cum
3267 1503 3477 1562 librum
3509 1506 3580 1562 de
3636 1506 3747 1562 ﬁde

2109 1587 2449 1644 Constantio
2480 1589 2865 1661 perrexisset,
2892 1591 3083 1648 redire
3116 1593 3435 1664 permissus
3463 1598 3570 1652 est.

2177 1680 2272 1732 23.
2311 1679 2382 1732 A.
2440 1680 2569 1734 363.
2639 1680 3016 1738 Constantius
3072 1682 3337 1755 moritur,
3388 1697 3533 1743 anno
3560 1685 3750 1743 etatis

2110 1780 2230 1821 sua)
2262 1768 2376 1821 450.

2117 1855 2257 1909 Anni
2287 1854 2497 1911 Iuliani
2533 1861 2847 1927 apostataa.

2189 1944 2297 2011 (Η.
2326 1945 2623 2015 m.)Anno
2646 1944 2948 2001 dominicae
2986 1945 3403 2004 incarnationis
3432 1950 3554 2004 364.
3585 1949 3753 2006 Urbis

2117 2032 2369 2089 eonditaa
2393 2032 2837 2089 millesimo115.
2857 2034 3132 2092 Claudius
3153 2035 3535 2106 Julianusjam
3551 2051 3749 2105 caesar,

2118 2125 2244 2176 36‘13
2266 2123 2338 2177 ab
2362 2123 2647 2192 Augusto,
2698 2122 3002 2193 imperium
3045 2124 3295 2196 accepit,
3319 2130 3377 2180 et
3400 2139 3579 2181 annos
3609 2125 3754 2182 duos

2094 2212 2175 2265 et
2208 2215 2341 2266 octo
2374 2224 2601 2266 menses
2634 2211 2919 2280 regnavit.
2955 2213 3032 2267 De
3061 2213 3229 2283 cujus
3257 2227 3469 2282 genere
3492 2228 3559 2270 ac
3588 2214 3755 2270 disci-

2122 2298 2275 2370 plina
2301 2304 2357 2354 et
2384 2298 2677 2369 quomodo
2710 2300 3136 2371 apostataverit
3154 2302 3245 2358 vel
3298 2302 3549 2372 qualiter
3570 2302 3637 2359 ad
3673 2316 3755 2357 re-

2117 2403 2292 2459 gnum
2320 2388 2672 2458 pervenerit,
2701 2402 2883 2459 pauea
2907 2388 3153 2445 dicenda
3173 2394 3326 2447 sunt.
3345 2390 3755 2447 Constantinus

2121 2478 2380 2547 Magnus,
2408 2476 2505 2547 qui
2531 2476 3091 2549 Constantinopolim
3115 2478 3271 2549 fecit,
3297 2477 3445 2537 duos
3466 2494 3537 2535 ex
3557 2478 3754 2535 eodem

2122 2571 2288 2637 patre
2320 2564 2423 2621 sed
2456 2581 2568 2621 non
2623 2580 2695 2621 ex
2727 2565 2927 2621 eadem
2961 2570 3146 2623 matre
3177 2566 3377 2623 habuit
3432 2581 3753 2637 germanos,

2120 2654 2526 2711 Constantium
2543 2654 2611 2687 ⁸⁸⁸
2633 2660 2688 2710 et
2713 2654 3095 2721 Dalmatium;
3126 2670 3369 2726 quorum
3398 2655 3593 2712 senior
3621 2656 3757 2711 Con-

2119 2744 2375 2801 stantius
2407 2743 2556 2800 duos
2584 2743 2787 2800 habuit
2839 2748 3030 2813 natos,
3064 2743 3285 2801 Gallum
3342 2749 3402 2799 et
3430 2742 3754 2807 Iulianum;

2118 2832 2442 2889 Dalmatius
2471 2847 2611 2889 vero
2643 2833 3012 2903 Dalmatium,
3046 2847 3214 2904 quem
3245 2832 3677 2901 Constantinus,
3699 2838 3762 2888 ut

2121 2922 2449 2995 predietum
2469 2926 2582 2992 est,
2605 2921 2878 2978 heredem
2895 2922 3057 2991 regni
3073 2936 3201 2979 cum
3216 2921 3351 2979 flliis
3365 2921 3487 2979 suis
3505 2920 3755 2991 reliquit.

2122 3012 2299 3077 Quem
2331 3025 2460 3067 eum
2496 3014 2623 3081 post
2656 3015 2899 3067 mortem
2951 3010 3315 3066 Constantini
3345 3010 3561 3065 milites
3604 3022 3760 3081 pere-

2124 3100 2391 3165 missent,
2434 3097 2631 3155 Gallus
2663 3114 2894 3170 quoque
2944 3104 3003 3154 et
3051 3098 3117 3131 ⁶⁸⁷
3146 3098 3407 3155 Julianus
3438 3113 3580 3170 pene
3633 3111 3757 3153 cum

2125 3187 2409 3245 Dalmatio
2454 3188 2779 3258 periculum
2808 3188 3014 3244 mortis
3044 3187 3467 3257 sustinuerant,
3501 3186 3609 3243 nisi
3639 3185 3760 3241 Gal-

2126 3276 2243 3334 lum
2268 3276 2499 3347 quidem
2533 3276 2842 3346 mgritudo,
2876 3292 3002 3347 qua:
3048 3274 3403 3332 inevitabilis
3432 3275 3759 3346 putabatur,

2126 3366 2461 3436 liberasset,
2483 3365 2772 3423 Iulianum
2797 3380 2938 3422 vero
2960 3369 3104 3421 tetas
3124 3363 3433 3432 infantilis;
3467 3368 3591 3420 erat
3615 3363 3761 3419 enim

2126 3469 2410 3511 annorum
2442 3458 2604 3511 octo.
2654 3456 2910 3525 Cumque
2941 3454 3013 3509 ab
3043 3453 3130 3509 eis
3163 3453 3323 3509 furor
3353 3452 3758 3524 imperatorum

2128 3542 2465 3614 quievisset,
2528 3542 2728 3599 Gallus
2758 3543 2911 3599 circa
2946 3542 3233 3613 Ephesum
3290 3540 3444 3612 apud
3499 3540 3764 3596 doctores

2125 3635 2276 3703 erat,
2304 3631 2402 3688 ubi
2426 3632 2603 3688 etiam
2628 3646 2656 3688 a
2684 3631 3158 3703 progenitoribus
3179 3629 3585 3702 possessiones
3602 3628 3766 3685 habe-

2127 3720 2246 3777 bat.
2271 3722 2455 3777 Porro
2476 3719 2742 3777 Julianus
2763 3734 3039 3777 crescens
3071 3720 3128 3775 in
3159 3718 3463 3775 auditoriis
3497 3720 3765 3774 Constan-

2123 3810 2531 3882 tinopolitanae
2581 3810 2765 3880 urbis,
2833 3810 3222 3867 exercebatur
3265 3808 3322 3864 in
3383 3806 3641 3877 basilica,
3671 3804 3762 3863 ubi

2126 3898 2400 3956 doctores
2432 3904 2620 3971 erant,
2652 3898 2858 3955 habitu
2881 3899 3111 3971 privato
3132 3897 3477 3970 procedens,
3497 3894 3765 3952 habebat-

2127 4004 2239 4061 que
2272 3988 2653 4060 pazdagogum
2715 3988 3066 4059 eunuchum,
3111 3987 3339 4045 nomine
3395 3983 3759 4053 Mardonium,

2125 4083 2535 4151 preceptOrem
2586 4082 3028 4148 grammaticum
3057 4075 3427 4134 Nicomedem
3486 4073 3765 4130 Laconen-

2124 4184 2265 4239 sem,
2301 4167 2653 4224 rethoricam
2704 4181 2845 4224 vero
2878 4166 3107 4236 legebat
3139 4165 3293 4237 apud
3342 4162 3625 4222 Eubolum
3680 4176 3763 4218 so-

2125 4256 2397 4331 phistam,
2450 4255 2794 4325 magistrum
2822 4254 3018 4311 Basilii
3053 4259 3254 4328 postea
3285 4250 3573 4325 episcopi.
3636 4250 3760 4305 Erat

2125 4350 2319 4404 autem
2367 4344 2633 4403 Julianus
2664 4344 2736 4401 ab
2783 4344 2958 4402 inicio
3005 4343 3387 4401 Christianus.
3430 4342 3681 4411 Cumque
3710 4338 3760 4394 in

2126 4435 2375 4493 lectione
2409 4434 2744 4506 proficeret,
2778 4436 2836 4490 et
2869 4433 3014 4490 fama
3043 4448 3149 4505 per
3172 4430 3447 4505 pepulum
3475 4426 3759 4494 volitaret,

2127 4524 2282 4596 quod
2304 4524 2482 4580 etiam
2502 4522 2795 4595 publicam
2815 4536 2937 4580 rem
2959 4523 3288 4593 gubernare
3320 4522 3536 4592 posset,
3568 4520 3765 4573 aestua-

359 4593 503 4636 vero
520 4575 680 4634 exilii
706 4576 865 4634 tedio
886 4577 1102 4648 victus,
1125 4576 1321 4633 heresi
1347 4577 1719 4651 subscripsit,
1753 4578 2001 4636 Romam-

364 4681 465 4685 ____
1274 4664 1357 4685 ι-..
1440 4666 1559 4685 τη--
1634 4666 1710 4685 ττν
1861 4669 1901 4685 ς.
1954 4684 1957 4685 ν

2135 4575 2322 4671 ῖὶοῐιθε
2354 4575 2938 4685 induxitimperatori
2969 4611 3336 4670 Constantio.
3388 4606 3762 4675 Quamobrem

357 4681 471 4739 que
505 4665 669 4739 quasi
717 4665 910 4724 vietor
968 4666 1212 4726 intravit
1271 4664 1376 4738 (cf.
1435 4666 1584 4725 σΙιν.
1634 4666 1723 4726 W.
1761 4698 1831 4709 --
1861 4669 2005 4726 Rur.

363 4770 417 4828 x,
450 4756 607 4828 23.).

2128 4703 2493 4761 amoviteum
2525 4703 2671 4759 urbe
2713 4702 2873 4772 regia
2915 4700 3189 4772 misitque
3211 4696 3617 4767 Nicomediam,
3647 4707 3767 4766 pre—

2127 4793 2355 4866 cipiens
2384 4792 2458 4865 ei,
2492 4806 2565 4848 ne
2621 4791 2961 4849 conveniret
2992 4784 3288 4847 Libaniiim
3329 4786 3648 4860 sophistam
3677 4784 3767 4853 Sy-

433 4867 493 4921 δο
536 4861 713 4933 (0717'-
788 4861 878 4920 W-
1031 4863 1126 4954 DL
1144 4864 1273 4918 356-
1318 4861 1677 4954 _Vi‘_3t°“in_us
1730 4864 1933 4924 ΓοιῙΙοΡ
1959 4871 2017 4925 et
2130 4861 2281 4954 rum,
2335 4861 2502 4954 quasi
2552 4896 2656 4953 pro
2677 4896 2745 4938 eo
2770 4880 2925 4951 quod
2948 4893 3207 4953 paganus
3234 4880 3422 4943 esset;
3456 4873 3554 4933 ille
3587 4878 3764 4930 tamen

362 4954 625 5010 Donatus
654 4950 1074 5022 grammaticus
1094 4951 1290 5007 Romae
1315 4950 1578 5022 insignes
1599 4952 1907 5013 habentur.

435 5063 529 5116 17.
570 5061 644 5118 A.
683 5060 756 5118 D.
797 5062 928 5116 357.
963 5056 1232 5117 Julianus
1262 5072 1294 5116 a
1324 5059 1666 5119 Constantio
1696 5077 1883 5123 czesar
1905 5066 2022 5123 elﬁ-

359 5149 541 5207 citur.

430 5243 525 5297 18.
557 5238 784 5312 (illam)
807 5238 882 5296 A.
912 5237 983 5297 D.
1013 5238 1145 5298 358.
1167 5236 1460 5299 Eusebius
1479 5240 1869 5304 Vercellensis
1898 5248 2022 5322 epi-

2131 4973 2417 5031 librorum
2449 4971 2576 5041 ejus
2609 4970 2960 5027 lectionibus
2991 4969 3295 5025 utebatur.
3327 4967 3579 5035 Cumque
3610 4962 3768 5035 proti-

2130 5069 2293 5123 ceret
2323 5062 2380 5118 in
2422 5060 2739 5130 rethorica,
2770 5058 3118 5131 supervenit
3164 5054 3553 5113 Nicomediam
3609 5051 3769 5109 Maxi-

2126 5172 2256 5215 mus
2272 5151 2691 5227 phylosophus,
2709 5163 2822 5206 non
2845 5147 2943 5204 ille
2959 5147 3281 5215 Bizantius,
3308 5150 3473 5218 pater
3497 5141 3765 5211 Euclidis,

2132 5245 2236 5306 sed
2286 5241 2591 5315 Ephesius,
2654 5252 2825 5312 quem
2857 5242 3060 5312 postea
3093 5235 3258 5309 quasi
3312 5238 3472 5292 artes
3527 5229 3768 5304 magicas

1721 5370 1960 5430 VARIIE
2020 5370 2424 5433 LECTIONES.

428 5474 498 5515 ⁸⁸⁸
528 5475 631 5536 ιιιο
658 5477 764 5538 E1.

853 5475 924 5514 ⁸⁸⁸
957 5478 1359 5543 Constantium
1391 5514 1460 5527 —
1493 5489 1667 5543 natos
1697 5484 1914 5547 deszmt
1939 5488 2046 5547 E1.

2135 5486 2204 5523 ⁸⁸⁷
2235 5486 2397 5548 deest
2425 5487 2497 5545 E1
2516 5528 2531 5543 .

1950 5611 2174 5671 NOTIE.

452 5703 603 5777 (222)
632 5702 769 5763 Haec
796 5702 994 5762 nescio
1020 5704 1200 5765 unde.
