3946 6416
244 363 362 427 ’118

1114 360 1553 426 CHRONICA.
1591 396 1668 409 --
1699 358 2174 426 CHRONICON
2217 357 2772 423 UNIVERSALE.

1166 11 3834 37 v—W

3527 362 3643 428 714

239 510 372 557 nem
389 496 543 572 apud
562 496 778 555 milites
798 497 1201 556 Valentiniano
1222 494 1885 556 resistenti71°ohlatum
1917 499 1969 556 A
2001 493 2438 554 Valintinianus
2484 494 2770 554 Justinam
2811 493 3024 555 ducere
3064 502 3328 558 tractans
3375 514 3638 574 uxorem,

241 593 340 645 est
371 587 693 658 imperium.
729 588 988 654 Quicum
1012 588 1368 644 sthuliano
1397 591 1666 659 apostata
1699 590 1894 642 scuta-

243 677 467 732 riorum
510 676 780 732 tribunus
819 681 978 732 isset
1011 683 1069 732 et
1103 677 1385 747 integram
1423 676 1588 731 tidem
1625 675 1888 742 haberet,

244 771 306 820 et
336 763 600 836 Julianus
631 765 877 834 quadam
902 765 994 820 die
1019 765 1294 836 templum
1332 765 1594 821 Fortunae
1631 763 1892 832 ingrede-

243 859 436 922 retur,
469 852 719 908 ministri
757 852 973 923 templi,
1007 867 1079 907 ex
1111 858 1356 922 utraque
1393 859 1556 922 parte
1582 851 1890 920 januaruin

241 946 488 1010 stantes,
515 940 854 1011 aspersione
873 956 1058 1011 aquae,
1081 941 1228 997 sicu‘.
1255 941 1362 1011 ipsi
1386 941 1676 1009 dicebant,
1707 941 1893 1009 ingrc-

238 1029 479 1086 dientes
521 1031 871 1101 purgabant.
909 1031 1060 1085 Tunc
1097 1029 1536 1086 Valentinianus
1572 1029 1892 1098 precedeus

237 1118 678 1190 imperatorem,
731 1123 790 1174 ut
833 1117 1190 1189 aspersionis
1232 1123 1457 1186 guttam
1503 1132 1604 1174 sua
1650 1116 1792 1172 vidit
1836 1115 1890 1171 in

234 1207 514 1276 clainide,
552 1206 909 1277 indignatus,
946 1221 1134 1276 pugno
1176 1205 1472 1276 percussit
1504 1205 1699 1277 templi
1733 1204 1893 1260 mini-

238 1299 456 1364 strum,
501 1294 703 1352 dicens
747 1309 809 1350 se
852 1293 1129 1350 maculari
1174 1293 1370 1366 potius
1416 1309 1585 1364 quam
1634 1291 1888 1365 purgari.

234 1382 410 1450 Quod
461 1383 786 1454 respiciens
836 1381 1175 1466 imperator,
1222 1381 1400 1454 jussit
1445 1397 1575 1438 eum
1627 1380 1783 1438 trudi
1835 1380 1890 1436 in

231 1471 592 1541 custodiam,
615 1470 817 1528 dicens
843 1489 855 1524 :
879 1471 999 1528 Αιιι
1016 1471 1338 1541 sacriﬁcet,
1355 1471 1466 1527 aut
1482 1470 1711 1528 militia
1733 1481 1893 1527 exce-

231 1559 368 1616 dat.
393 1559 501 1626 Qui
527 1575 658 1616 mox
680 1565 888 1630 sponte
908 1559 1202 1616 discessit.
1225 1560 1340 1615 Nec
1363 1574 1544 1628 mora,
1563 1558 1791 1615 Iuliano
1811 1557 1890 1612 in-

234 1643 518 1714 t’erl‘ecto,
558 1648 918 1716 Jovianoque
961 1657 1212 1717 mortue,
1249 1648 1303 1704 in
1337 1647 1464 1704 loco
1497 1645 1889 1719 persecutoris

229 1735 336 1794 sui
373 1736 632 1808 suscepit
675 1735 996 1807 imperium.
1035 1739 1289 1807 Cumque
1326 1735 1888 1807 Constantinopolim

231 1824 630 1896 pervenisset,
659 1833 788 1895 post
809 1829 879 1881 30
901 1824 1027 1880 dies
1051 1824 1276 1896 imperii
1301 1824 1392 1881 sui
1417 1823 1656 1880 fratrem
1684 1822 1884 1878 Valen-

230 1915 361 1970 tem
394 1913 446 1969 in
479 1913 936 1972 communionem
979 1881 1144 1984 regni
1173 1913 1510 1984 assumpsit,
1544 1911 1800 1982 largiens
1829 1911 1882 1968 ei
1915 1881 1967 1944 Β

229 2004 443 2073 partes
461 2002 796 2073 orientales,
820 2002 930 2059 sibi
958 2005 1256 2058 retentans
1280 2000 1696 2058 occidentales.
1723 2001 1888 2056 Cum-

227 2103 356 2162 que
381 2091 496 2162 jam
531 2105 739 2146 annum
771 2091 1014 2148 tercium
1043 2106 1172 2147 eum
1198 2091 1379 2146 fratre
1411 2094 1630 2160 ageret,
1667 2087 1888 2143 Gratia-

225 2193 400 2248 num,
438 2178 615 2238 fllium
645 2195 811 2238 suum
847 2181 1089 2237 necdum
1118 2179 1282 2252 plene
1315 2180 1613 2250 puberem,
1648 2177 1886 2234 hortatu

228 2282 452 2326 socrus
481 2275 539 2325 et
571 2270 770 2326 uxoris
801 2284 921 2327 suae
955 2270 1183 2326 Serenaa
1204 2267 1272 2301 7“
1293 2273 1606 2338 augustum
1639 2268 1884 2324 creavit.

227 2357 456 2416 Habuit
485 2364 680 2415 autem
703 2362 760 2414 et
785 2357 859 2414 ali
888 2373 958 2414 im
993 2357 1168 2414 lilium
1204 2357 1506 2430 parvulum
1539 2355 1888 2412 Valentinia-

229 2461 378 2503 num
404 2445 474 2503 de
495 2447 606 2504 alia
635 2462 810 2504 uxore
831 2447 1081 2515 Iustina,
1109 2462 1300 2517 quam,
1330 2446 1558 2502 vivente
1588 2448 1797 2501 Severa
1820 2443 1887 2477 7“

229 2549 350 2590 nec
379 2540 564 2592 tamen
591 2535 838 2605 abjeeta,
875 2536 979 2592 hoc
1005 2535 1173 2591 modo
1196 2536 1431 2592 dUXi830
1462 2536 1764 2604 probatur.
1794 2535 1889 2590 Ju-

231 2627 397 2693 stus,
429 2623 674 2681 Justinze
701 2631 884 2694 pater,
917 2640 1045 2682 cum
1071 2629 1232 2681 esset
1259 2623 1447 2679 Piceni
1467 2621 1646 2692 judex
1669 2628 1889 2692 tempo-

230 2711 410 2768 ribus
457 2713 802 2782 Constantii,
858 2713 999 2768 vidit
1039 2728 1088 2767 in
1123 2712 1339 2768 somnis
1379 2711 1532 2781 quod
1569 2727 1638 2768 ex
1679 2712 1888 2766 dextro

231 2800 460 2856 femore
493 2801 845 2870 imperialem
883 2817 1193 2872 purpuram
1227 2801 1547 2870 genuisset.
1583 2800 1720 2866 Qum
1745 2799 1888 2856 visio

230 2903 372 2945 cum
405 2887 477 2945 ad
511 2890 833 2945 Constantii
877 2905 1047 2946 aures
1088 2889 1472 2960 perVenisset,
1520 2895 1785 2944 metuens
1819 2903 1888 2943 ne

228 2977 560 3048 imperator
577 2993 649 3034 ex
669 2993 738 3034 eo
761 2984 1123 3046 nasceretur,
1149 2979 1384 3034 mittens
1402 2977 1884 3034 occiditJustnm.

229 3066 420 3137 Cujus
439 3065 550 3122 ﬁlia
569 3067 794 3122 Iustina
821 3067 984 3137 virgo
1007 3081 1376 3137 permanens,
1401 3082 1530 3124 cum
1557 3066 1884 3138 perveniret

227 3155 309 3212 ad
343 3154 574 3211 Severze
605 3155 899 3224 noticiam,
946 3158 1250 3212 amabatur
1280 3159 1352 3212 ab
1384 3171 1470 3226 ea,
1505 3155 1582 3210 ita
1619 3161 1680 3212 ut
1711 3154 1886 3210 etiam

2003 601 2115 642 non
2141 591 2330 642 tamen
2355 587 2562 642 Severa
2587 585 2834 655 abjecta,
2869 587 3054 658 legem
3079 590 3388 660 proposuit
3411 592 3646 662 publice

2004 689 2106 746 per
2138 675 2427 744 civitates,
2453 679 2514 731 ut
2539 690 2740 730 omnes
2763 676 2858 746 qui
2891 675 3217 733 voluissent
3249 677 3480 749 impune
3515 680 3646 740 bina

2004 763 2368 818 matrimonia
2403 762 2804 834 susciperent;
2843 776 2970 819 nam
3012 763 3141 832 ideo
3175 765 3490 836 populosas
3526 768 3644 826 fore

2003 856 2210 921 gentes
2235 850 2486 919 dicebat,
2523 851 2654 920 quia
2683 851 2788 907 hoc
2813 851 2965 921 apud
2987 865 3087 909 eas
3108 851 3430 926 sollempne
3459 861 3640 914 esset.

2005 938 2122 1004 Qua
2151 939 2272 1008 lege
2297 939 2618 1009 proposita,
2649 938 2766 1010 ipse
2789 939 3068 996 Justinam
3095 940 3293 1008 duxit;
3321 957 3392 998 ex
3417 959 3524 1014 qua
3553 959 3646 1000 na-

2005 1033 2101 1082 tus
2122 1033 2214 1082 est
2237 1027 2287 1081 ei
2316 1027 2750 1084 Valentinianus
2767 1031 2823 1083 et
2847 1033 2965 1084 tres
2991 1027 3141 1098 ﬁliae,
3165 1031 3346 1099 iusta,
3371 1032 3564 1101 Grata,
3587 1040 3646 1088 et

2005 1114 2182 1170 Galla.
2238 1115 2490 1182 Quarum
2537 1117 2666 1172 duze
2698 1115 2752 1170 in
2787 1116 3122 1186 virginitate
3173 1127 3641 1191 permanserunt,

2003 1200 2220 1258 Gallam
2243 1217 2380 1259 vero
2397 1203 2754 1260 Theodosius
2777 1203 3139 1274 majorduxit
3161 1221 3420 1277 uxorem,
3442 1223 3511 1264 ex
3533 1223 3643 1280 qua

2001 1289 2278 1362 Placidia,
2316 1289 2430 1347 lilia
2472 1291 2619 1360 ejus,
2665 1291 2922 1350 noscitur
2953 1307 3085 1350 esse
3119 1296 3420 1366 progenita
3455 1296 3640 1367 (Jono.

2001 1380 2089 1436 De
2113 1393 2166 1435 γ.
2197 1394 2245 1437 s.
2283 1381 2360 1436 Η.
2394 1385 2518 1451 m.).
2565 1383 2704 1436 Nam
2745 1381 3098 1440 Archadium
3131 1388 3186 1438 et
3229 1385 3544 1442 Honorium
3573 1400 3644 1444 ex

2000 1467 2241 1524 Placilla
2267 1468 2445 1540 priori
2469 1469 2715 1540 conjuge
2745 1469 2966 1528 habuit.
3000 1471 3284 1528 Auxentio
3315 1473 3510 1545 itaque
3545 1478 3646 1532 Ar-

2004 1557 2164 1612 riano
2203 1555 2616 1613 Mediolanensi
2656 1557 2930 1630 episcopo
2962 1559 3261 1632 defuncto,
3305 1563 3644 1620 Ambrosius

2003 1644 2360 1716 presidatum
2395 1646 2558 1702 urbis
2589 1661 2789 1717 agens,
2826 1647 3070 1703 necdum
3106 1649 3458 1720 baptizatus,
3494 1666 3645 1709 com-

2001 1733 2156 1791 muni
2186 1733 2398 1791 civium
2433 1749 2724 1792 consensu
2756 1735 3070 1808 episcopus
3099 1736 3644 1808 eligitur,jubente-

2001 1837 2112 1892 que
2144 1821 2547 1880 Valentiniano
2581 1822 2936 1895 baptizatur,
2961 1831 3018 1880 et
3046 1829 3314 1897 tanquam
3346 1827 3558 1898 dignus
3587 1829 3644 1887 in

1996 1911 2394 1983 episeopatun
2412 1911 2738 1970 ordinatur.
2763 1913 2933 1971 Multa
2955 1913 3152 1986 itaque
3174 1915 3370 1987 praelia
3391 1916 3645 1976 Valenti-

1998 1999 2204 2058 nianus
2232 2016 2360 2059 cum
2387 2001 2636 2058 diversis
2667 2001 2942 2072 gentibus
2971 2003 3280 2071 commisit,
3315 2005 3466 2063 inter
3499 2022 3645 2078 quas

1995 2093 2054 2146 el.
2076 2089 2238 2146 Alani
2263 2081 2692 2146 rebellaverant
2713 2089 3084 2162 Romanis(G‘.
3113 2092 3326 2151 Frena.
3352 2110 3401 2151 c.
3429 2097 3648 2164 2)Con-

1997 2180 2085 2233 tra
2130 2191 2277 2248 quos
2317 2193 2446 2235 cum
2491 2177 2933 2237 Valentinianus
2972 2181 3288 2238 Romanum
3331 2183 3642 2243 direxisset

1997 2266 2342 2336 exercitum,
2378 2266 2611 2338 plurimi
2636 2283 2708 2323 ex
2735 2267 2822 2324 eis
2853 2269 3034 2324 occisi
3068 2273 3224 2336 sunt,
3263 2270 3471 2342 reliqui
3505 2287 3644 2330 vero

1999 2354 2278 2410 Meotidas
2323 2354 2564 2425 paludes
2597 2356 2981 2414 intraverunt.
3015 2359 3168 2415 Tunc
3202 2359 3643 2420 Valentinianus

1998 2441 2144 2498 dixit
2179 2443 2538 2500 exercitibus
2571 2445 2714 2514 suis,
2748 2446 2922 2515 quod,
2959 2445 3008 2502 si
3033 2447 3126 2517 qui
3151 2462 3224 2503 ex
3246 2448 3332 2505 eis
3363 2450 3644 2508 Meotidas

1999 2531 2242 2604 paludes
2273 2533 2558 2590 intrarent
2583 2539 2643 2590 et
2667 2533 2880 2590 Alanos
2909 2534 3042 2591 inde
3071 2536 3506 2608 propulsarent,
3541 2555 3644 2611 per

1999 2620 2196 2675 decem
2231 2635 2411 2676 annos
2443 2621 2664 2691 absque
2695 2621 2920 2677 tributo
2942 2637 3043 2678 eos
3068 2623 3456 2694 permitteret.
3489 2626 3644 2683 Tunc

2000 2709 2228 2778 quidam
2265 2708 2334 2764 de
2368 2710 2684 2766 Sicambria
2719 2711 2968 2778 ingressi
3003 2718 3406 2783 pugnaverunt
3440 2727 3641 2772 contra

1997 2797 2233 2865 Alanos,
2261 2798 2531 2868 factaque
2557 2797 2818 2868 victoria,
2845 2798 3145 2868 ejecerunt
3167 2815 3284 2857 eos.
3318 2801 3442 2868 Quo
3467 2803 3638 2866 facto.

1997 2886 2438 2943 Valentinianus
2472 2885 2786 2958 appellavit
2811 2902 2914 2944 eos
2938 2889 3128 2944 Attica
3153 2889 3346 2959 lingua
3371 2892 3639 2962 Francos,

1998 2973 2106 3032 hoc
2132 2980 2242 3045 est,
2280 2976 2500 3031 feroces
2528 2980 2586 3031 et
2619 2976 2799 3033 duros
2835 2992 2898 3030 ac
2932 2978 3131 3033 fortes.
3169 2978 3432 3048 Cujus'm
3451 2980 3644 3050 gentis

1999 3064 2132 3135 quia
2166 3079 2228 3120 se
2259 3063 2472 3120 obtulit
2506 3065 2721 3121 mentio
2755 3080 3072 3136 regumque
3094 3065 3218 3136 ejus
3241 3067 3294 3122 in
3320 3067 3485 3126 iibris
3514 3084 3642 3126 san-

1997 3159 2224 3208 ctorum
2258 3167 2394 3224 sepe
2429 3153 2492 3208 lii.
2521 3153 3020 3224 commemoratio,
3051 3153 3190 3209 licet
3225 3155 3410 3212 facere
3442 3157 3640 3214 videar

227 3243 464 3302 balneis
514 3260 646 3302 cum
693 3261 759 3301 ea
808 3250 1098 3315 uteretur,
1157 3245 1398 3316 ejusque
1450 3243 1885 3316 pulchritudine
1919 3235 1968 3296 Ο
1997 3240 2437 3312 digressionem,
2488 3257 2593 3312 pro
2639 3257 2832 3299 rerum
2885 3247 3072 3298 tamen
3117 3244 3350 3315 noticia,
3389 3245 3639 3317 repetita

224 3332 492 3404 obligata
524 3337 581 3390 et
614 3349 810 3390 amore
851 3342 1043 3405 capta,
1079 3334 1302 3389 diceret
1335 3333 1692 3404 imperatori,
1730 3332 1880 3402 quod

223 3423 464 3480 Justina
496 3425 578 3481 sic
611 3423 875 3494 speciosa
909 3427 1092 3493 esset,
1125 3429 1185 3480 ut
1217 3422 1394 3478 etiam
1430 3435 1611 3492 ipsam
1647 3421 1885 3478 deceret

226 3525 480 3569 uxorem
520 3512 892 3584 imperatoris
927 3527 1078 3569 esse.
1121 3511 1245 3578 Quo
1277 3526 1544 3568 sermone
1576 3515 1880 3582 concepto,

1994 3331 2254 3400 ejusdem
2284 3331 2517 3402 generis
2549 3331 2791 3400 origine,
2824 3345 2992 3402 quam
3025 3331 3260 3388 brevius
3291 3336 3518 3404 potero,
3553 3349 3641 3390 re-

1992 3433 2128 3490 gum
2159 3419 2288 3490 ejus
2318 3419 2647 3478 describam
2689 3419 3139 3478 successionem.

1411 3636 1518 3696 DE
1563 3635 1842 3698 ORIGIN
1850 3635 1899 3694 Ε
1947 3633 2456 3696 FRANCORUM

305 3767 406 3841 (θ.
428 3768 645 3827 Franc.
667 3767 796 3826 cod.
823 3769 1044 3841 Bamb.)
1065 3769 1414 3824 Francorum
1435 3769 1627 3837 gentis
1643 3767 1885 3823 exordia

229 3858 306 3916 de
337 3857 579 3928 antiqua
613 3859 986 3929 Trojanorum
1020 3857 1291 3930 prodi.:re
1325 3857 1614 3928 prosapia.
1651 3857 1788 3912 Nam
1816 3869 1886 3912 eo

231 3953 504 4020 tempore
535 3962 649 4018 quo
691 3957 823 4019 post
861 3949 1152 4004 excidium
1192 3947 1372 4018 Tl‘OjiD
1411 3945 1618 4001 Aﬁneas
1660 3945 1884 4000 Italiam

228 4037 422 4107 venit,
456 4037 688 4108 quidam
712 4051 784 4092 ex
806 4037 1026 4093 eisdem
1055 4035 1316 4106 Trojanis
1346 4034 1518 4091 simili
1553 4033 1723 4089 modo
1756 4047 1888 4104 pro-

230 4125 356 4197 fugi
394 4125 550 4182 circa
592 4123 872 4182 Meotidas
923 4123 1164 4196 paludes
1211 4123 1643 4194 applicuerunt,
1686 4121 1883 4192 ibique

227 4215 633 4285 considentes,
668 4215 948 4271 terminos
979 4228 1118 4270 suos
1151 4227 1330 4283 usque
1350 4212 1404 4267 in
1425 4211 1776 4266 Pannoniam
1801 4209 1884 4266 di-

230 4301 589 4362 lataveruut.
626 4306 1094 4360 Construxerunt
1122 4307 1315 4358 autem
1344 4300 1642 4357 civitatem
1673 4299 1884 4356 Sicam-

231 4392 444 4464 briam,
481 4393 676 4463 ibique
707 4407 810 4464 per
849 4393 1064 4449 multos
1095 4391 1426 4447 habitantes
1457 4404 1660 4458 annos,
1696 4389 1750 4444 in
1787 4402 1884 4460 po-

232 4481 438 4554 pulum
499 4481 742 4537 multum
801 4485 1138 4549 creverunt,
1186 4483 1242 4534 et
1295 4477 1574 4532 Sicambri
1636 4475 1880 4546 primum

1999 3767 2316 3838 imperator
2363 3780 2565 3822 eorum
2615 3765 2945 3839 factionem,
2996 3767 3170 3826 nimis
3208 3769 3415 3841 iratus,
3460 3771 3640 3843 jussit

1995 3870 2220 3912 omnem
2290 3855 2607 3911 Romanum
2675 3856 3000 3913 exercitum
3059 3872 3192 3914 cum
3251 3859 3516 3931 pluribus
3571 3858 3638 3895 ⁷³⁸

1993 3944 2216 4000 exteris
2257 3944 2533 4014 gentibus
2573 3959 2830 4016 pugnare
2871 3953 3075 4003 contra
3107 3962 3227 4005 eos.
3265 3949 3458 4020 Pugna
3486 3963 3641 4007 com-

1995 4031 2188 4103 missa,
2207 4047 2338 4088 cum
2357 4048 2426 4088 ex
2449 4039 2696 4104 utraque
2717 4039 2883 4104 parte
2903 4035 3067 4091 multi
3087 4035 3384 4108 caderent,
3403 4037 3639 4096 tandem

1994 4119 2196 4175 Franci
2219 4119 2647 4176 multitudinem
2667 4125 2889 4176 tantam
2907 4122 3200 4180 sustinere
3220 4139 3330 4180 non
3353 4125 3634 4199 valentes,

1995 4205 2308 4276 fugierunt,
2344 4207 2540 4277 ibique
2575 4213 2842 4264 mortuus
2875 4215 2966 4264 est
2995 4209 3262 4268 Priamus
3283 4225 3388 4268 rex
3413 4228 3635 4271 eorum.

1991 4293 2228 4364 Egressi
2271 4299 2463 4350 autem
2506 4293 2577 4350 de
2619 4295 2956 4366 Sicambria,
2999 4304 3283 4355 venerunt
3325 4300 3381 4356 in
3419 4307 3637 4360 terram

1993 4382 2332 4452 Germaniae,
2369 4383 2438 4438 ad
2470 4388 2701 4452 gentem
2743 4383 2970 4440 scilicet
3011 4385 3287 4443 Romanis
3332 4389 3640 4448 infestissi~

1993 4487 2161 4541 mam,
2179 4471 2706 4542 habitaveruntque
2725 4472 3025 4542 aliquanto
3042 4479 3306 4546 tempore
3325 4477 3380 4532 in
3399 4478 3639 4536 Thurin-

231 4543 377 4627 dicti
411 4575 566 4626 sunt.
599 4570 665 4624 Hi
692 4585 794 4641 pro
817 4584 886 4626 eo
910 4567 1062 4639 quod
1089 4543 1320 4636 Alanos,
1345 4571 1410 4623 ut
1433 4543 1651 4621 dictum
1675 4569 1784 4634 est,
1811 4562 1882 4618 de
1913 4543 1963 4602 D
1992 4561 2085 4632 gia
2119 4576 2247 4617 cum
2282 4560 2660 4629 Marcomede,
2697 4559 2816 4616 filio
2849 4561 3078 4632 Priami,
3110 4543 3484 4636 et'Sunnone,
3520 4567 3638 4626 filio

229 4657 482 4716 Meotida
517 4657 729 4732 palude
766 4658 1139 4729 expulerunt,
1181 4655 1380 4712 Franci
1417 4669 1448 4710 a
1480 4653 1882 4710 Valentiniano

231 4749 428 4806 vocati
480 4751 637 4818 sunt,
680 4750 740 4803 et
781 4763 888 4818 pro
938 4745 1040 4802 hac
1093 4745 1333 4801 victoria
1387 4759 1488 4816 per
1538 4740 1880 4799 decennium

231 4837 580 4896 remissione
608 4835 963 4894 tributorum
997 4834 1193 4892 donati
1225 4838 1386 4892 sunt.
1428 4830 1713 4890 Decennio
1747 4843 1882 4886 vero

234 4935 499 4999 peracto.
553 4924 709 4982 misit
753 4924 1194 4983 Valentinianus
1231 4921 1300 4956 7“
1331 4922 1398 4978 ad
1446 4935 1550 4977 eos
1594 4919 1880 4991 quendam

229 5013 440 5074 ducem
461 5030 565 5087 pro
583 5013 886 5086 exigendis
911 5014 1180 5073 tributis:
1208 5011 1312 5068 sed
1336 5011 1438 5077 illi,
1464 5015 1527 5069 ut
1545 5015 1713 5065 erant
1733 5010 1880 5065 fero-

231 5115 354 5172 ces,
381 5103 622 5160 tributis
649 5103 895 5160 ulterius
915 5101 1218 5172 suhjacerc
1243 5100 1535 5172 dedignati
1561 5104 1718 5164 sunt,
1747 5099 1880 5154 mis-

231 5201 449 5263 sosque
497 5192 568 5249 ad
623 5207 682 5248 se
733 5193 1172 5250 interfecerunt.
1223 5193 1474 5250 Fuerunt
1515 5197 1707 5246 autem
1741 5195 1877 5244 tunc

192 5341 202 5352 ,
230 5281 530 5354 principes
556 5283 709 5338 inter
728 5297 832 5339 eos
854 5282 1223 5352 antiquorum
1251 5281 1662 5338 vocabulorum
1691 5279 1876 5350 prefe-

229 5377 436 5433 rentes
451 5371 722 5444 insignia,
746 5371 1012 5430 Priamus
1025 5375 1084 5428 et
1104 5372 1378 5428 Antenor.
1401 5368 1657 5428 Audiens
1677 5367 1873 5438 itaque

1992 4648 2320 4706 Antenoris.
2355 4648 2566 4704 Omnes
2597 4652 2788 4704 autem
2821 4647 3017 4720 populi
3041 4664 3112 4706 ex
3136 4649 3231 4706 illa
3261 4657 3424 4720 parte
3451 4653 3634 4711 Rheni

1992 4737 2326 4794 habitantes
2356 4737 2619 4794 Germani
2644 4737 2784 4794 dicti
2808 4742 2963 4808 sunt,
2997 4738 3128 4810 quia
3152 4754 3396 4812 corpora
3429 4757 3633 4814 magna

1993 4827 2284 4886 habebant
2323 4833 2382 4885 et
2426 4825 2726 4886 fortissimi
2775 4842 3004 4904 semper
3035 4833 3093 4884 et
3131 4829 3392 4886 indomiti
3441 4837 3629 4890 erant.

1992 4917 2150 4974 Inter
2201 4918 2320 4976 haec
2371 4918 2646 4975 defuncto
2705 4919 2992 4988 Sunnone,
3053 4919 3253 4975 Franci
3307 4919 3635 4980 habuerunt

1990 5005 2294 5064 consilium
2330 5007 2482 5064 inter
2513 5023 2595 5078 se,
2624 5011 2686 5064 ut
2712 5023 2882 5064 unum
2920 5022 3110 5080 regem
3147 5007 3444 5080 haberent,
3480 5011 3631 5070 sicut

1987 5103 2043 5154 et
2071 5105 2274 5168 gentes
2295 5103 2530 5157 ceterae.
2550 5101 2910 5168 acceptoque
2935 5095 3181 5151 consilio
3198 5110 3227 5150 a
3250 5097 3630 5171 Marcomede,

1989 5187 2430 5254 Faramundum,
2477 5185 2657 5256 ipsius
2699 5185 2897 5255 filium,
2935 5200 3126 5254 regem
3158 5185 3538 5258 constituere,
3573 5192 3635 5245 et

1985 5293 2057 5334 ex
2090 5292 2158 5332 eo
2193 5283 2450 5346 tempore
2492 5274 2650 5344 leges
2689 5275 2902 5330 habere
2941 5277 3270 5344 coeperunt,
3315 5288 3459 5345 quas
3495 5289 3636 5345 gen-

1986 5366 2122 5423 tiles
2173 5380 2372 5424 eorum
2414 5363 2736 5423 consiliarii
2793 5361 3251 5434 Wisogastaldus
3282 5367 3342 5419 et
3373 5363 3638 5437 Salegast

1593 5483 1831 5542 VARUS
1877 5481 2272 5542 LECTIO‘NES.

299 5586 378 5626 ’⁸³⁸
403 5585 572 5649 deest
595 5586 692 5646 Ei.
767 5585 839 5624 ⁷³³
867 5587 960 5646 ita
987 5585 1150 5646 codd.

265 5658 310 5694 ι’
335 5660 768 5720 valentinianus
797 5662 848 5716 δ.
926 5657 997 5694 7“
1028 5656 1296 5731 plurimis
1317 5656 1544 5714 ceteris
1579 5672 1636 5728 g.
1667 5659 1718 5712 8.

555 5757 816 5818 PATROL.
863 5755 1073 5817 CLIV.

1245 5584 1314 5658 7η
1341 5585 1612 5658 Sagram
1655 5583 1919 5645 historia
1946 5584 2318 5645 ﬁli-ancoram
2367 5577 2532 5638 dm:
2569 5577 2667 5649 E.,
2721 5575 2780 5634 et
2820 5575 2890 5635 in
2919 5581 2978 5634 2.
3027 5587 3264 5649 quoque
3309 5576 3628 5638 omittitur.

3288 5745 3366 5807 23
