3946 6418
397 358 517 436 ⁸115

1558 347 2040 425 EKKEHARDI
2088 348 2639 423 URAUGIENSIS

3692 358 3809 425 ’116

403 506 690 576 fecerunt,
744 520 775 562 a
835 515 950 576 quo
1006 498 1270 573 Salegast
1337 498 1512 557 etiam
1569 497 1663 555 lex
1718 495 1902 554 Salica
1969 493 2034 552 in-

2164 510 2549 582 Gothebildae,
2585 509 3020 582 Gothegiselum
3041 514 3102 567 et
3124 510 3554 570 Gothemarum.
3588 512 3808 571 Mortuo

402 601 575 655 venta
625 595 843 652 dicitur
888 597 945 649 et
996 591 1308 648 nominata.
1371 590 1550 646 Erant
1604 593 1799 644 autem
1846 584 2047 643 Franci

401 686 628 759 pagani

470 774 728 845 Denique
761 775 990 828 mortuo
1023 768 1405 839 Faramundo,
1434 766 1693 837 Clodius,
1720 766 1876 823 illius
1897 765 2042 834 ejus,

401 862 658 920 Crinitus
694 860 1002 928 successit,
1035 874 1063 915 a
1097 873 1211 929 quo
1252 859 1602 913 Francorum
1637 870 1806 925 reges
1832 853 2045 910 Criniti

399 949 675 1023 appellati
702 954 858 1006 sunt.
887 947 1047 1004 Ultra
1068 946 1329 1003 Rhenum
1347 960 1488 1002 vero
1508 959 1688 1015 usque
1709 944 1778 1000 ad
1798 942 2044 1012 Ligerim

399 1040 635 1097 fluvium
672 1038 1017 1095 habitabant
1058 1035 1318 1106 Romani,
1367 1034 1521 1091 ultra
1565 1033 1810 1103 Ligerim
1852 1036 2045 1088 autem

398 1127 846 1187 dominabantur
866 1126 1060 1191 Gothi,
1086 1124 1526 1195 Burgundiones
1544 1136 1680 1178 vero
1707 1121 2044 1177 habitabant

388 1218 555 1289 juxta
623 1216 985 1285 Rhodanum,
1049 1214 1143 1272 ubi
1206 1216 1404 1285 postea
1466 1213 1615 1268 facta
1683 1215 1773 1267 est
1837 1209 2046 1265 civitas

394 1306 752 1363 Leudunum.
816 1303 1016 1361 Franci
1061 1303 1259 1373 itaque
1308 1301 1379 1357 de
1423 1299 1733 1370 Thuringia
1784 1299 2044 1354 Rhenum

394 1393 767 1464 transgressi,
812 1394 1122 1459 Romanos,
1159 1391 1254 1461 qui
1287 1397 1425 1447 tunc
1456 1388 1741 1461 temporis
1770 1403 1875 1459 per
1906 1401 2045 1443 suos

394 1482 780 1554 magistratus
811 1480 1010 1537 Galliae
1043 1480 1428 1551 imperabant,
1477 1477 1630 1534 bello
1660 1476 1852 1533 adorsi
1886 1480 2039 1545 sunt,

394 1576 454 1627 et
487 1585 673 1643 usque
702 1562 760 1625 in
793 1569 1203 1626 Carbonariam
1255 1568 1459 1624 silvam
1512 1568 1735 1636 fugant,
1772 1563 2038 1632 fundunt,

390 1658 690 1729 occidunt,
736 1658 937 1729 sicque
980 1657 1201 1713 illatam
1248 1656 1357 1712 sibi
1392 1671 1421 1711 a
1455 1655 1729 1711 Romanis
1772 1652 2039 1722 injuriam

391 1746 613 1804 acriter
670 1747 991 1804 vindicant.
1052 1744 1308 1815 lngressi
1366 1749 1563 1799 autem
1612 1744 1930 1799 Tornacum
1980 1745 2036 1796 et

2163 605 2356 658 autem
2409 599 2805 657 Gundebaudo
2854 600 3103 674 seniore,
3158 601 3592 658 Gundebaudus
3615 600 3805 672 junior

2160 691 2376 747 occidit
2407 691 2647 746 fratrem
2682 705 2850 747 suum
2885 689 3257 761 Hilpericum,
3280 698 3338 747 et
3365 707 3605 749 uxorem
3627 692 3798 767 illius,

2159 778 2338 849 ligato
2369 779 2441 834 ad
2471 777 2686 834 collum
2717 778 2845 848 cjus
2874 792 3039 849 saxo,
3066 778 3120 833 in
3150 793 3353 850 aquam
3388 782 3568 851 mergi
3602 797 3800 853 prece-

2159 867 2264 938 pit,
2299 866 2447 923 alios
2478 880 2619 922 vero
2653 865 2798 923 duos
2838 867 3053 923 fratres
3085 867 3141 923 in
3172 867 3410 924 exilium
3444 870 3619 927 misit.
3654 872 3800 929 Gun.

2158 953 2463 1011 debaudus
2496 960 2713 1024 autem,
2747 954 2882 1011 dum
2924 960 3155 1026 neptem
3196 971 3357 1012 suam
3400 957 3799 1016 Gothehildam

2159 1042 2435 1113 Hilperiei
2449 1042 2518 1076 ⁷²⁰
2532 1043 2726 1113 filiam,
2750 1057 2946 1099 secum
2965 1042 3229 1113 haberet,
3249 1050 3306 1100 et
3328 1044 3501 1115 legati
3526 1046 3798 1103 Clodovei

2158 1132 2315 1200 regis
2335 1130 2473 1188 illuc
2492 1132 2641 1188 forte
2656 1131 2865 1188 directi
2881 1146 3006 1189 eam
3023 1132 3287 1188 videntes
3307 1134 3795 1204 pulchritudinem

2155 1219 2282 1289 ejus
2319 1221 2471 1291 apud
2514 1220 2810 1277 dominum
2844 1235 3011 1277 suum
3052 1221 3376 1293 laudarent,
3413 1224 3591 1279 misso
3620 1227 3798 1281 Aure-

2158 1306 2312 1365 liano
2343 1309 2592 1380 quodam
2617 1309 2902 1365 honorato
2925 1323 3050 1379 suo,
3077 1311 3299 1382 accepit
3325 1325 3448 1367 eam
3472 1312 3792 1370 Clodoveus

2156 1412 2419 1467 uxorem,
2463 1398 2714 1470 puellam
2752 1397 3157 1456 Christianam.
3204 1398 3339 1465 Quae
3379 1415 3508 1457 cum
3545 1402 3597 1456 ei
3640 1401 3796 1458 Chri-

2155 1491 2307 1543 stum
2332 1502 2468 1558 sepe
2493 1487 2825 1558 predicaret
2853 1486 3066 1557 illeque
3093 1488 3334 1544 credere
3364 1490 3663 1559 abnueret,
3704 1495 3793 1547 15°

2154 1589 2305 1630 anno
2324 1576 2484 1645 regni
2508 1577 2598 1632 sui
2619 1576 2775 1632 susei
2786 1576 2951 1647 piens
2974 1576 3184 1632 bellum
3207 1582 3409 1633 contra
3427 1577 3787 1649 Alamannos,

2152 1678 2283 1720 eum
2321 1679 2464 1735 pene
2488 1670 2842 1734 vmceretur,
2878 1666 3114 1721 hortatu
3146 1665 3434 1722 Aureliani
3457 1681 3518 1723 se
3539 1667 3793 1725 creditu-

2153 1766 2280 1807 rum
2302 1753 2638 1824 spopondit,
2657 1753 2703 1808 si
2718 1753 2818 1808 Dei
2835 1752 2923 1820 adj
2936 1753 3125 1809 utorio
3147 1753 3489 1811 Alamannos
3506 1754 3788 1823 vinceret;

392 1837 767 1893 Camaracum
800 1834 1072 1892 civitates
1100 1832 1317 1902 Galliae,
1354 1833 1539 1903 primo
1569 1831 1840 1887 universa
1873 1829 2039 1884 mari-
2068 1851 2123 1911 B
2154 1855 2402 1911 moxque
2427 1849 2487 1896 et,
2511 1841 2645 1897 illos
2671 1842 2968 1912 superavit.
3001 1846 3061 1897 et,
3092 1857 3315 1898 onmem
3347 1849 3558 1899 terram
3590 1858 3787 1901 eorum

389 1924 552 1995 tima,
587 1939 715 1996 quae
746 1924 899 1979 inter
930 1922 1197 1980 Scaldum
1221 1926 1280 1978 et
1305 1922 1555 1978 Sunnam
1587 1920 1794 1976 fluvios
1818 1919 2034 1988 jacent,

390 2012 679 2070 violenter
716 2013 1004 2082 obtinent,
1045 2011 1248 2081 sicque
1282 2008 1558 2081 paulatim
1590 2007 2038 2080 progredientes

389 2105 446 2158 et
479 2101 908 2173 regredientes,
946 2101 1178 2170 Remos,
1230 2100 1595 2167 Suessonam,
1645 2097 1935 2154 Aureliam
1978 2101 2034 2151 et

387 2190 763 2264 Agrippinam
788 2205 854 2247 ac
876 2189 1191 2257 Treverim,
1222 2192 1520 2260 postremo
1544 2201 1770 2244 omnem
1795 2184 2035 2242 Galliam

386 2282 508 2337 sive
532 2279 892 2337 Germaniam
918 2280 989 2335 ab
1015 2278 1324 2350 Aquitania
1359 2292 1542 2347 usque
1577 2275 1895 2332 Bawariam
1923 2275 2032 2330 sibi

386 2367 718 2440 subjugant.
743 2371 813 2425 Et
834 2367 893 2424 hi
917 2367 1148 2438 quidem
1174 2367 1270 2437 qui
1294 2365 1628 2422 Teutonicis
1650 2364 1717 2398 ⁷³⁵
1735 2363 2035 2420 commixti

383 2460 541 2526 sunt,
568 2456 808 2527 proprio
830 2454 1114 2512 vocabulo
1140 2453 1373 2519 Franci;
1400 2453 1495 2524 qui
1520 2456 1713 2509 autem
1743 2467 1842 2520 per
1859 2467 2036 2507 conu-

384 2543 475 2600 bia
500 2558 530 2600 a
556 2543 735 2601 Gallis
766 2548 901 2602 sunt
936 2543 1250 2615 progeniti,
1287 2541 1655 2611 Francigenae
1681 2546 1817 2597 sunt
1840 2539 2035 2611 appel-

383 2631 507 2689 lati.
566 2631 806 2690 Clodius
862 2632 1060 2704 itaque
1106 2630 1176 2665 ⁷¹⁶
1224 2646 1354 2688 cum
1408 2634 1678 2700 regnaret
1733 2629 1899 2685 annis
1942 2632 2029 2699 20,

382 2725 649 2778 mortuus
682 2727 807 2789 est;
846 2724 941 2778 cui
970 2720 1254 2777 successit
1298 2721 1618 2788 Meroveus,
1652 2733 1681 2774 a
1715 2732 1829 2788 quo
1863 2731 2034 2786 reges

380 2809 734 2866 Francorum
766 2808 1081 2878 Mcrovingi
1114 2807 1393 2863 nominati
1421 2806 1490 2840 ⁷¹⁷
1524 2810 1680 2864 sunt.
1727 2805 1852 2873 Quo
1885 2820 2034 2862 mor-

379 2900 503 2968 tuo,
537 2896 692 2954 illius
740 2896 868 2966 ejus
901 2896 1228 2953 Hildericus
1259 2895 1523 2966 suscepit
1557 2909 1814 2963 regnum.
1852 2892 2032 2960 Quem

381 2984 680 3043 luxuriose
711 2986 1001 3042 viventem
1026 2989 1235 3041 etcum
1261 2983 1492 3040 filiabus
1514 2983 1716 3055 populi
1748 2984 2036 3040 fornican-

381 3079 499 3131 tem
540 3074 874 3133 interficere
913 3073 1202 3145 nolentes,
1253 3074 1615 3144 abjecerunt,
1654 3077 1710 3129 et
1743 3071 2031 3144 ngidium

382 3162 670 3235 quendam
712 3164 1027 3221 Romanum
1070 3176 1247 3235 super
1279 3177 1343 3218 se
1370 3166 1724 3234 posuerunt;
1765 3162 1865 3218 sed
1899 3166 2033 3233 post

382 3267 563 3310 annos
603 3259 737 3310 octo
783 3253 1139 3325 pmnitentes
1182 3267 1358 3324 super
1398 3253 1504 3309 hac
1545 3268 1626 3322 re,
1675 3250 2031 3308 Hilderieum

379 3347 822 3414 revocaverunt,
886 3342 1190 3413 factusque
1238 3346 1328 3398 est
1366 3358 1472 3399 rex
1517 3342 1737 3398 virtute
1789 3354 2032 3410 magnus

377 3445 558 3503 super
579 3445 779 3488 omnes
804 3430 1034 3504 priores
1057 3431 1410 3488 Francorum
1436 3444 1623 3500 reges.
1654 3428 2030 3501 Agrippinam

373 3518 590 3592 quippe
629 3520 930 3577 civitatem
969 3520 1334 3590 temporibus
1376 3521 1523 3591 ejus,
1559 3519 1769 3575 occisis
1800 3533 1830 3574 a
1864 3525 2029 3589 parte

370 3607 579 3677 Egidii
622 3606 822 3665 multis
866 3608 1164 3680 Romanis,
1207 3608 1409 3666 Franci
1444 3612 1750 3678 ceperunt,
1786 3620 2030 3678 eamque

375 3694 668 3751 Coloniam
709 3694 1189 3768 appellaverunt;
1237 3694 1530 3752 Treverim
1562 3709 1791 3766 quoque
1826 3708 2030 3767 appre-

371 3779 702 3840 henderunt
734 3790 791 3841 et
826 3783 1232 3858 incenderunt,
1280 3788 1579 3855 totamque
1619 3782 1775 3839 illam
1810 3786 2026 3841 terram

371 3877 774 3929 vastaverunt.

442 3961 670 4020 Mortuo
703 3967 899 4021 autem
929 3964 1176 4036 Egidio,
1212 3963 1493 4035 Siagrius,
1530 3962 1683 4021 ﬁlius
1715 3962 1857 4032 ejus,
1896 3976 2026 4019 suc-

372 4050 552 4106 cessit
595 4051 650 4107 in
693 4050 883 4109 locum
926 4053 1074 4125 ejus,
1110 4053 1379 4125 seditque
1412 4053 1465 4108 in
1501 4053 1853 4108 Suessonum
1886 4051 2025 4108 civi-

371 4141 513 4209 tate,
567 4140 665 4198 ubi
713 4143 885 4199 sedes
937 4145 1099 4214 regni
1149 4146 1306 4210 erat;
1360 4142 1460 4199 sed
1514 4141 1843 4198 Hildericus
1892 4154 2022 4197 cum

368 4229 629 4285 exercitu
659 4232 1099 4302 superveniens,
1127 4246 1353 4289 omnem
1384 4236 1599 4287 terram
1631 4230 1787 4285 illam
1818 4228 2022 4301 preda-

370 4320 468 4374 tus
495 4320 605 4387 est,
633 4322 689 4375 et
714 4319 1185 4377 Aurelianensem
1219 4325 1277 4376 et
1310 4318 1785 4389 Andegavenscm
1819 4317 2023 4373 civita-

369 4408 485 4462 tem
518 4421 698 4477 regno
730 4423 837 4465 suo
868 4408 1101 4480 adjecit.
1139 4408 1398 4476 Quicum
1427 4412 1696 4478 regnaret
1730 4405 1897 4462 annis
1928 4407 2016 4473 24,

368 4499 631 4552 mortuus
661 4502 772 4567 est,
807 4501 862 4555 et
898 4498 1245 4569 Clodoveus,
1288 4498 1443 4554 filius
1474 4498 1621 4567 ejus,
1657 4509 1898 4564 regnum
1929 4508 2020 4550 ac-

2150 1926 2217 1960 ⁷²¹
2236 1928 2345 1984 sibi
2370 1929 2726 1999 subjugavit,
2754 1943 2820 1985 ac
2841 1929 3047 1984 deinde
3073 1945 3173 2001 per
3195 1937 3457 1987 sanctum
3474 1932 3785 2002 Remigium

2148 2017 2459 2072 Remorum
2501 2017 2841 2089 episcopum
2880 2017 3224 2087 instructus,
3268 2033 3396 2075 cum
3436 2020 3585 2075 omni
3616 2027 3783 2090 gente

2149 2119 2256 2160 sua
2287 2111 2378 2161 est
2412 2106 2769 2176 baptizatus.
2804 2107 2941 2162 Post
2971 2107 3095 2163 haec
3123 2107 3264 2163 abiit
3291 2108 3343 2163 in
3369 2107 3784 2166 Pictaviensem

2147 2192 2469 2263 civitatem,
2502 2194 2601 2250 ubi
2628 2209 2731 2250 rex
2760 2194 3031 2251 Alaricus
3061 2195 3379 2265 habitabat,
3414 2210 3783 2269 pugnansque

2146 2297 2275 2338 cum
2305 2297 2395 2353 eo,
2433 2283 2732 2339 interfecit
2761 2298 2913 2353 eum,
2951 2287 3042 2339 12ο
3075 2299 3225 2340 anno
3264 2284 3522 2353 ejusdem
3555 2285 3780 2343 Alarici.

2148 2369 2510 2427 Amalaricus
2558 2386 2717 2442 vero,
2772 2370 2925 2428 ﬁlius
2966 2370 3201 2440 Alariei,
3239 2373 3460 2442 fugiens
3493 2373 3544 2429 in
3579 2376 3787 2445 Hyspa-

2145 2459 2318 2530 niam,
2359 2475 2601 2530 regnum
2641 2464 2829 2532 patris
2863 2462 2949 2518 sui
2984 2466 3188 2533 postea
3228 2464 3514 2532 sagaciter
3541 2464 3778 2535 recepit.

2147 2550 2309 2604 Anno
2328 2548 2531 2619 quinto
2552 2557 2681 2621 post
2702 2550 2848 2606 hanc
2870 2550 3176 2606 victoriam
3197 2558 3460 2608 mortuus
3479 2558 3566 2607 est
3588 2552 3785 2609 Clodo-

2145 2650 2288 2693 veus
2320 2638 2375 2692 in
2414 2652 2574 2709 pace,
2628 2654 2778 2695 anno
2831 2640 2993 2709 regni
3044 2641 3134 2696 sui
3166 2644 3279 2710 30°,
3313 2653 3344 2695 a
3375 2640 3622 2699 transitu
3650 2656 3783 2699 vero

2144 2725 2329 2781 sancti
2364 2727 2590 2781 Martini
2622 2741 2771 2783 anno
2795 2733 2943 2784 112°.
2983 2729 3242 2785 llabebat
3268 2733 3460 2785 autem
3483 2729 3627 2787 filios
3649 2743 3782 2802 qua-

2142 2817 2280 2870 tuor
2310 2813 2461 2871 idem
2500 2829 2604 2871 rex
2642 2815 2984 2887 Clodoveus,
3035 2816 3438 2888 Clodomirem,
3486 2817 3781 2875 Theoderi~

2144 2916 2296 2971 cum,
2346 2903 2735 2959 Hiluibertum
2767 2909 2825 2960 et
2859 2903 3236 2961 Clotharium.
3281 2907 3344 2961 Hi
3375 2920 3610 2977 regnum
3656 2921 3780 2977 ejus

2144 2990 2297 3046 inter
2347 3006 2411 3047 se
2462 2991 2790 3049 diviserunt
2837 2993 3163 3064 :equaliter,
3215 3000 3275 3050 et
3319 2994 3529 3051 elevati
3560 3000 3692 3053 sunt
3726 2996 3779 3051 in

2144 3094 2346 3149 magna
2400 3083 2681 3152 potentia.
2733 3081 3125 3140 Theodericus
3172 3099 3310 3140 vero
3347 3089 3486 3141 tunc
3533 3084 3780 3142 habebat

2144 3165 2324 3223 filium
2356 3169 2585 3225 nomine
2616 3169 3101 3240 Theodebertum,
3135 3177 3433 3229 strenuum
3466 3179 3525 3229 et
3562 3174 3776 3229 utilem.

2142 3256 2509 3313 Amalaricus
2539 3272 2793 3328 quoque,
2826 3258 2982 3315 illius
3012 3260 3223 3315 Alariei
3258 3260 3413 3330 regis
3446 3261 3774 3331 Gothorum,

2144 3359 2408 3401 sororem
2441 3336 2674 3403 illorum
2708 3348 2938 3403 nomine
2970 3348 3339 3404 Ruothildam
3370 3350 3531 3420 petiit
3567 3350 3622 3405 in
3651 3365 3778 3406 con-

2136 3434 2387 3506 jugium,
2408 3449 2579 3507 quam
2600 3435 2681 3491 illi
2708 3451 2819 3492 non
2843 3442 3124 3506 negantes
3145 3453 3273 3494 cum
3300 3453 3501 3509 magna
3521 3438 3705 3509 gloria
3726 3441 3776 3495 ei

2141 3520 2535 3580 mdederunt.
2564 3524 2673 3580 Sed
2696 3540 2825 3581 cum
2844 3525 2941 3582 ille
2957 3526 3410 3582 velutArrianus
3431 3541 3554 3583 eam
3580 3530 3774 3598 postea

2140 3609 2377 3681 indigne
2400 3617 2707 3683 tractaret,
2737 3614 2975 3670 mittens
2996 3614 3092 3669 illa
3112 3614 3378 3671 nuncium
3404 3615 3473 3671 de
3496 3616 3774 3686 Hyspania

2139 3698 2211 3755 ad
2246 3701 2484 3757 fratrem
2526 3717 2692 3759 suum
2736 3702 3122 3759 Hildibertum
3158 3703 3210 3758 in
3250 3706 3505 3758 Arverna
3544 3704 3773 3760 civitate

2139 3789 2462 3859 sedentem,
2494 3790 2737 3859 injurias
2770 3806 2905 3848 suas
2927 3793 2978 3847 ei
3002 3796 3323 3862 conquesta
3356 3797 3464 3847 est.
3496 3792 3651 3849 Unde
3679 3793 3771 3849 ille

2137 3875 2345 3948 iratus,
2380 3894 2509 3935 cum
2544 3894 2750 3949 magno
2804 3882 3069 3937 exercitu
3116 3880 3458 3952 llyspaniam
3507 3882 3766 3950 tetendit,

2135 3965 2451 4037 occisoque
2504 3967 2851 4031 Amalarico,
2905 3984 3162 4025 sororem
3207 3983 3367 4025 suam
3398 3984 3526 4026 cum
3557 3971 3771 4040 magnis

2135 4053 2428 4112 thesauris
2460 4055 2735 4123 abstulit;
2772 4072 2899 4127 quae
2933 4063 3121 4113 tamen
3162 4055 3437 4127 languore
3478 4062 3767 4129 preventa,

2134 4142 2190 4198 in
2224 4158 2349 4213 lpSO
2371 4149 2459 4200 est
2486 4144 2695 4201 itinere
2730 4149 2977 4203 mortua.
3017 4147 3072 4201 In
3098 4146 3216 4203 illis
3238 4146 3443 4203 diebus
3473 4146 3768 4203 Gothehild

2133 4231 2332 4301 regina
2359 4233 2600 4290 veniens
2630 4234 2934 4304 Parisium,
2969 4234 3116 4289 dixit
3150 4235 3220 4291 ad
3253 4235 3400 4291 ﬁlios
3433 4250 3608 4291 suos:
3641 4237 3769 4292 Non

2129 4334 2222 4376 me
2228 4321 2494 4392 panitet,
2509 4323 2641 4393 ﬁlii
2663 4323 2798 4390 mei,
2820 4337 2918 4380 vos
2935 4324 3191 4380 dulciter
3212 4325 3518 4393 enutrisse,
3545 4324 3767 4380 tantum

2130 4410 2437 4483 iniuriam
2464 4425 2656 4468 meam
2684 4412 3117 4483 indignam-ini,
3142 4414 3202 4469 et
3223 4414 3457 4469 mortem
3472 4413 3673 4485 patris
3702 4426 3769 4471 ac

2128 4499 2347 4555 matris
2374 4513 2516 4556 mea
2544 4501 2863 4558 vindirate.
2911 4501 3016 4567 Qui
3050 4518 3181 4557 mox
3210 4502 3292 4557 ira
3323 4502 3609 4571 commoti,
3642 4516 3766 4557 eum

367 4585 545 4657 cepit.
578 4585 679 4642 llic
703 4601 833 4644 eum
858 4587 1082 4657 Siagrio
1104 4587 1317 4644 bellum
1342 4586 1650 4654 commisit,
1680 4584 2019 4653 fugientem-
2050 4569 2101 4629 D
2131 4588 2399 4644 exercitu
2442 4603 2647 4657 magno
2687 4589 3082 4659 Burgundiam
3124 4595 3368 4661 pergunt
3399 4569 3602 4647 contra
3630 4589 3765 4659 Sigi-

368 4686 479 4744 que
498 4672 569 4730 ad
591 4672 886 4733 Alaricum
910 4690 1107 4745 regem
1129 4674 1469 4742 Gothorum,
1496 4672 1673 4728 missa
1700 4670 2012 4741 legatione,

368 4761 627 4833 reposcit
657 4760 746 4834 πθ,
781 4766 838 4818 et
884 4762 1177 4820 redditum
1219 4760 1537 4829 interfecit,
1582 4764 1889 4830 totumque
1932 4772 2019 4815 re-

365 4863 540 4921 gnum
565 4848 692 4921 ejus
720 4850 832 4909 sibi
853 4851 1192 4924 subjiciens,
1222 4852 1515 4907 Romanos
1533 4848 1590 4905 in
1614 4853 1841 4905 tantum
1865 4848 2020 4905 dele-

366 4937 475 5011 vit,
518 4941 579 4997 ut
620 4939 780 4998 nulla
818 4954 1020 4998 eorum
1060 4938 1306 5011 vestigia
1347 4938 1519 4995 hodie
1557 4939 1930 5011 reperiantur
1960 4936 2016 4994 in

368 5026 572 5084 Gallia.
596 5028 839 5103 Accepit
861 5034 1057 5088 autem
1080 5042 1341 5099 uxorem,
1373 5034 1606 5100 neptem
1634 5026 2014 5086 Gundebaudi

363 5115 523 5188 regis
562 5117 1059 5191 Burgundionum,
1116 5117 1344 5174 nomine
1385 5118 1789 5175 Gothebildam
1821 5116 1892 5153 ἠ’
1922 5113 2014 5172 vel

362 5204 715 5262 Rothildam.
747 5205 1179 5263 Gundebaudus
1201 5206 1395 5277 itaque
1418 5222 1520 5262 rex
1539 5206 2014 5277 Burgundionum

363 5296 616 5363 quatuor
636 5293 789 5352 filios
808 5294 1032 5360 habuit,
1055 5294 1510 5354 Gundebaudum
1535 5295 1761 5353 scilicet
1785 5299 2012 5368 patrem

361 5379 717 5452 Sigismundi
782 5389 843 5441 et
904 5382 1272 5454 Gothemari;
1338 5384 1716 5458 Hilpericum,
1787 5390 2012 5457 patrem

2131 4675 2439 4733 smundum
2471 4683 2531 4733 et
2563 4679 2994 4747 Gotbemarum,
3043 4679 3194 4736 ﬁlios
3238 4678 3629 4748 Gundebaudi,
3671 4679 3761 4749 qui

2131 4769 2357 4836 patrem
2381 4780 2447 4822 ac
2471 4771 2715 4823 matrem
2739 4767 3102 4825 Gothehildae
3124 4767 3440 4824 interfecit.
3464 4768 3764 4837 Sigismun-

2129 4853 2240 4911 dus
2280 4869 2385 4911 rex
2431 4855 2906 4925 Burgundionum
2950 4857 3051 4914 illo
3085 4858 3140 4913 in
3174 4862 3436 4930 tempore
3462 4856 3759 4914 aedificavit

2126 4944 2548 5001 monasterium
2590 4946 2775 5002 sancti
2815 4945 3071 5003 Mauricii
3111 4947 3519 5017 sociorumque
3555 4960 3679 5016 ejus
3705 4945 3757 5001 in

2127 5030 2257 5090 loco
2305 5037 2566 5105 Agauno,
2620 5033 2718 5091 ubi
2759 5038 2819 5091 et
2861 5036 3017 5107 passi
3067 5041 3221 5093 sunt.
3275 5035 3528 5092 Collecto
3575 5039 3759 5091 autem

2126 5121 2411 5193 exercitu,
2459 5124 2903 5193 Burgundiones
2942 5124 3211 5181 exierunt
3240 5123 3465 5180 obviam
3499 5122 3633 5179 filiis
3661 5122 3761 5179 Go-

2130 5209 2405 5269 tbehildm
2444 5216 2504 5267 et
2543 5211 2850 5280 Clodovei;
2892 5212 3015 5281 sed,
3060 5212 3359 5269 commissa
3394 5225 3604 5283 pugna,
3630 5210 3755 5269 caesi

2129 5299 2573 5368 Burgundiones
2615 5299 2906 5371 fugerunt.
2951 5300 3352 5370 Sigismundus
3382 5300 3598 5371 itaque,
3632 5298 3758 5356 dum

2126 5385 2354 5456 fugeret
2376 5387 2447 5444 ad
2471 5393 2708 5447 sanctos
2727 5392 2999 5461 Agaunen
3009 5403 3122 5461 ses,
3154 5393 3503 5448 consecutus
3522 5394 3616 5448 est
3635 5401 3755 5449 eum

1729 5482 1968 5539 VARIJE
2005 5482 2406 5540 LECTIONES.

428 5577 498 5658 τυ
528 5577 885 5658 ιιιριι-ῑρηᾴοῑε
916 5586 975 5658 β.
1010 5579 1365 5658 theotopicis
1387 5585 1470 5658 9°.
1500 5578 1893 5658 βάψω-,ᾖξε
1922 5579 2091 5658 deest
2113 5585 2191 5658 96.
2269 5579 2340 5616 “"7
2368 5582 2562 5658 vocati
2582 5586 2646 5658 tt,
2704 5581 2794 5658 _"'
2821 5584 3159 5658 repoposcit
3196 5588 3278 5658 9°._
3350 5581 3421 5620 ἠ’
3450 5582 3752 5643 rothildam

357 5649 451 5707 vel
478 5648 881 5725 gotbehildam
907 5656 982 5711 9°.
1016 5667 1072 5708 ν.
1109 5668 1154 5710 r.
1187 5652 1354 5712 deost
1374 5656 1427 5710 ι.
1460 5654 1545 5709 10.
1582 5648 1667 5710 1i.

1747 5649 1818 5685 ⁷²⁰
1846 5650 2126 5723 helperici
2159 5658 2235 5709 9°.
2267 5653 2502 5723 sapius.
2582 5653 2650 5687 πί
2679 5654 2846 5713 deest
2860 5649 2936 5712 οδ.

3015 5655 3084 5691 ⁷³³
3114 5655 3280 5715 deest
3295 5658 3370 5713 9°.
