3946 6432
186 420 295 489 ’71⁸1

1046 423 1491 489 CHRONICA.
1523 460 1595 471 —
1623 418 2101 487 CHRONICON
2148 419 2697 487 UNIVERSALE.

3463 418 3581 485 718

186 556 494 626 Clodomir,
528 562 883 628 captumque
912 573 1042 615 cum
1073 573 1251 616 uxore
1281 563 1337 615 et
1378 558 1531 627 ﬁliis,
1567 558 1731 616 duxit
1764 558 1822 615 in
1854 563 1907 623 Α
1937 564 2059 617 tum
2091 560 2224 631 iret,
2252 573 2451 618 omnes
2472 557 2601 631 ejus
2629 557 2774 616 socii
2799 572 2903 631 per
2923 556 3125 616 silvam
3152 556 3576 630 discurrentes,

188 661 388 721 pagum
413 645 887 703 Aurelianensem
911 652 968 703 et
994 648 1048 704 in
1071 663 1362 705 carcerem
1388 649 1561 717 misit,
1582 654 1643 705 et
1665 653 1825 721 post-

186 752 250 793 ea
305 734 651 791 interfectos
706 735 760 789 in
811 740 1048 806 puteum
1108 737 1372 808 projecit,
1427 738 1479 793 in
1538 738 1667 793 loco
1724 738 1824 807 'qui

188 825 399 881 dicitur
458 822 920 880 Columnabicus.
956 826 1094 880 Post
1145 826 1267 881 haec
1317 826 1527 881 iterum
1575 825 1824 881 collecto

188 910 469 992 exercitu,
498 910 790 967 Clodomir
821 911 874 965 in
912 913 1297 981 Burgundiam
1330 914 1588 984 perrexit
1622 918 1823 969 contra

189 999 612 1068 Gothemarum,
648 999 975 1070 iterumque
1021 1006 1438 1071 repugnantem
1473 1003 1570 1059 sed
1609 1002 1826 1070 fugien-

190 1094 299 1144 tem
324 1086 456 1142 dum
481 1092 937 1157 persequeretur
957 1092 1014 1142 et
1033 1096 1565 1159 percurreretequo
1582 1089 1827 1145 velocis-

190 1176 352 1242 simo,
381 1189 455 1231 ex
482 1175 725 1232 adversa
757 1182 921 1246 parte
955 1190 1265 1247 percussus
1304 1178 1548 1244 corruit,
1587 1182 1647 1233 et
1681 1192 1827 1232 mor-

190 1270 322 1321 tuus
370 1269 479 1319 est.
535 1262 700 1329 Quod
751 1263 994 1319 audiens
1045 1264 1396 1331 Clotharius,
1433 1266 1822 1336 Gundeucam,

191 1366 422 1409 uxorem
459 1352 656 1407 fratris
685 1352 774 1407 sui
808 1353 1034 1423 accepit
1065 1354 1119 1407 in
1160 1354 1513 1423 conjugium.

254 1441 647 1496 Theodericus
670 1445 865 1495 autem
890 1456 1010 1508 rex,
1037 1448 1341 1512 postquam
1366 1442 1629 1511 regnavit
1663 1442 1827 1498 annis

186 1533 271 1598 23,
313 1534 581 1585 mortuus
630 1534 738 1597 est,
791 1533 847 1584 et
898 1529 1358 1598 Theodebertus,
1396 1530 1549 1586 ﬁlius
1600 1529 1741 1599 ejus,
1774 1530 1824 1585 ei

188 1618 492 1675 successit.
551 1617 659 1684 Qui
718 1632 847 1673 cum
893 1618 1059 1673 annis
1110 1620 1179 1673 14
1225 1624 1516 1688 regnaret,
1568 1619 1735 1685 obiit,
1769 1624 1827 1674 et

186 1704 644 1775 Theodebaldus,
681 1705 834 1761 ﬁlius
880 1704 1024 1775 ejus,
1063 1705 1145 1760 illi
1197 1707 1504 1762 successit.
1540 1706 1665 1771 Quo
1697 1709 1825 1777 post

188 1809 364 1851 annos
386 1800 419 1849 7
437 1793 734 1861 defuncto,
757 1793 1110 1859 Clotharius,
1140 1800 1383 1865 patruus
1416 1794 1560 1863 ejus,
1587 1809 1825 1864 regnum

187 1883 370 1955 ipsius
400 1896 531 1937 cum
580 1881 879 1937 thesauris
931 1880 1129 1936 multis
1180 1882 1426 1952 accepit.
1465 1882 1826 1937 Gothehildis

187 1977 375 2027 autem
423 1969 622 2039 regina
672 1970 725 2024 in
772 1967 1122 2024 elemosinas
1179 1970 1452 2040 proﬂens,
1500 1970 1557 2024 in
1605 1984 1824 2025 summa

186 2058 540 2114 abstinentia
563 2061 619 2113 et
646 2057 968 2113 sobrietate
992 2057 1167 2113 vitam
1191 2057 1376 2125 duxit,
1400 2062 1459 2112 et
1483 2058 1633 2128 apud
1653 2058 1828 2114 Turo-

185 2147 365 2203 nicam
401 2146 603 2202 urbem
640 2145 806 2216 plena
837 2146 1061 2200 dierum
1094 2145 1165 2200 ad
1201 2145 1498 2201 Dominum
1533 2145 1823 2215 migravit,

184 2240 240 2292 et
268 2236 324 2291 in
356 2233 593 2291 basilica
629 2234 814 2291 sancti
849 2235 1005 2289 Petri
1038 2233 1291 2304 apostoli
1322 2234 1391 2290 ad
1430 2232 1583 2290 latus
1604 2234 1708 2289 viri
1736 2234 1824 2289 sui

185 2323 458 2381 Clodovei
490 2321 720 2393 sepulta
749 2327 840 2379 est
881 2337 911 2378 a
961 2322 1096 2378 ﬁliis
1140 2322 1264 2379 suis
1312 2320 1640 2377 Ilildiberto
1670 2321 1738 2354 ⁷³³
1768 2336 1824 2385 ei,

184 2411 459 2481 Clotario,
496 2411 592 2467 ubi
620 2417 677 2466 et
709 2410 1039 2467 beatissima
1070 2410 1356 2466 Genovefa
1388 2410 1655 2480 quiescit.

251 2499 583 2556 Clotharius
602 2504 794 2556 autem
819 2513 921 2554 rex
946 2497 1015 2553 dc
1041 2498 1292 2553 diversis
1309 2498 1588 2554 uxoribus
1602 2502 1826 2569 septem

183 2588 382 2645 habuit
432 2588 607 2658 ﬁlios,
644 2588 716 2643 de
764 2589 1018 2656 lngunde
1051 2587 1247 2657 regina
1278 2586 1679 2656 Guntharium,
1715 2586 1828 2641 Hil-

183 2676 462 2747 dericum,
480 2674 932 2745 Sigibertumm,
952 2677 1409 2744 Guntrammum,
1430 2675 1697 2731 Heribert
1712 2689 1823 2743 um,

185 2770 241 2821 et
264 2765 437 2821 ﬁliam
463 2764 875 2821 Glodesindam
901 2781 915 2828 ;
947 2764 1017 2818 de
1042 2764 1417 2832 Regingunda
1440 2777 1600 2827 vero,
1625 2777 1827 2818 sorore

185 2853 476 2923 Ingundis,
538 2852 742 2908 habuit
795 2851 1167 2922 Hilpericum.
1214 2852 1324 2906 Per
1372 2864 1625 2906 amorem
1676 2850 1825 2905 enim

186 2942 479 3012 lngundis,
506 2956 577 2997 eo
609 2940 762 3012 quod
794 2945 949 2996 esset
983 2940 1224 3010 pulchra
1257 2946 1312 2994 et
1348 2938 1582 3009 decora,
1609 2944 1667 2993 et
1704 2938 1826 3010 ipse

185 3030 417 3087 nimium
449 3034 606 3086 esset
640 3029 998 3097 luxuriosus,
1040 3043 1303 3085 sororem
1342 3028 1469 3099 ejus
1502 3027 1829 3097 Regingun-

185 3119 309 3175 dam
341 3120 570 3191 accepit
603 3119 658 3173 in
690 3117 1043 3187 conjugium.
1077 3120 1155 3172 De
1205 3118 1413 3173 Gusina
1461 3129 1691 3187 quoque
1736 3130 1828 3171 ac-

184 3209 336 3280 cepit
369 3209 727 3264 Gratianum.
758 3206 864 3272 Qui
893 3222 1021 3262 eum
1055 3211 1217 3261 esset
1266 3206 1518 3261 decorus
1570 3204 1739 3260 nimis
1767 3209 1827 3259 et

132 3360 139 3365 ,
184 3298 426 3354 acerbus
455 3311 524 3353 ac
553 3294 823 3365 callidus,
862 3294 1012 3366 patri
1046 3294 1372 3363 rebellavit,
1406 3293 1506 3349 sed
1538 3297 1748 3364 captus
1768 3297 1825 3349 et

182 3385 249 3442 ad
282 3392 509 3457 patrem
541 3383 830 3442 adductus
876 3382 965 3454 ⁷⁸⁸,
1016 3384 1071 3438 in
1117 3398 1251 3438 casa
1305 3384 1550 3452 quadam
1596 3380 1825 3437 incendi

176 3472 374 3543 jussus
404 3478 521 3529 est.
560 3472 919 3529 Hildibertus
951 3487 1107 3539 vero,
1135 3472 1317 3526 frater
1350 3469 1647 3539 Clotharii,
1674 3470 1826 3540 apud

182 3562 465 3620 Parisium
499 3562 599 3618 diu
620 3567 928 3631 aegrotans,
958 3565 1220 3616 mortuus
1250 3564 1373 3625 est;
1398 3560 1564 3628 cujus
1586 3573 1828 3627 regnum

182 3654 238 3707 et
301 3652 613 3710 thesauros
670 3649 1000 3707 Clotharius
1056 3664 1159 3705 rex
1218 3656 1524 3705 assecutus
1572 3653 1682 3703 est.
1732 3647 1831 3702 His

182 3740 353 3797 etiam
386 3741 758 3812 temporibus
790 3741 993 3796 beatus
1025 3739 1330 3794 Medardus
1366 3738 1682 3808 episcopus
1714 3736 1831 3807 ple-

183 3843 290 3886 nus
321 3828 649 3885 virtutibus
698 3829 969 3898 migravit
1017 3828 1083 3884 ad
1135 3828 1456 3896 Dominum,
1511 3840 1677 3896 quem
1729 3841 1832 3880 rex

186 3918 519 3976 Clotharius
549 3919 605 3973 in
639 3918 951 3974 Suessione
981 3918 1221 3974 civitate
1247 3931 1377 3972 cum
1411 3930 1613 3985 magna
1644 3914 1831 3985 gloria

185 4007 419 4079 sepeliri
462 4007 623 4063 fecit.

249 4095 394 4152 Post
426 4095 555 4152 haec
588 4093 920 4151 Clotharius
950 4108 1053 4150 rex
1104 4094 1264 4149 febre
1309 4096 1617 4163 correptus
1664 4092 1827 4161 obiit,

184 4197 330 4242 anno
346 4185 616 4257 regnisui
643 4190 757 4254 διο,
776 4198 1133 4254 regnumque
1157 4183 1285 4253 ejus
1310 4186 1566 4253 quatuor
1587 4182 1684 4236 ﬁlii
1705 4180 1832 4250 ejus

187 4271 335 4328 inter
365 4286 429 4330 se
467 4272 817 4341 diviserunt,
851 4271 1075 4328 scilicet
1129 4270 1491 4339 Heribertus,
1528 4269 1833 4325 Guntram-

184 4374 330 4432 mus,
362 4361 718 4435 Hilpericus,
745 4360 1096 4430 Sigibertus,
1121 4358 1467 4429 accepitque
1490 4360 1833 4414 Heribertus

187 4464 424 4520 regnum
459 4450 770 4506 Hildiberti
808 4448 997 4520 patrui
1041 4447 1151 4518 sui,
1187 4451 1498 4517 sedemque
1525 4447 1829 4503 constituit

182 4536 489 4606 Parisius;
526 4540 935 4595 Guntrammus
964 4540 1177 4604 autem,
1214 4549 1451 4604 regnum
1483 4533 1832 4590 Clodomiris

185 4628 503 4699 accipiens,
538 4626 868 4684 Aurelianis
898 4626 1094 4681 sedem
1125 4623 1433 4680 constituit
1459 4641 1474 4690 ;
1506 4623 1832 4694 Hilpericus

1938 649 2097 706 illum
2142 650 2330 707 solum
2363 664 2491 706 cum
2530 663 2642 705 uno
2676 653 2839 704 tanto
2868 647 2978 704 sibi
3031 646 3372 704 ﬁdelissimo
3419 647 3585 703 dimi-

1938 742 2140 793 serunt
2169 737 2336 807 juxta
2370 737 2617 793 rivulum
2653 735 2958 806 quendam.
2995 734 3173 800 Quem
3214 750 3342 791 cum
3384 734 3582 804 gravis

1938 841 2174 883 somnus
2206 832 2462 896 urgeret,
2487 829 2660 896 caput
2694 839 2860 881 suum
2893 824 2949 879 in
2984 823 3142 880 illius
3173 822 3363 879 ﬁdelis
3395 822 3485 879 sui
3510 823 3583 880 si-

1937 928 2071 970 num
2105 914 2298 985 posuit
2329 920 2387 969 et
2418 912 2715 969 dormivit.
2751 913 2888 968 Cum
2940 910 3136 967 subito
3186 910 3331 966 vidit
3382 910 3480 965 ille
3523 910 3579 966 in

1937 1001 2105 1071 cujus
2137 1003 2267 1058 sinu
2300 1002 2644 1070 dormiebat,
2674 1000 2839 1071 quasi
2867 1012 3104 1070 parvum
3134 997 3345 1053 animal
3379 997 3448 1054 de
3479 1014 3581 1057 ore

1940 1088 2095 1157 regis
2129 1087 2294 1145 exire
2317 1093 2376 1143 et
2398 1087 2468 1142 ad
2494 1086 2676 1142 rivum
2702 1085 2942 1141 tendere
2969 1084 3267 1155 multoque
3290 1085 3416 1141 nisu
3445 1092 3583 1141 tem-

1937 1180 2106 1246 ptare
2121 1174 2169 1232 si
2186 1190 2298 1246 quo
2315 1174 2485 1230 modo
2511 1179 2702 1244 posset
2724 1172 2997 1229 transire.
3018 1173 3272 1242 Cumque
3292 1173 3582 1229 transitus

1937 1264 2159 1335 copiam
2206 1279 2317 1320 non
2369 1264 2674 1329 inveniret,
2710 1262 2807 1318 ille
2859 1262 2955 1334 qui
3005 1262 3115 1318 hoc
3150 1261 3294 1317 vidit
3325 1261 3580 1331 gladium

1938 1368 2105 1410 suum
2137 1354 2207 1409 dc
2240 1353 2443 1423 vagina
2468 1352 2692 1421 eduxit,
2720 1352 2962 1422 rivoque
2985 1365 3408 1421 superponens,
3437 1351 3580 1407 illud

1938 1442 2195 1498 transire
2245 1442 2400 1497 fecit.
2436 1442 2744 1498 Transiens
2790 1445 2982 1500 autem
3030 1439 3236 1509 rivum,
3274 1454 3381 1495 non
3416 1439 3584 1510 longe

1939 1528 2072 1585 inde
2104 1530 2157 1585 in
2192 1531 2447 1586 foramen
2481 1545 2654 1586 unum
2684 1528 2899 1585 montis
2925 1528 3092 1597 juxta
3118 1527 3578 1599 positilntravit,

1941 1632 2354 1689 reversumque
2378 1632 2483 1688 per
2500 1617 2742 1673 eandem
2765 1617 2935 1685 viam,
2955 1620 3085 1688 post
3106 1615 3306 1672 horam
3329 1631 3498 1672 unam
3524 1617 3581 1673 in

1940 1719 2008 1761 os
2032 1706 2188 1775 regis
2213 1706 2710 1762 rursusintroivit.
2731 1704 2836 1770 Qui
2855 1719 2987 1760 mox
3000 1704 3301 1774 evigilans,
3319 1718 3581 1775 magnam

1940 1794 2218 1849 visionem
2235 1808 2296 1850 se
2312 1794 2526 1850 vidisse
2542 1795 2819 1862 narravit,
2838 1792 3099 1863 dixitque
3113 1793 3220 1849 sibi
3237 1794 3584 1864 apparuisse

1942 1881 1997 1937 in
2028 1884 2266 1951 somnis,
2303 1884 2456 1953 quod
2500 1883 2613 1938 iter
2658 1896 2837 1951 agens
2887 1881 2955 1937 ad
3011 1883 3295 1952 quendam
3347 1882 3583 1938 fluvium

1942 1985 2208 2040 magnum
2241 1971 2486 2041 veniret,
2513 1985 2679 2041 quem
2713 1985 2813 2042 per
2847 1972 3096 2026 ferreum
3129 1976 3359 2042 pontem
3390 1975 3584 2027 trans-

1940 2059 2073 2127 iret,
2105 2059 2459 2129 veniensque
2484 2060 2593 2115 sub
2622 2062 2875 2114 montem
2900 2058 3206 2130 quendam,
3234 2059 3478 2116 multum
3504 2059 3582 2115 ibi

1941 2162 2143 2204 aurum
2165 2147 2410 2204 videret.
2437 2147 2600 2213 Quod
2624 2162 2754 2203 cum
2781 2147 2862 2201 illi
2898 2145 3053 2202 ﬁdeli
3088 2162 3196 2203 suo
3228 2151 3495 2203 narraret
3519 2146 3584 2202 il-

1941 2234 2111 2306 leque
2144 2235 2402 2292 vicissim
2427 2235 2537 2291 sibi
2563 2235 2749 2292 omnia
2776 2250 2903 2306 quae
2924 2238 3086 2305 gesta
3106 2240 3241 2291 sunt
3263 2235 3579 2308 intimaret,

1941 2322 2214 2380 adlocum
2238 2323 2397 2380 illum
2415 2330 2813 2393 accesserunt,
2833 2323 3236 2394 fodientesque
3252 2324 3431 2380 multa
3448 2338 3584 2395 pon-

1942 2411 2078 2468 dera
2111 2410 2238 2470 auri
2259 2411 2326 2445 ⁷²⁶
2343 2413 2668 2483 antiquitus
2690 2412 2766 2468 ibi
2792 2412 3080 2469 reconditi
3104 2411 3448 2469 invenerunt
3476 2430 3491 2480 ;
3514 2411 3584 2468 de
3659 2421 3666 2428 ‘

1942 2514 2057 2570 quo
2092 2515 2234 2557 auro
2270 2516 2371 2556 rex
2403 2500 2554 2556 idem
2590 2505 2793 2571 postea
2835 2500 3117 2558 ciborium
3159 2516 3425 2571 magnum
3457 2499 3582 2556 ﬁeri

1942 2588 2303 2659 diversisque
2334 2589 2580 2659 gemmis
2609 2589 2879 2644 exornari
2913 2589 3262 2661 precipieus,
3302 2589 3490 2646 voluit
3520 2588 3586 2644 il-

1942 2675 2040 2733 lud
2058 2677 2582 2734 "7Hierosolimam
2598 2678 2669 2733 ad
2685 2678 3061 2743 sepulchrum
3085 2678 3306 2734 Domini
3326 2679 3579 2749 mittere,
3636 2688 3641 2694 ‘

1941 2767 2039 2821 sed
2073 2782 2202 2823 cum
2242 2766 2349 2823 hoc
2397 2766 2679 2837 perﬁcere
2728 2782 2840 2822 non
2890 2768 3200 2838 potuisset,
3229 2766 3408 2838 jussit
3439 2766 3583 2826 illud

1943 2854 2073 2924 poni
2105 2869 2277 2925 supra
2309 2870 2524 2925 corpus
2574 2856 2725 2911 beati
2776 2856 2825 2911 M
2866 2856 3032 2911 rcelli
3080 2856 3339 2912 martiris
3380 2856 3435 2911 in
3487 2857 3586 2912 Ca-

1941 2941 2155 2998 billona
2179 2943 2418 2999 civitate
2439 2943 2674 3015 sepulti,
2702 2944 3036 3015 diciturque
3058 2945 3216 3003 aliud
3239 2943 3373 3002 huic
3396 2943 3584 3001 simile

1940 3046 2053 3088 non
2086 3031 2349 3088 inveniri.

2013 3121 2103 3191 (G.
2123 3121 2247 3191 Fr.)
2264 3120 2590 3191 Hilpericus
2605 3127 2794 3177 autem
2811 3122 3035 3193 accepit
3062 3138 3296 3179 uxorem
3323 3124 3587 3183 Audevo-

1940 3222 2082 3277 ram,
2118 3223 2245 3280 qua;
2279 3210 2501 3280 peperit
2526 3216 2584 3264 et
2617 3216 2737 3265 tres
2774 3210 2940 3279 ﬁlios,
2966 3211 3450 3279 Theodebertum,
3479 3214 3589 3271 Me-

1942 3311 2177 3353 rovcum
2208 3302 2263 3353 et
2296 3297 2662 3355 Clodoveum.
2690 3300 3031 3355 Heribertus
3061 3314 3199 3356 vero
3230 3301 3397 3357 duxit
3422 3304 3585 3373 lngo-

1941 3386 2195 3455 bergam.
2234 3386 2372 3452 Quae
2395 3403 2524 3443 cum
2557 3387 2796 3444 haberet
2830 3389 2975 3443 duas
3007 3387 3231 3459 puellas
3259 3390 3428 3445 nimis
3457 3390 3584 3461 pul-

1940 3473 2131 3544 chras,
2165 3474 2467 3543 cujusdam
2502 3477 2774 3547 pauperis
2808 3476 2972 3546 ﬁlias,
3001 3492 3102 3533 rex
3125 3478 3179 3531 in
3204 3491 3457 3533 amorem
3491 3493 3587 3535 ea-

1942 3577 2067 3619 rum
2092 3564 2469 3619 vehementer
2491 3565 2733 3620 exarsit.
2761 3566 2914 3631 Quas
2939 3581 3065 3621 cum
3093 3566 3292 3635 regina
3324 3566 3458 3622 odio
3486 3566 3586 3624 ha-

1943 3649 2128 3719 beret,
2165 3664 2268 3704 rex
2300 3649 2486 3707 iratus
2513 3666 2639 3707 eam
2669 3652 2903 3722 abjecit,
2938 3657 2994 3706 et
3046 3667 3213 3709 unam
3262 3666 3334 3709 ex
3374 3651 3493 3710 illis
3525 3654 3581 3710 in

1938 3737 2273 3808 conjugium
2307 3739 2575 3810 sumpsit,
2600 3739 2808 3795 deinde
2840 3740 3082 3795 alteram
3108 3756 3338 3811 quoque
3359 3741 3469 3798 sibi
3493 3756 3585 3799 co-

1943 3824 2187 3897 pulavit.
2216 3828 2328 3881 Pro
2361 3842 2471 3897 qua
2493 3842 2554 3883 re
2577 3844 2707 3884 cum
2733 3835 2972 3885 sanctus
2997 3830 3314 3886 Germanus
3337 3830 3585 3887 Parisio-

1946 3928 2072 3970 rum
2086 3914 2403 3987 episcopus
2418 3924 2704 3987 utrosque
2719 3919 3270 3989 excommunicaret,
3288 3923 3345 3975 et
3363 3934 3463 3976 rex
3477 3919 3585 3977 hoc

1943 4004 2375 4074 parvipendens
2397 4021 2521 4060 eain
2549 4021 2662 4061 non
2686 4008 3031 4077 dimitteret,
3056 4023 3337 4078 percussa
3369 4008 3469 4065 Dei
3496 4010 3587 4080 ju-

1944 4092 2116 4162 dicio,
2140 4099 2366 4150 mortua
2388 4099 2496 4164 est,
2515 4109 2619 4150 nec
2645 4097 2827 4151 multo
2854 4101 2984 4166 post
3008 4110 3110 4151 rex
3134 4096 3256 4167 ipse
3275 4096 3586 4155 defunctus

1943 4184 2052 4234 est.
2090 4181 2269 4235 Porro
2300 4181 2629 4249 Sigibertus
2662 4196 2765 4236 rex
2797 4183 2999 4237 videns
3031 4183 3346 4252 nequitiam
3382 4185 3585 4241 fratris

1944 4268 2056 4336 sui,
2079 4266 2429 4337 dedignatus
2450 4268 2588 4323 talia
2614 4270 3265 4339 conjugia,legationem
3289 4272 3345 4329 in
3370 4274 3587 4346 Hyspa-

1943 4357 2093 4412 niam
2126 4357 2302 4426 misit,
2338 4371 2612 4427 regisque
2663 4358 2836 4412 ﬁliam
2886 4358 3283 4415 Brunihildem
3325 4361 3494 4431 petiit
3526 4368 3585 4420 et

1944 4445 2195 4516 accepit,
2231 4446 2480 4516 puellam
2515 4445 2816 4516 pulchram
2848 4448 2904 4501 et
2938 4446 3299 4515 ingeniosam
3325 4467 3340 4517 ;
3362 4452 3418 4505 et
3452 4450 3587 4520 quia

1945 4534 2204 4591 Arrianae
2228 4534 2339 4603 legi
2366 4533 2625 4602 subjecta
2646 4539 2794 4603 erat,
2816 4533 2872 4589 in
2905 4534 3132 4590 nomine
3161 4542 3379 4593 sancta;
3408 4539 3590 4594 Trini-

1946 4623 2087 4680 tatis
2109 4636 2234 4679 eam
2262 4622 2546 4693 baptizari
2564 4621 2808 4691 jubebat
2834 4636 2941 4689 ;ex
2964 4636 3074 4692 qua
3099 4621 3278 4679 ﬁlium
3303 4624 3590 4684 Hildiber—

184 4690 340 4787 vero,
359 4690 605 4787 regnum
630 4714 815 4787 patris
830 4714 916 4771 sui
934 4690 1834 4784 Clothariipossidens,Suessio-
1862 4690 1916 4752 D
1943 4717 2067 4769 tum
2098 4690 2480 4783 suscipiebat.
2510 4690 2607 4765 llis
2630 4690 2998 4781 temporibus
3019 4715 3261 4767 sanctus
3282 4713 3580 4772 Columba-

185 4804 272 4861 nis
303 4805 506 4863 sedem
538 4804 777 4877 posuit;
810 4803 1138 4873 Sigibertus
1165 4806 1358 4858 autem
1390 4815 1627 4871 regnum
1658 4801 1834 4856 Theo-

188 4890 386 4965 derici,
403 4893 640 4951 scilicet
654 4892 1038 4962 Austrasiam,
1057 4890 1323 4960 sortitus,
1341 4890 1491 4960 apud
1518 4891 1831 4945 Metensem

187 4980 486 5040 civitatem
541 4981 705 5052 regni
738 4982 932 5038 sedem
962 4978 1031 5013 ⁷⁸³
1064 4980 1297 5036 locavit.
1334 4980 1523 5050 (PAUL.
1557 4978 1714 5034 Duc.
1749 4991 1831 5049 ιιι,

186 5071 297 5141 33.)
328 5072 411 5128 Ex
445 5070 664 5143 quibus
695 5071 1107 5127 Guntrammus
1140 5083 1243 5124 rex
1285 5067 1562 5139 paciﬁcus
1591 5072 1648 5121 et
1680 5066 1833 5124 omni

186 5158 450 5217 bonitate
482 5158 797 5216 laudabilis
819 5164 967 5228 erat,
995 5157 1290 5228 vitamque
1313 5157 1369 5212 in
1393 5154 1837 5213 conversatione

185 5253 391 5304 sancta
423 5248 681 5305 ducebat
710 5265 725 5314 ;
757 5247 925 5316 cujus
954 5261 1129 5303 unum
1162 5249 1376 5303 factum
1411 5244 1672 5302 mirabile
1704 5243 1838 5300 huic

184 5338 347 5410 operi
380 5338 582 5411 placet
615 5336 895 5392 inserere.
924 5334 1183 5400 Quodam
1206 5340 1471 5407 tempore
1504 5334 1639 5391 dum
1670 5348 1840 5391 vena-

1945 4817 2055 4859 nus
2085 4802 2156 4857 de
2188 4801 2460 4856 Hibernia
2494 4800 2546 4854 in
2581 4798 2819 4855 Galliam
2852 4800 3031 4869 venit,
3056 4814 3225 4869 quem
3259 4801 3589 4871 Sigibertus

1947 4906 2051 4946 rex
2075 4889 2319 4959 benigne
2339 4890 2621 4961 suscepit.
2650 4888 2977 4961 Hilpericus
3001 4893 3215 4960 autem,
3243 4890 3424 4946 frater
3446 4891 3589 4963 Sigi-

1949 4978 2122 5047 berti,
2143 4978 2348 5034 videns
2370 4994 2502 5035 eum
2523 4979 2700 5048 regali
2733 4978 3004 5050 conjuge
3034 4977 3428 5050 sublimatum,
3454 4996 3586 5039 cum

1942 5065 2057 5137 jam
2084 5065 2282 5137 plures
2298 5081 2512 5124 uxores
2525 5068 2790 5138 haberet,
2806 5082 3066 5123 sororem
3081 5066 3435 5125 Brunihildis
3449 5076 3589 5128 natu

1950 5155 2244 5226 majorem,
2267 5157 2494 5212 nomine
2527 5156 2944 5225 Geltsuindam,
2964 5157 3019 5212 in
3040 5157 3370 5227 conjugium
3393 5159 3587 5231 petiit,

1952 5245 2301 5316 promittens
2327 5259 2428 5315 per
2451 5244 2695 5317 legatos,
2712 5259 2912 5302 omnes
2931 5243 3075 5301 alias
3096 5259 3381 5303 uxoresse
3397 5246 3592 5305 dimis-

1952 5348 2171 5391 surum.
2201 5332 2325 5399 Qua
2348 5333 2703 5405 desponsata
2722 5341 2933 5392 etcum
2957 5334 3157 5392 multis
3181 5335 3477 5392 thesauris
3498 5349 3597 5394 ac-

1542 5482 1780 5542 VARIE
1823 5483 2221 5540 LECTIONES.

250 5614 319 5722 Τ
344 5620 720 5722 φάιίὡηέοιίρ
749 5619 1015 5722 ιιὶξιᾶθῠὺέ
1041 5616 1685 5722 {nondoxhild’e'bz
1721 5615 1893 5722 eligit);
1924 5614 2621 5722 afﬁciens'iggb;
2643 5614 3013 5684 scripturum
3036 5630 3113 5674 ea:
3137 5617 3420 5689 plurimis
3454 5616 3599 5676 locis
3698 5648 3701 5651 ν

471 5692 547 5728 ⁷⁸⁸
577 5695 793 5752 ductus
818 5698 867 5749 ὅ.
945 5689 1015 5724 ⁷³⁸
1041 5703 1091 5748 ε.
1124 5704 1170 5746 r.
1207 5694 1256 5743 δ,
1335 5687 1404 5722 'm
1436 5688 1598 5747 de“;
1621 5692 1672 5743 δ’
1751 5687 1819 5723 m

182 5695 389 5767 recipi.

1850 5703 1905 5743 ν.
1939 5687 2009 5743 ad
2042 5684 2363 5742 iher.’illud
2395 5686 2465 5741 ad
2488 5689 2563 5739 9°.
