3946 6438
462 475 578 543 Ἠθ

1634 468 2120 537 ΕΚΚΕΗΑΗΟΙ
2166 468 2694 538 URAUGENSIS

3743 474 3838 545 720

418 616 425 619 ’
463 621 654 688 cepta,
682 612 1084 685 Fridegundis,
1110 611 1377 686 quaedam
1406 626 1479 673 ex
1511 609 1794 673 uxoribus
1819 610 1949 683 ejus
1980 608 2104 682 plu-
2134 605 2422 683 Afrum
2442 609 3835 688 tuus,:eddemerm-iccguadamwairistuim-

461 705 643 775 rimis,
668 717 884 776 genere
914 700 1104 758 inﬁma
1129 701 1232 760 sed
1254 703 1516 774 speciosa
1539 699 1854 772 etcallida,
1881 701 2029 757 hanc
2048 701 2103 756 in

459 801 653 852 stratu
683 807 792 851 suo
823 807 926 864 per
947 796 1177 849 noctem
1203 791 1616 862 strangulavit,
1640 797 1695 847 et
1721 792 1972 863 priorem
1996 794 2107 847 Au-

454 886 731 941 devoram
752 879 823 916 ⁷²⁸
841 880 1092 937 consilio
1126 880 1376 952 pessimo
1406 880 1479 937 ab
1508 894 1580 937 eo
1611 881 1928 950 separavit,
1955 878 2107 950 ipsa-

457 986 569 1045 que
596 971 651 1028 in
684 969 880 1028 locum
913 983 1114 1027 earum
1147 969 1317 1040 quasi
1348 968 1607 1039 legitima
1651 967 1957 1026 successit.

524 1062 604 1117 Eo
623 1065 893 1132 tempore
915 1058 1279 1115 Justinianus
1303 1058 1624 1129 imperator
1645 1056 1797 1129 apud
1823 1058 2103 1114 Constan-

452 1148 760 1222 tinOpolim
792 1148 963 1215 obiit,
993 1148 1259 1204 Justinus
1299 1161 1439 1202 vero
1485 1145 1790 1217 imperium
1835 1146 2095 1201 ambivit.

522 1240 662 1294 Post
685 1238 810 1294 haec
837 1235 1637 1308 [lilpericusThcodebcrtum
1650 1233 1720 1267 ⁷³⁸
1735 1234 1914 1290 filium
1931 1248 2099 1289 suum

450 1327 604 1386 ultra
638 1327 898 1397 Ligerem
931 1326 986 1381 in
1031 1339 1271 1395 regnum
1306 1323 1506 1381 fratris
1539 1323 1629 1380 sui
1659 1323 1935 1393 Sigiberti
1967 1338 2097 1379 cum

446 1415 713 1474 exercitu
743 1414 958 1472 direxit
984 1432 998 1480 ;
1024 1413 1122 1485 qui
1155 1428 1285 1469 mox
1305 1413 1594 1469 Turonum
1619 1418 1677 1467 et
1700 1412 1982 1467 Pictavim
2008 1426 2100 1467 ce-

444 1510 724 1577 terasque
743 1504 921 1562 urbes
938 1503 1174 1572 invasit,
1192 1501 1492 1559 aecclesias
1516 1499 1792 1570 incendit,
1810 1505 2097 1557 monaste-

445 1594 531 1651 ria
563 1594 881 1664 destruxit,
930 1591 1182 1649 clericos
1228 1591 1521 1647 interfecit
1556 1604 1728 1654 eum;
1764 1590 2095 1661 Hilpericus

445 1697 583 1740 vero
606 1696 736 1741 cum
759 1695 943 1740 uxore
979 1678 1050 1713 ἠο
1081 1678 1445 1749 Fridegunda
1478 1678 1624 1748 fugit
1657 1677 1713 1733 in
1746 1679 2088 1734 Turnacum.

444 1771 774 1845 Sigibertus
806 1774 997 1828 autem
1020 1767 1294 1825 civitates
1317 1783 1442 1839 quae
1467 1766 1619 1824 ultra
1643 1766 2090 1839 Parisium_sunt

440 1861 754 1936 accipiens,
789 1874 919 1918 cum
952 1858 1176 1930 Franci,
1211 1858 1308 1929 qui
1338 1855 1406 1890 7“
1439 1856 1728 1927 quondam
1763 1856 2089 1912 Hildiberto

440 1950 657 2009 seniori
690 1948 914 2007 subditi
948 1952 1136 2017 erant,
1164 1946 1317 2003 hunc
1340 1946 1556 2000 vellent
1588 1959 1767 2016 super
1796 1959 1857 1999 se
1891 1958 2085 2014 regem
2117 1970 2172 2032 Β

438 2039 802 2096 constituere
828 2042 887 2093 et
920 2035 1275 2107 Hilpericum
1312 2034 1664 2104 relinquere,
1693 2033 1997 2089 fraudibus
2026 2040 2083 2089 et

436 2127 682 2185 consilio
697 2124 1101 2196 Fridegundis,
1118 2138 1245 2194 quae
1261 2122 1496 2179 nimium
1512 2120 1721 2178 callida
1745 2126 1893 2191 erat,
1913 2122 2089 2178 inter-

438 2218 629 2274 fectus
657 2220 769 2285 est,
797 2228 947 2271 anno
978 2211 1139 2284 regni
1171 2212 1260 2269 sui
1292 2214 1409 2281 MO,
1433 2214 1630 2269 aetatis
1661 2215 1855 2267 autem
1877 2209 1946 2243 ⁷³²
1968 2214 2081 2268 400.

435 2308 593 2364 Tunc
623 2303 979 2362 Brunihildis
1010 2317 1141 2358 cum
1175 2300 1309 2357 filiis
1342 2301 1465 2357 suis
1499 2300 1651 2372 apud
1680 2300 1967 2357 Parisium
1999 2314 2086 2356 se-

436 2394 612 2451 debat
635 2412 648 2461 ;
668 2391 1050 2451 Gundoaldus
1080 2394 1272 2447 autem
1314 2389 1450 2458 dux,
1476 2390 1575 2460 qui
1621 2394 1750 2445 erat
1780 2391 1963 2460 major
1984 2388 2085 2447 Jo-

436 2497 583 2553 mus,
610 2480 792 2538 filium
824 2478 1100 2551 Sigiberti
1133 2476 1441 2549 parvulum
1467 2476 1856 2533 Ilildibertum
1884 2478 2081 2533 furtim

435 2585 539 2646 per
569 2575 800 2627 noctem
832 2567 1100 2637 abstulit,
1131 2572 1189 2623 et
1222 2581 1353 2623 cum
1386 2581 1455 2622 eo
1497 2566 1663 2637 fugit,
1699 2564 2081 2637 collectisque

429 2661 727 2731 gentibus,
754 2673 935 2730 super
965 2672 1110 2729 quas
1138 2661 1305 2728 pater
1335 2656 1461 2726 ejus
1490 2660 1859 2726 regnaverat,
1886 2671 2079 2725 regem

430 2747 593 2805 illum
626 2747 951 2805 constituit.
973 2749 1254 2816 Tempore
1279 2744 1378 2799 illo
1405 2746 1612 2800 beatus
1635 2745 1956 2800 Germanus
1980 2746 2081 2800 Pa-

432 2835 704 2892 risiorum
736 2834 1076 2905 episcopus,
1116 2831 1319 2904 plenus
1366 2832 1689 2888 virtutibus
1737 2832 1959 2902 magnis
1987 2831 2075 2903 ⁷³³,

432 2923 700 2995 migravit
734 2923 805 2979 ad
838 2922 1159 2978 Dominum.
1184 2920 1389 2975 Mortui
1421 2925 1612 2976 autem
1638 2919 1862 2976 suntm
1884 2925 1940 2976 et
1975 2920 2075 2977 filii

431 3011 1085 3085 Hilpericiomnesquos
1100 3009 1348 3064 habebat
1366 3009 1436 3064 de
1462 3008 1853 3079 Fridegunde;
1880 3010 1981 3066 sed
2005 3011 2076 3068 ad

430 3099 697 3158 ultimum
718 3098 917 3171 genuit
935 3097 1316 3167 Clotharium,
1334 3097 1429 3167 qui
1449 3102 1649 3167 postea
1668 3098 1855 3155 factus
1867 3104 1956 3155 est
1975 3115 2076 3156 rex

428 3204 691 3262 magnus,
715 3195 774 3246 et
796 3189 889 3246 hic
912 3188 1114 3261 genuit
1138 3183 1552 3257 Da’gobertum.
1577 3189 1733 3245 Inter
1757 3188 1875 3246 haec
1900 3189 2076 3245 maxi-

424 3295 529 3338 mae
554 3279 863 3337 discordia;
878 3283 1023 3336 ortae
1037 3283 1173 3335 sunt
1190 3276 1344 3332 inter
1359 3276 1713 3347 Hilpericum
1728 3282 1784 3333 et
1802 3284 2071 3349 nepotem

423 3385 586 3427 suum
620 3368 1029 3435 Hildibcrtum,
1068 3365 1246 3422 illium
1299 3366 1598 3436 Sigiberti,
1642 3366 2072 3438 irritabantque

416 3473 520 3517 eos
537 3472 611 3515 ex
633 3457 901 3528 utrisque
922 3454 1192 3528 partibus
1223 3454 1677 3524 Fridegundiset
1694 3455 2065 3513 Brunihildis.

416 3548 495 3604 Eo
529 3561 759 3618 quoque
791 3550 848 3602 te
877 3571 885 3593 ι
912 3559 1054 3616 pore
1087 3549 1351 3600 mortuus
1401 3549 1493 3598 est
1549 3544 1713 3599 bonas
1774 3544 2068 3601 memoriae

415 3636 829 3692 Guntrammus
861 3647 965 3689 rex
999 3631 1257 3701 inclitus,
1286 3632 1466 3687 frater
1491 3630 1790 3699 Hilperici,
1816 3647 1946 3689 cum
1982 3648 2069 3689 re-

412 3727 620 3794 gnaret
663 3721 830 3779 annis
879 3724 985 3785 31;
1031 3719 1202 3789 cujus
1246 3734 1505 3789 regnum,
1540 3720 1771 3775 scilicet
1808 3722 2067 3792 Burgun-

413 3810 588 3881 diam,
615 3810 1000 3877 ilildibertus,
1029 3806 1328 3864 fratruelis
1349 3808 1495 3878 ejus,
1515 3808 1760 3878 accepit.
1781 3811 1909 3865 Post
1941 3811 2062 3869 haec

411 3914 541 3956 eum
558 3898 944 3968 Fridegundis
958 3896 1311 3954 adulterium
1325 3911 1454 3953 cum
1474 3897 1785 3953 Landerico
1811 3899 2059 3968 quodam

408 3988 804 4045 committeret
828 3986 1015 4042 ethoc
1040 3985 1160 4055 regi
1186 3984 1477 4056 llilperico
1510 3985 1929 4051 innotesceret,
1960 3988 2057 4044 illa

406 4090 535 4134 eum
555 4082 840 4145 metuens,
857 4073 1301 4146 egitconsilium
1326 4089 1454 4130 cum
1479 4074 2051 4145 duobusjuvenibus.

407 4165 505 4237 qui
539 4179 732 4237 regem
764 4178 897 4220 sero
930 4163 1001 4220 de
1035 4163 1344 4220 venatione
1373 4164 1722 4233 venientem,
1758 4166 1955 4221 statim
1989 4171 2051 4222 ut

407 4254 479 4311 de
528 4268 681 4325 equo
728 4251 1051 4325 descendit,
1086 4252 1528 4323 interfecerunt,
1563 4252 1906 4324 clamantes,
1943 4254 2051 4326 ipsi

405 4342 647 4401 insidias
675 4357 808 4400 esse
842 4343 912 4400 de
945 4347 1112 4414 parte
1144 4340 1495 4409 Hildiberti;
1527 4342 1731 4413 sicque
1764 4342 1888 4413 ipsa
1918 4359 2049 4399 cum

403 4431 522 4489 filio
545 4447 654 4489 suo
679 4433 922 4506 parvulo
946 4431 1243 4488 Clothario
1267 4445 1507 4501 regnum
1531 4432 1738 4488 tenuit.
1766 4432 2051 4489 Hildiber-

2216 698 2455 770 cubina,
2486 700 2574 758 sit
2590 699 2828 760 editur?
2850 701 2951 758 ille
2980 716 3118 760 vero
3169 702 3292 761 haec
3341 704 3608 775 audiens,
3640 711 3703 762 ut
3727 718 3833 766 erat

2216 789 2446 846 acerbis
2461 790 2603 845 mori
2616 793 2720 848 bus
2734 791 3050 848 exercitum
3068 792 3375 864 plurimum
3389 800 3594 852 contra
3621 797 3832 854 fratrem

2215 876 2453 934 direxit.
2499 881 2754 950 Cumque
2783 880 3161 938 convenirent
3198 882 3249 937 in
3285 882 3570 955 praelium,
3604 885 3833 943 Theode-

2213 965 2420 1023 hertus
2446 966 2557 1024 vict
2570 983 2657 1037 us,
2677 969 2819 1039 fugit
2836 968 3152 1026 Coloniam.
3169 971 3556 1029 Theodericus
3581 979 3764 1030 autem
3779 975 3831 1030 il-

2213 1052 2330 1109 lum
2356 1063 2722 1127 persecutus,
2741 1072 2870 1113 eum
2892 1063 3101 1114 cuncta
3118 1064 3432 1129 vastasset,
3447 1067 3503 1117 et
3523 1062 3766 1134 populus
3780 1070 3827 1121 ut

2212 1143 2499 1212 subjectis
2519 1146 2867 1215 parceretad
2884 1161 3013 1202 eum
3025 1147 3355 1217 clamasset,
3373 1149 3450 1204 ait
3470 1150 3834 1210 :Sioullisut

2196 1232 2647 1304 parcamoobis,
2672 1229 3127 1292 Theodebertum
3143 1236 3535 1295 mickivioum
3549 1238 3825 1309 adducite,

2209 1321 2321 1375 aut
2340 1322 2523 1392 caput
2548 1322 2677 1392 ejus
2706 1322 2919 1395 aferte
2968 1323 3038 1357 ⁷³⁸
3063 1326 3075 1379 !
3102 1324 3209 1390 Qui
3240 1325 3538 1382 civitatem
3572 1327 3824 1399 ingressi,

2207 1410 2665 1479 cumisuaderent
2680 1412 3099 1483 Theodeberto,
3117 1413 3530 1472 utthesaurum
3547 1417 3825 1487 redderet,

2208 1498 2486 1568 quatinus
2500 1500 2681 1556 frater
2694 1499 2821 1570 ejus
2838 1501 3161 1569 recederet,
3176 1501 3273 1559 ille
3288 1503 3485 1560 verbis
3501 1518 3701 1562 eorum
3715 1521 3827 1563 cre-

2207 1584 2401 1656 dulus,
2420 1587 2750 1656 ingreditur
2764 1589 3190 1645 thesaurarium
3206 1594 3460 1659 suum,et
3473 1606 3604 1648 cum
3621 1594 3829 1663 precin-

2205 1672 2434 1730 sissima
2459 1690 2705 1747 qumque
2729 1678 3077 1747 requireret,
3103 1693 3250 1736 unus
3272 1693 3343 1735 ex
3366 1679 3452 1735 cis
3471 1684 3636 1736 retro
3657 1681 3828 1738 cervi-

2203 1775 2327 1817 cem
2351 1762 2477 1832 ejus
2506 1764 2702 1834 gladio
2736 1766 3023 1837 percussit
3053 1772 3114 1823 et
3140 1773 3313 1838 caput
3342 1767 3468 1838 ejus
3498 1770 3822 1841 amputavit.

2201 1851 2593 1910 Theodericus
2623 1870 2762 1911 vero
2801 1856 3246 1927 apprehendens
3294 1856 3474 1929 ipsam
3522 1858 3821 1929 cititatem,

2204 1940 2420 1997 multos
2446 1942 2755 2001 thesauros
2778 1945 3025 2016 accepit,
3050 1945 3392 2016 rediensque
3414 1946 3486 2003 ad
3510 1948 3709 2005 urbem
3730 1950 3825 2004 Me-

2200 2033 2445 2102 tensem,
2464 2031 2637 2089 filiam
2653 2033 3031 2090 Theodeberti
3049 2034 3345 2104 pulchram
3363 2036 3529 2093 nimis
3548 2053 3676 2094 cum
3698 2039 3823 2096 duo-

2201 2119 2311 2176 bus
2336 2119 2469 2177 filiis
2492 2122 2751 2193 parvulis
2769 2123 3040 2199 abduxit,
3057 2123 3323 2194 ﬁliosque
3341 2126 3637 2197 occidens,
3663 2128 3821 2184 filiam

2199 2207 2255 2262 in
2290 2207 2621 2279 conjugium
2646 2211 2914 2281 accipere
2948 2211 3153 2268 voluit.
3179 2214 3277 2270 Cui
3302 2228 3431 2270 cum
3453 2214 3675 2272 diceret
3698 2218 3822 2273 Bru-

2199 2296 2438 2353 nihildis
2464 2317 2477 2352 :
2501 2300 2636 2355 Non
2648 2299 2819 2358 debes
2832 2301 3477 2375 ducereﬂliumfratris
3489 2304 3601 2375 tui,
3618 2305 3823 2362 illeira-

2202 2392 2295 2442 tus
2317 2386 2395 2443 ait
2422 2406 2434 2441 :
2458 2388 2666 2445 Nomia
2680 2388 2744 2445 tu
2757 2390 2978 2447 dixisti
2989 2389 3177 2448 michi
3191 2392 3472 2461 quodnon
3481 2393 3821 2465 esset/mter

2194 2489 2285 2531 me
2294 2490 2357 2532 ua
2373 2477 2395 2530 ?
2418 2478 2542 2533 Cur
2553 2478 2615 2533 in
2623 2477 3143 2550 duxistiauperme
3149 2481 3447 2550 peccatum
3458 2481 3579 2551 hoc,
3593 2483 3824 2540 auctrix

2192 2563 2439 2622 mortis?
2460 2566 2526 2620 Et
2547 2570 2855 2636 evagmato
2877 2568 3091 2638 cultro,
3108 2568 3291 2625 voluit
3312 2583 3434 2626 eam
3460 2571 3817 2641 transfigere;

2194 2653 2293 2708 sed
2328 2652 2425 2709 illa
2445 2668 2474 2710 a
2497 2654 3020 2713 circumstantibus
3042 2663 3240 2729 erepta
3266 2666 3376 2715 est.
3402 2661 3538 2717 Post
3560 2659 3680 2718 haec
3697 2662 3818 2718 odio

2193 2742 2370 2797 nimio
2401 2742 2635 2813 infecta,
2673 2745 2966 2816 potionem
3000 2752 3338 2803 venenatam
3385 2762 3489 2819 per
3532 2749 3820 2806 ministros

2193 2844 2335 2887 suos
2356 2831 2408 2885 ei
2433 2832 2648 2887 direxit
2677 2850 2693 2899 ;
2718 2848 2887 2902 quam
2913 2832 3011 2889 ille
3037 2834 3257 2904 bibens,
3278 2842 3535 2894 mortuus
3554 2842 3664 2893 est.
3689 2838 3821 2894 Tali-

2190 2922 2284 2975 ter
2315 2921 2493 2977 refert
2527 2922 2787 2991 hystor'a
2810 2924 3177 2980 Francorum.
3205 2923 3313 2982 Sed
3338 2925 3394 2980 in
3418 2925 3566 2982 libro
3597 2932 3818 2984 actuum

2191 3009 2378 3061 sancti
2411 3007 2745 3064 Columbani
2808 3010 2879 3077 (c.
2917 3015 3004 3067 57.
3057 3012 3169 3082 sq.)
3221 3010 3431 3080 legitur
3476 3013 3622 3082 quod
3675 3014 3818 3084 apud

2188 3094 2519 3152 Tuibiacum
2540 3099 3750 3170 pugnaverint,victumqueTheodeb:rtum
3764 3109 3816 3157 et

2190 3184 2507 3253 fugientem
2528 3186 2921 3243 Theodericus
2955 3188 3259 3245 insecutus
3288 3189 3734 3260 apprehende.it
3763 3196 3815 3245 et

2187 3273 2259 3329 ad
2275 3274 2458 3330 aviam
2475 3290 2635 3332 suam
2654 3277 3046 3334 Brunihildem
3061 3278 3390 3349 adduxerit,
3408 3295 3575 3350 quem
3602 3279 3700 3337 illa
3714 3280 3817 3337 cle-

2187 3363 2369 3420 ricum
2392 3364 2516 3420 fieri
2544 3367 2856 3436 rogaverit,
2874 3368 2975 3424 sed
2994 3382 3104 3423 non
3125 3374 3250 3439 post
3274 3368 3486 3425 multos
3508 3369 3630 3426 dies
3650 3370 3812 3441 impie

2183 3454 2912 3523 peremerit,’l‘heodericus
2935 3471 3073 3513 vero
3104 3457 3254 3527 apud
3280 3458 3590 3515 Metensem
3618 3459 3813 3514 civita-

2185 3547 2297 3598 tem
2330 3558 2712 3612 commorans,
2750 3544 2946 3601 divino
2979 3545 3094 3615 igni
3129 3551 3422 3603 crematus
3471 3548 3567 3603 sit.
3604 3549 3681 3604 De
3712 3547 3809 3603 hac

2180 3634 2581 3689 controversia
2599 3633 2921 3705 scriptores
2937 3633 3424 3692 videant.Mortuo
3438 3642 3628 3692 autem
3642 3637 3809 3692 Theo-

2178 3718 2394 3789 derico,
2419 3721 2573 3778 illius
2587 3722 2714 3791 ejus
2730 3723 3056 3793 Sigibertus
3071 3723 3122 3779 in
3141 3738 3375 3794 rcgnum
3392 3726 3696 3786 successit.
3714 3725 3807 3779 illc

2175 3808 2403 3866 scilicet
2426 3812 2496 3867 dc
2521 3812 2712 3883 quoin
2740 3812 2888 3868 libro
2920 3818 3150 3869 actuum
3184 3813 3368 3869 sancti
3402 3813 3544 3869 Galli
3577 3814 3803 3884 legitur,

2178 3897 2329 3968 quod
2344 3899 2631 3956 Gonzonis
2646 3900 2811 3957 ducis
2826 3901 2997 3956 filiam
3013 3901 3644 3973 desponsaverit,quam
3662 3902 3805 3958 idem

2174 3987 2382 4043 beatus
2422 3988 2620 4045 Gallus
2662 4004 2690 4043 a
2730 3988 3013 4046 daemonio
3037 3990 3327 4047 liberavit.
3356 3991 3500 4058 (Vit.
3529 3990 3649 4047 Col.
3677 3990 3712 4046 l.
3742 3989 3803 4059 1.)

2171 4074 2504 4134 Clotharius
2526 4079 2744 4147 itaque,
2764 4078 2918 4135 ﬁlius
2940 4079 3236 4149 Hilperici,
3252 4078 3501 4136 collecto
3521 4079 3801 4148 exercitu,

2169 4161 2314 4219 ﬂues
2348 4166 2529 4235 regni,
2559 4167 2653 4237 qui
2687 4181 2806 4223 suae
2840 4166 3048 4222 ditioni
3080 4167 3463 4236 debebantur,
3488 4182 3615 4224 cum
3633 4182 3805 4225 cona-

2167 4252 2342 4309 batur
2364 4254 2648 4325 recipere,
2667 4255 2994 4324 Sigibertus
3016 4256 3065 4312 ei
3089 4271 3217 4312 cum
3232 4256 3492 4315 exercitu
3514 4257 3802 4322 occurrit;

2166 4355 2334 4412 quem
2365 4341 2463 4399 ille
2492 4348 2725 4415 captum
2759 4344 2999 4413 occidit,
3032 4350 3093 4400 et
3123 4346 3378 4415 quinque
3419 4347 3625 4401 fratres
3653 4343 3801 4415 ejus,

2164 4428 2316 4487 filios
2345 4432 2686 4490 Theoderici
2735 4432 3005 4490 similiter
3056 4434 3371 4491 interemit.
3406 4434 3498 4506 (θ.
3532 4435 3631 4493 Fr.
3667 4434 3701 4491 Ι.
3736 4436 3799 4507 l.)

398 4527 497 4580 tus
529 4522 728 4594 igitur,
764 4521 918 4579 filius
952 4521 1248 4593 Sigiberti,
1282 4536 1411 4578 cum
1447 4525 1719 4591 regnaret
1764 4522 1928 4579 annis
1956 4527 2044 4594 20,
2158 4522 2301 4578 Post
2321 4523 2444 4581 haec
2470 4522 2909 4595 Burgundiones
2926 4525 2980 4578 et
3007 4525 3483 4594 Austrasii,faeta
3509 4539 3647 4591 pace
3669 4540 3801 4583 cum

396 4616 664 4669 mortuus
691 4616 801 4682 est,
837 4611 1059 4667 habens
1092 4611 1239 4667 duos
1269 4609 1444 4681 filios,
1480 4610 1769 4666 seniorem
1816 4612 2045 4670 nomine
2159 4611 2417 4682 Francis,
2435 4611 2862 4668 Clothariumin
2883 4613 3215 4671 monarchia
3233 4614 3412 4671 totius
3428 4614 3585 4683 regni
3604 4627 3798 4683 regem

391 4699 858 4757 Theodebertum
879 4714 951 4755 ex
964 4698 1611 4768 concubina,juniorem
1624 4698 2039 4758 Theodericum
2072 4689 2126 4751 D
2156 4700 2638 4758 sublimaverunt.
2666 4702 2820 4757 Tunc
2840 4701 3344 4759 conclamantibus
3362 4702 3627 4759 omnibus
3660 4703 3799 4759 Bru-

391 4803 463 4846 ex
476 4788 674 4859 regina
693 4788 824 4856 ;sed
848 4787 1043 4845 senior
1062 4786 1504 4843 Theodebertus
1529 4800 1766 4856 regnum
1791 4791 2035 4863 accepit,
2153 4789 2431 4847 nihildem
2464 4794 2655 4847 morte
2683 4789 3017 4861 turpissima
3050 4806 3179 4848 esse
3209 4790 3570 4863 condignam,
3604 4790 3794 4863 primo

388 4876 619 4936 scilicet
668 4874 1387 4946 Austrasiam;juniorem
1433 4889 1574 4931 vero
1619 4876 2037 4937 Theodericum
2148 4879 2372 4936 camelo
2433 4879 2763 4951 impositam
2820 4882 3008 4938 totum
3039 4880 3360 4938 exercitum
3392 4895 3596 4952 gyrare
3630 4879 3790 4950 fecit,

386 4965 518 5024 avia
548 4980 652 5023 sua
687 4962 1046 5023 Brunihildis
1077 4962 1291 5021 direxit
1324 4963 1381 5021 in
1413 4978 1654 5036 regnum
1678 4966 2035 5026 Guntrammi
2148 4967 2357 5026 deinde
2382 4968 2792 5025 indomitorum
2819 4968 3068 5040 pedibus
3088 4983 3371 5041 equorum
3391 4968 3794 5040 aliigatamin-

382 5055 563 5127 regis,
593 5053 869 5112 videlicet
913 5052 1322 5125 Burgundiam.
2144 5058 2317 5114 terim
2351 5057 2632 5130 precepit,
2659 5055 3152 5129 sepulchrumque
3174 5059 3301 5128 ejus
3324 5059 3473 5130 ignis
3495 5058 3619 5116 fuit.
3650 5059 3790 5116 Erat

450 5143 532 5203 Eo
562 5150 831 5219 tempore
863 5142 1249 5214 Fridegundis
1281 5146 1506 5200 mortua
1539 5148 1648 5202 est.
1678 5145 2034 5206 Brunihildis
2143 5150 2338 5205 autem
2362 5146 2661 5204 Clothario
2684 5145 2839 5203 illius
2862 5145 3089 5206 nomine
3112 5147 3494 5219 Dagobertus,
3513 5161 3655 5219 puer
3669 5145 3789 5204 effi-

376 5237 572 5291 autem
604 5247 846 5307 parvum
878 5230 1185 5289 consilium
1208 5231 1677 5289 subministravit
1701 5236 1896 5307 nepoti
1921 5250 2030 5296 suo
2141 5250 2249 5294 cax
2277 5240 2334 5293 et
2371 5242 2647 5293 strenuus
2678 5241 2735 5292 et
2769 5235 2840 5293 ad
2871 5236 3061 5293 omnia
3095 5235 3558 5306 sollertissimus,
3592 5249 3783 5306 quem-

375 5320 753 5392 Theoderico,
780 5320 1015 5379 dicens:
1043 5320 1167 5378 στιν
1180 5333 1298 5377 non
1316 5322 1586 5394 requiris
1604 5323 1953 5381 thesaurum
1968 5325 2034 5381 et
2140 5339 2242 5382 rex
2267 5327 2530 5383 adultum
2551 5340 2682 5383 cum
2704 5324 2950 5396 Pippino
2969 5325 3117 5383 duce
3132 5324 3186 5382 in
3203 5324 3562 5382 Austrasiam
3576 5338 3778 5395 regna-

373 5408 841 5482 reguumpah'ia
860 5408 952 5468 tui
973 5406 1249 5467 damanu
1264 5407 2032 5482 Theodeberti,cmnuonsit
2138 5420 2332 5474 turum
2365 5414 2597 5473 direxit.
2626 5414 2957 5472 Clotharius
2987 5417 3181 5472 autem
3209 5427 3339 5471 cum
3371 5417 3643 5484 regnaret
3674 5426 3772 5470 an-

1723 5571 1963 5633 vanw
2020 5548 2420 5639 Lacrimas.

440 5704 510 5791 "f
535 5708 883 5791 andgverqp}
914 5713 989 5771 9°.
1067 5709 1137 5791 1”
1166 5710 1679 5791 theodoricumpc.
1786 5714 1857 5749 ⁷⁸⁰
1886 5732 1942 5774 ιι.
1977 5732 2053 5777 su;

2269 5717 2337 5752 ’⁷³³
2377 5734 2425 5776 a.
2463 5715 2558 5788 qui
2602 5717 2804 5773 Franci
2848 5714 3138 5791 quondam
3172 5719 3254 5773 9°.
3332 5712 3402 5750 ⁷⁸³
3430 5724 3490 5772 ἰ.
3541 5726 3649 5773 sue
3696 5717 3768 5768 9°.

364 5771 433 5813 7”
462 5777 626 5844 deest
649 5783 727 5843 9°.
805 5778 875 5819 ⁷⁸⁸
903 5795 948 5843 8.
984 5796 1035 5842 α.
1068 5786 1119 5841 ὅ.
1199 5780 1269 5820 ⁷³⁸
1299 5784 1527 5843 auferte
1556 5788 1608 5840 δ.
