3946 6432
124 436 264 501 ⁸725

1047 434 1487 503 CHRONICA.
1526 470 1598 485 --
1630 435 2108 503 CHRONICON
2154 438 2702 504 UNIVERSALE.

3462 435 3581 501 726

124 569 416 632 nudatos
443 572 763 631 deseruere
784 572 1030 647 pedites,
1054 587 1201 645 quos
1224 571 1395 629 Gothi
1422 586 1552 629 mox
1574 570 1820 629 circum-
1848 572 1903 635 A
1933 572 2391 647 stantinopolim,
2446 574 2543 631 ubi
2593 578 2734 632 tunc
2763 572 3083 646 Dominica,
3116 589 3264 633 uxor
3291 571 3572 645 Valentis,

133 659 488 734 dederunt,
506 676 571 718 ac
587 662 929 732 sagittarum
959 662 1209 719 nubibus
1234 661 1343 717 huc
1362 664 1418 715 et
1441 660 1578 718 illuc
1604 661 1827 731 fugien-

132 756 235 808 tes
252 751 631 809 obruerunt.
654 752 783 821 Ipse
801 766 1029 822 quoque
1051 750 1367 823 imperator
1379 748 1589 806 Valens
1606 753 1823 821 sagitta

133 837 479 896 sauciatus
501 843 557 894 et
584 838 639 894 in
666 838 856 908 fugam
890 853 1113 908 versus,
1144 853 1273 895 cum
1299 838 1373 894 ob
1398 838 1632 894 nimium
1667 836 1825 893 dolo-

133 940 269 984 rem
307 927 390 983 de
427 941 585 998 equo
611 925 931 996 laberetur,
960 927 1012 982 in
1040 926 1375 983 vilissimam
1398 940 1592 983 casam
1617 926 1825 999 depor-

132 1019 339 1087 tatur,
401 1016 533 1087 ubi,
577 1015 777 1071 Gothis
823 1015 1371 1086 supervenientibus
1420 1016 1724 1086 ipsumque
1754 1014 1823 1047 ⁷⁵⁸

138 1105 224 1162 ibi
261 1105 709 1175 nescientibus,
744 1104 872 1174 igne
910 1104 1183 1176 imposito
1214 1108 1640 1174 concrematur,
1675 1118 1823 1159 anno

133 1195 284 1252 vitae
320 1194 402 1228 ⁷⁵⁸
438 1200 556 1266 50°,
595 1194 755 1265 regni
806 1201 996 1251 autem
1030 1199 1142 1263 15°,
1178 1208 1424 1265 quorum
1461 1200 1517 1249 11
1556 1194 1818 1262 regnavit

134 1299 277 1341 cum
308 1285 533 1354 fratre,
561 1286 593 1338 4
611 1290 741 1355 post
770 1283 949 1340 illum.
976 1285 1142 1339 Iusto
1168 1283 1363 1353 itaque
1388 1282 1485 1337 Dei
1504 1280 1725 1351 judicio
1748 1282 1820 1339 ab

134 1371 264 1429 illis
289 1372 423 1441 igni
452 1377 750 1428 crematus
770 1378 878 1440 est,
903 1386 1049 1442 quos
1072 1371 1195 1443 ipse
1222 1371 1478 1443 perfidiae
1503 1370 1821 1427 succende-

137 1467 233 1518 rat
292 1460 464 1530 igne.
524 1462 701 1515 Antea
753 1460 965 1531 quippe
1014 1460 1353 1530 petentibus
1407 1459 1607 1514 Gothis
1640 1463 1702 1515 ut
1735 1459 1820 1516 eis

136 1551 433 1606 mitteret
474 1549 874 1621 predicatores
905 1552 964 1604 et
994 1552 1285 1616 doctores,
1322 1548 1418 1618 qui
1449 1562 1551 1604 eos
1576 1546 1819 1604 catholi-

135 1654 270 1696 cam
300 1638 488 1694 fidem
513 1639 893 1707 instruerent,
921 1637 1075 1692 misit
1096 1638 1371 1693 Arrianos
1392 1638 1683 1705 doctores,
1706 1637 1818 1693 sic-

135 1743 257 1798 que
287 1727 497 1782 omnis
520 1726 615 1782 illa
640 1741 781 1795 gens
807 1726 1047 1781 Arriana
1070 1727 1217 1782 facta
1239 1730 1347 1782 est.
1378 1727 1599 1782 Mortuo
1620 1730 1814 1782 autem

135 1816 429 1886 Valente,
479 1814 647 1870 Gothi
675 1815 789 1885 jam
824 1814 1014 1871 securi
1051 1819 1301 1886 pergunt
1333 1814 1404 1871 ad
1438 1814 1639 1871 urbem
1672 1813 1814 1869 Con-

1936 663 2207 730 scdebat;
2243 679 2369 735 quze
2400 678 2470 719 ex
2501 664 2709 721 aerario
2746 663 2983 736 publico
3024 663 3239 736 premia
3275 664 3419 719 bene
3452 676 3577 719 cer-

1936 752 2197 811 tantibus
2264 755 2543 826 prehens,
2611 757 2814 813 urbem
2891 755 3143 810 viriliter
3201 750 3569 809 defendebat.

1936 840 2147 913 (Ηιειι.)
2181 843 2297 899 Sub
2319 842 2408 900 his
2436 844 2801 916 temporibus
2836 842 3184 915 Apollinaris
3216 840 3572 897 Laodicenus

1933 930 2251 1003 episcopus
2289 931 2470 989 multa
2512 941 2728 991 nostras
2770 932 3067 1002 religionis
3096 933 3313 1001 scripta
3344 943 3575 1000 compo-

1935 1020 2080 1086 suit;
2115 1020 2209 1090 qui
2239 1028 2442 1093 postea
2467 1022 2705 1078 devians
2727 1035 2758 1076 a
2782 1020 2914 1089 fide,
2938 1018 3186 1076 heresim
3212 1016 3299 1074 sui
3325 1015 3572 1072 nominis

1936 1109 2207 1165 instituit.
2246 1108 2388 1175 Quia
2410 1109 2479 1142 ⁷⁸⁷
2504 1125 2639 1166 vero
2664 1108 2980 1165 Gothorum
3006 1106 3221 1162 mentio
3247 1119 3358 1160 non
3383 1102 3570 1159 solum

1932 1196 1986 1252 in
2010 1197 2117 1252 hoc
2143 1196 2269 1253 loco
2294 1198 2393 1253 sed
2419 1202 2475 1253 et
2502 1198 2554 1252 in
2580 1196 3036 1269 preeedentibus
3061 1208 3197 1266 sepe
3229 1196 3320 1250 est
3350 1190 3567 1261 habita,

1929 1290 1986 1341 et
2008 1285 2062 1340 in
2082 1287 2463 1356 sequentibus
2483 1286 2681 1357 sepius
2697 1285 2766 1341 ha
2778 1283 3060 1354 benda’",
3080 1298 3189 1339 non
3212 1280 3466 1352 superilu
3478 1293 3567 1335 um

1929 1372 2182 1443 videtur,
2210 1374 2256 1429 si
2282 1373 2352 1430 de
2375 1374 2599 1445 origine
2622 1389 2824 1431 eorum
2849 1373 3027 1429 altius
3049 1373 3119 1428 ab
3144 1369 3310 1425 initio
3344 1372 3571 1440 repeta-

1927 1464 2043 1530 tnr,
2071 1465 2127 1515 et
2154 1461 2249 1531 qui
2274 1465 2371 1517 aut
2396 1461 2546 1517 unde
2568 1467 2790 1529 essent,
2824 1474 2992 1531 quam
3018 1457 3359 1513 brevissime
3390 1454 3571 1510 veris-

1927 1548 2187 1619 simeque
2222 1554 2432 1621 potest,
2460 1550 2551 1605 hic
2575 1549 2794 1621 aliquid
2823 1549 3128 1616 inseratur,
3156 1545 3287 1617 quia
3311 1548 3368 1600 et
3394 1540 3564 1612 Iluni,

1929 1636 2025 1706 qui
2057 1651 2160 1693 eos
2190 1636 2261 1693 de
2295 1638 2535 1695 sedibus
2577 1638 2698 1695 suis
2737 1636 3033 1707 expulisse
3065 1635 3418 1702 referuntur,
3455 1629 3569 1686 ori-

1923 1725 2115 1794 ginem
2163 1741 2236 1782 ex
2284 1726 2375 1783 his
2422 1727 2675 1783 traxisse
2726 1725 3018 1793 dicuntur,
3080 1722 3280 1794 Gepidi
3338 1733 3565 1792 quoque

1928 1815 2245 1870 Amazones
2275 1829 2346 1870 ex
2378 1814 2464 1871 eis
2497 1814 2853 1887 processisse
2877 1814 3168 1883 leguntur.

1352 1964 1768 2026 HYSTORIA
1812 1961 2274 2025 GOTHORUM
2315 1965 2385 1998 ⁷⁸⁸³

219 2101 457 2172 (Joan.)
490 2098 765 2156 Claudius
792 2098 1183 2168 Ptholomeus,
1210 2100 1371 2156 orbis
1398 2105 1570 2155 terra)
1595 2099 1814 2156 descri-
1845 2099 1894 2157 Β
1927 2098 2045 2154 Kal.
2082 2100 2350 2169 Augusti,
2386 2098 2541 2170 quod
2571 2100 2624 2155 in
2658 2099 2864 2155 diebus
2893 2097 3049 2155 circa
3080 2094 3341 2153 testivale
3370 2092 3565 2151 solsti-

141 2195 250 2262 pto
275 2189 584 2259 egregius,
611 2189 789 2244 refert
811 2189 865 2243 in
888 2188 1143 2245 secundo
1164 2189 1250 2244 sui
1272 2189 1470 2259 operis
1489 2188 1662 2257 libro,
1687 2201 1815 2243 esse

138 2280 198 2333 in
247 2278 467 2334 oceani
512 2278 693 2333 arctoi
734 2276 857 2333 salo
900 2276 1144 2333 insulam
1194 2277 1479 2346 quandam
1528 2291 1812 2346 magnam,

139 2367 391 2423 nomine
440 2366 757 2435 Scanziam,
805 2366 860 2420 in
906 2366 1135 2421 modum
1180 2366 1299 2421 folii
1343 2366 1490 2421 cetri
1536 2364 1815 2421 lateribus

139 2455 368 2527 pandis
413 2469 518 2525 per
558 2452 794 2523 longum
840 2452 1094 2523 ductam,
1151 2468 1318 2523 quam
1362 2459 1419 2509 et
1460 2453 1814 2524 Pomponius

138 2543 291 2601 Mela
318 2544 379 2599 in
409 2544 586 2599 maris
607 2542 736 2599 sinu
769 2542 999 2598 Codano
1031 2542 1278 2613 positam
1313 2543 1515 2613 refert,
1549 2542 1716 2611 cujus
1741 2542 1816 2597 ri-

144 2646 256 2704 pas
282 2632 486 2687 influit
510 2646 781 2688 oceanus.
816 2633 947 2687 Haec
973 2646 1000 2686 a
1028 2630 1218 2687 fronte
1244 2632 1432 2702 posita
1456 2636 1547 2687 est
1572 2629 1814 2688 Vistula;

142 2721 439 2787 fluminis,
486 2720 581 2791 qui
625 2719 961 2774 Sarmaticis
1012 2719 1308 2775 montibus
1348 2724 1537 2790 ortus,
1584 2719 1641 2774 in
1682 2733 1816 2775 con-

142 2814 366 2880 spectu
394 2808 649 2864 Scanziaa
672 2807 1116 2879 septentrionali
1141 2822 1359 2863 oceano
1380 2805 1815 2864 trisulcus-illa-

139 2895 337 2965 hitur,
389 2895 751 2950 Germaniam
797 2894 1206 2965 Scythiamque
1248 2895 1663 2951 determinans.
1707 2886 1812 2947 Ubi

137 2985 326 3039 etiam
348 2982 487 3038 aliae
508 2980 1002 3053 pluresminsulae
1026 2983 1300 3039 dicuntur
1318 2998 1451 3039 esse
1473 2982 1811 3062 dispositas;

138 3072 213 3127 ad
259 3085 418 3142 quas
457 3071 503 3127 si
542 3070 849 3141 congelato
891 3072 1033 3127 mari
1069 3072 1144 3127 ob
1188 3072 1422 3128 nimium
1466 3071 1649 3140 frigus
1693 3067 1813 3140 lup1

144 3158 528 3223 transierint,
561 3158 877 3216 luminibus
909 3160 1173 3216 feruntur
1205 3159 1441 3231 privari.
1475 3160 1557 3215 Ita
1585 3174 1697 3215 non
1724 3173 1815 3215 so-

140 3248 264 3304 lum
316 3247 657 3304 hominibus
707 3248 1091 3319 inhospitales
1137 3264 1338 3305 verum
1387 3248 1562 3304 etiam
1606 3247 1810 3304 bestiis

149 3345 335 3393 terrae
370 3340 509 3393 sunt
541 3334 833 3393 crudeles.
870 3338 929 3391 In
954 3336 1191 3392 Scanzia
1222 3352 1360 3393 vero
1392 3336 1579 3393 insula
1611 3336 1808 3393 multa)

1923 2187 2075 2245 cium
2108 2191 2165 2244 in
2193 2189 2528 2260 vespertina
2561 2189 2698 2245 hora
2731 2187 3050 2244 abscondat
3075 2199 3137 2242 se
3160 2182 3265 2253 sol,
3290 2181 3566 2240 occidens

1926 2277 2092 2346 quasi
2145 2282 2273 2349 post
2324 2276 2626 2349 parvulum
2679 2276 2983 2345 tumulum,
3035 2274 3116 2330 ita
3147 2278 3207 2330 ut
3241 2273 3297 2328 in
3330 2270 3563 2326 minimo

1927 2365 2027 2420 illo
2074 2366 2266 2436 spatio
2314 2365 2489 2423 nichil
2539 2364 2639 2420 flat
2686 2365 3081 2432 tenebrarum,
3133 2362 3234 2418 sed
3285 2357 3560 2432 quicquid

1925 2454 2096 2510 homo
2126 2454 2359 2525 operari
2390 2453 2663 2521 voluerit,
2699 2458 2973 2523 tanquam
3004 2452 3059 2507 in
3092 2449 3386 2523 presentia
3419 2446 3561 2504 solis

1928 2543 2145 2614 possit;
2188 2548 2247 2599 et
2279 2542 2326 2600 si
2359 2543 2415 2598 in
2447 2542 2757 2599 altitudine
2790 2541 3066 2598 montium
3099 2539 3357 2610 ejusdem
3389 2543 3562 2592 terrae

1927 2632 2192 2702 fuissent,
2237 2631 2479 2687 forsitan
2513 2630 2601 2687 sol
2633 2643 2924 2701 nunquam
2957 2630 3043 2684 eis
3075 2627 3348 2684 latuisset
3379 2623 3466 2680 τυ.
3502 2626 3559 2680 1η

1927 2719 2115 2776 medio
2156 2725 2349 2777 autem
2391 2719 2582 2789 spatio
2622 2717 2781 2774 illius
2814 2717 3031 2773 minimi
3065 2713 3343 2786 temporis
3374 2711 3560 2767 media

1927 2823 2039 2865 nox
2069 2809 2132 2864 fit
2153 2807 2207 2864 in
2232 2807 2420 2865 medio
2452 2812 2740 2863 terrarum
2768 2806 2945 2863 orbis.
2982 2805 3091 2861 Sed
3122 2809 3179 2860 et
3213 2804 3421 2860 beatus
3454 2802 3564 2856 Au-

1924 2897 2195 2967 gustinus
2245 2896 2298 2952 in
2352 2895 2665 2965 sententia,
2700 2910 2829 2966 quae
2861 2895 2916 2949 in
2946 2891 3366 2951 aacclesiastiee
3400 2889 3461 2944 fit
3492 2888 3562 2944 de

1926 2986 2073 3056 sole,
2108 2985 2178 3041 de
2209 2985 2430 3042 ambitu
2462 2983 2607 3041 solis
2638 2983 2777 3040 dicit
2814 2983 2922 3052 (De
2944 2981 3157 3040 Genesi
3179 2980 3280 3036 lib.
3308 2995 3344 3035 ι.
3372 2979 3559 3049 Opera

1925 3074 2015 3130 ed.
2051 3075 2296 3131 Froben.
2340 3074 2433 3142 Ill,
2468 3088 2522 3144 p.
2556 3074 2680 3144 506)
2713 3093 2725 3127 :
2758 3072 3065 3131 Australis
3096 3084 3231 3141 ergo
3256 3082 3403 3141 pars
3431 3082 3561 3124 cum

1925 3161 2105 3220 habet
2128 3163 2325 3232 solem,
2354 3161 2522 3220 nobis
2551 3161 2678 3219 dies
2707 3162 2827 3231 est;
2854 3176 2985 3219 eum
3016 3161 3213 3217 autem.
3234 3158 3317 3214 ad
3324 3158 3559 3229 partem

1920 3254 2226 3325 aquilonis
2255 3254 2550 3311 circuiens
2573 3252 2943 3323 pervehitur,
2975 3248 3143 3306 nobis
3166 3262 3284 3303 nox
3304 3249 3425 3317 est;
3443 3262 3560 3303 non

1920 3343 2202 3399 tamenin
2220 3341 2352 3397 alia
2361 3340 2543 3412 parte
2562 3354 2677 3396 non
2694 3345 2778 3396 est
2798 3339 2945 3407 dies,
2971 3337 3073 3394 ubi
3092 3337 3395 3405 presentia
3414 3333 3560 3392 solis

138 3431 201 3480 et
235 3425 498 3481 diversae
541 3429 774 3479 manent
805 3423 1090 3494 nationes,
1126 3438 1369 3494 quarum
1402 3431 1623 3495 septem
1655 3440 1807 3481 com-
1836 3447 1885 3510 ρ
1918 3432 2021 3501 est,
2054 3429 2180 3488 nisi
2201 3430 2369 3501 forte
2403 3430 2651 3500 poeticis
2675 3428 2987 3499 ﬁgmentis
3019 3440 3116 3483 cor
3144 3424 3559 3482 inclinandum

141 3516 440 3569 memorat
474 3510 878 3578 Ptholomeus;
909 3525 981 3568 ex
1013 3512 1226 3582 quibus
1257 3526 1369 3568 una
1402 3512 1557 3569 dicta
1592 3514 1805 3583 Adogit
1916 3519 2021 3588 est,
2056 3519 2126 3574 ut
2148 3518 2458 3576 credamus
2504 3518 2686 3573 solem
2730 3516 2890 3573 mari
2919 3528 2980 3572 se
3011 3517 3350 3583 immergere
3378 3512 3561 3583 atque

140 3602 198 3657 in
244 3606 458 3658 arctoa
501 3604 666 3672 parte
706 3600 965 3669 ejusdem
1004 3600 1210 3657 insulae
1250 3601 1544 3671 consistit,
1590 3617 1727 3674 qua;
1750 3602 1806 3658 in
1912 3608 2052 3666 inde
2069 3607 2344 3664 lotumea:
2361 3607 2493 3663 alia
2498 3605 3555 3676 partemanesurgere;guamguam,

143 3691 340 3746 media
384 3692 596 3745 testate
628 3690 695 3744 40
735 3688 942 3745 diebus
982 3692 1039 3745 et
1080 3690 1353 3747 noctibus
1394 3690 1581 3748 lucem
1622 3690 1807 3747 conti-

143 3793 322 3835 nuam
361 3778 555 3834 fertur
586 3777 821 3847 habere,
864 3777 1119 3849 itemque
1161 3780 1351 3835 medio
1388 3779 1633 3837 brumali
1666 3782 1808 3835 tem-

1914 3698 1970 3753 si
1990 3697 2082 3753 ita
2104 3696 2269 3764 esset,
2291 3694 2542 3766 abyssus
2564 3695 2698 3765 ipsa
2718 3692 2864 3749 solis
2888 3691 3194 3762 presentia
3222 3688 3561 3747 illustrare-

1917 3786 2015 3842 tur
2045 3786 2227 3856 atque
2256 3782 2342 3839 ibi
2370 3783 2497 3840 dies
2523 3781 2707 3851 esset;
2721 3781 2929 3852 posset
2952 3781 3110 3837 enim
3130 3780 3189 3834 et
3202 3791 3396 3849 aquas
3422 3775 3562 3834 illu-

144 3882 292 3938 pore
317 3866 531 3924 eodem
555 3865 780 3923 dierum
810 3866 1187 3938 noctiumque
1219 3883 1479 3939 numero,
1516 3868 1805 3927 alternato
1912 3875 2161 3941 minare,
2197 3872 2436 3944 quando
2464 3869 2537 3927 ab
2562 3872 2649 3927 eis
2669 3867 2736 3903 ⁷⁸³
2758 3883 2873 3925 non
2896 3868 3095 3939 posset
3120 3865 3430 3937 extingui;
3459 3863 3564 3922 sed

146 3969 410 4012 maerore
432 3970 563 4011 cum
585 3954 817 4025 gaudio,
851 3955 1068 4012 claram
1099 3955 1286 4013 lucem
1319 3958 1565 4014 nescire.
1604 3960 1671 4014 Et
1697 3959 1808 4015 hoc

145 4044 283 4101 inde
314 4043 503 4113 venit,
538 4044 670 4115 quia
696 4043 1117 4114 prolixioribus
1145 4045 1354 4102 diebus
1382 4060 1483 4117 per
1505 4048 1630 4103 axis
1662 4063 1809 4104 mar-

146 4132 344 4203 ginem
388 4130 575 4188 solem
616 4131 814 4188 vident
858 4131 1200 4188 redeuntem
1236 4133 1305 4188 ad
1338 4134 1642 4205 orientem,
1680 4137 1809 4193 bre-

147 4220 425 4277 vioribus
457 4234 597 4276 vero
630 4234 742 4276 non
768 4219 853 4279 sic
877 4220 1026 4291 apud
1052 4219 1183 4276 illos
1205 4221 1586 4293 conspicitur,
1624 4228 1689 4280 ut
1712 4239 1809 4281 au-

151 4307 376 4365 strales
405 4308 753 4380 conspicere
783 4312 1156 4365 censuerunt.
1192 4308 1369 4365 Nobis
1394 4310 1543 4365 enim
1577 4311 1809 4369 videtur

148 4396 238 4452 sol
273 4397 347 4453 ab
384 4397 501 4453 imo
533 4410 798 4465 surgere,
845 4395 964 4451 illis
1004 4410 1141 4452 vero
1182 4397 1498 4466 marginem
1533 4398 1804 4457 circuire.

149 4482 268 4541 Nec
318 4484 434 4541 hoc
485 4482 661 4541 alicui
712 4484 1055 4540 incredibile
1105 4483 1391 4555 videatur,
1422 4486 1554 4556 quia
1586 4486 1807 4547 Plinius

151 4570 235 4643 (η,
279 4588 341 4629 e.
390 4574 506 4644 75),
563 4572 919 4630 secularium
969 4572 1403 4631 eruditissimus
1451 4574 1803 4647 litterarum,

151 4660 361 4717 eodem
393 4660 523 4717 fieri
553 4660 723 4717 modo
747 4661 802 4716 in
826 4660 1015 4718 insula
1046 4661 1203 4717 Thile
1231 4666 1490 4719 testatur
1513 4664 1665 4720 circa
1692 4664 1809 4721 sol-

1915 3959 2022 4016 hoe
2048 3960 2487 4015 monstruosum
2516 3958 2605 4015 est
2644 3957 2965 4027 suspicari.

1988 4046 2201 4116 (lenm)
2234 4045 2359 4102 Alia
2393 4059 2623 4116 quoque
2643 4059 2787 4114 gens
2808 4044 2886 4099 ibi
2909 4047 3019 4112 est,
3047 4057 3173 4112 quae
3196 4040 3457 4097 Suehans
3479 4040 3562 4096 di-

1916 4134 2090 4204 citur,
2125 4132 2293 4201 cujus
2324 4132 2517 4201 gentis
2548 4132 2810 4187 homines
2841 4130 3009 4200 equis
3042 4133 3288 4186 utuntur
3309 4127 3558 4198 eximiis,

1916 4225 1973 4279 et
2006 4222 2060 4277 hi
2093 4224 2224 4278 sunt
2260 4220 2353 4290 qui
2389 4219 2441 4274 in
2479 4233 2618 4274 usus
2650 4220 2936 4274 Romanos
2969 4216 3318 4289 Sapherinas
3353 4214 3558 4287 pelles,

1918 4309 2268 4367 commercio
2300 4308 2745 4373 interveniente,
2773 4320 2877 4377 per
2899 4305 3044 4361 alias
3069 4305 3403 4360 innumeras
3426 4318 3563 4374 gen-

1917 4406 2009 4455 tes
2034 4397 2464 4466 transmittunt,
2500 4394 2704 4450 famosi
2728 4395 2937 4450 decora
2961 4392 3198 4465 pellium
3233 4392 3556 4463 nigredine.

1919 4489 1984 4544 lli
2005 4488 2073 4521 ⁷⁸³
2097 4502 2225 4545 eum
2249 4486 2451 4556 inopes
2477 4484 2691 4553 vivant,
2725 4483 3013 4540 ditissime
3038 4482 3388 4538 vcstiuntur.
3417 4483 3563 4538 Sunt

1920 4577 1997 4632 ibi
2020 4583 2079 4633 et
2105 4575 2347 4645 Suetidi,
2372 4573 2589 4643 cogniti
2616 4574 2668 4628 in
2692 4573 2799 4628 hac
2822 4574 3017 4642 gente,
3050 4569 3292 4641 reliquis
3311 4585 3561 4641 corpore

1917 4666 2351 4733 eminentiores,
2380 4662 2643 4735 quamvis
2660 4661 2822 4730 Dani,
2845 4676 2916 4716 ex
2935 4660 3196 4731 ipsorum
3223 4658 3410 4730 stirpe
3435 4673 3565 4729 pro-

153 4748 394 4806 sticium
423 4748 688 4806 aestivale
719 4754 780 4805 et
812 4748 1073 4807 brumale
1102 4748 1396 4820 aliquibus
1426 4756 1650 4808 tantum
1686 4753 1804 4808 die-
1839 4748 1886 4805 υ
1917 4753 2127 4823 gressi,
2155 4752 2402 4809 Herulus
2428 4751 2682 4823 propriis
2701 4750 2941 4806 sedibus
2971 4746 3324 4820 expulerint,
3358 4745 3456 4816 qui
3482 4745 3563 4802 in-

156 4835 284 4893 bus.
350 4835 519 4904 Quod
567 4841 624 4893 et
674 4837 1029 4894 venerabilis
1089 4837 1240 4893 Beda
1298 4840 1659 4910 comprobat,
1723 4840 1806 4896 di-

151 4933 294 4980 cens
321 4923 473 4995 (226)
503 4924 613 4981 sibi
650 4923 867 4981 dictum
901 4925 1077 4982 fuisse
1107 4940 1137 4981 a
1171 4926 1520 4997 quibusdam
1544 4928 1802 4997 clericis,

157 5009 255 5080 qui
288 5011 347 5068 in
379 5012 584 5071 eadem
613 5011 803 5068 insula
839 5013 1072 5070 fuerunt
1105 5028 1134 5069 a
1166 5012 1286 5069 Kal.
1326 5015 1489 5071 Febr.
1526 5032 1710 5087 usque
1734 5017 1804 5073 ad

1916 4845 2008 4897 ter
2040 4855 2238 4897 omnes
2267 4840 2522 4897 Scanziae
2554 4840 2822 4895 nationes
2853 4851 3061 4894 nomen
3085 4836 3193 4894 sibi
3221 4834 3560 4908 precipnum

1916 4932 1991 4985 ob
2023 4930 2255 4986 nimiam
2291 4928 2703 5000 proceritatem
2738 4928 3015 4984 affectant
3044 4923 3132 4982 7“.
3252 5008 3255 5009 ν

1987 5020 2070 5074 Ex
2110 5019 2215 5074 hac
2249 5017 2427 5087 igitur
2461 5018 2701 5073 Scanzia
2736 5016 2946 5087 insula,
2982 5029 3156 5085 quam
3188 5012 3284 5071 alii
3314 5011 3564 5069 Seanda-

1518 5131 1753 5189 VARle
1794 5134 2191 5190 LECTIONES.

227 5228 296 5264 ⁷⁸⁸
328 5231 517 5309 ipsum
540 5237 642 5309 9°._
695 5230 763 5265 ⁷⁵⁸
795 5247 847 5288 v.
871 5238 1046 5309 sues.
1072 5239 1147 5290 9°.
1225 5233 1600 5309 7‘7AHistoria
1623 5237 1947 5296 Gothorum
1969 5238 2134 5295 deest
2150 5240 2226 5307 E;
2246 5238 2311 5295 in
2332 5239 2429 5294 D1.
2455 5250 2591 5293 vero
2611 5238 2678 5295 in
2697 5224 3194 5309 guaternionihtis
3213 5231 3557 5309 XILIIII.

148 5301 285 5385 jam
314 5301 723 5385 deficientibus
751 5304 1080 5385 separatim
1120 5307 1525 5385 scriptaerat.
1560 5308 1641 5385 [gi
1662 5311 1714 5385 2_.
1749 5312 1856 5385 qui
1877 5311 2154 5381 plurima
2175 5301 2383 5385 gmisit
2422 5310 2624 5385 omnia
2650 5301 2789 5385 jam
2819 5309 2959 5385 inae
2989 5322 3030 5365 a
3060 5306 3563 5385 perbis_5_Mortuo

160 5376 353 5452 autem
383 5372 873 5452 Valentegmissa
900 5376 1057 5452 sunt.
1136 5372 1324 5452 "ﬂeet
1355 5380 1411 5452 ly
1446 5384 1496 5433 δ.
1574 5377 1644 5411 ⁷⁸⁸
1675 5372 2018 5452 ϐοῖιιιοῖὐω
2048 5387 2097 5438 5.
2175 5379 2245 5413 ⁷⁸⁰
2276 5395 2447 5451 quam
2472 5372 2671 5452 plures
2697 5384 2772 5436 9°.
2850 5378 2919 5412 7“
2949 5388 2988 5435 ι.
3021 5378 3108 5435 eis
3132 5384 3181 5435 :5.
3258 5376 3328 5411 ⁷⁸³
3359 5392 3413 5449 q.
3450 5392 3562 5435 non

161 5455 217 5512 p.
252 5443 324 5498 ab
355 5443 441 5501 eis
473 5448 521 5499 5.
600 5442 671 5477 ⁷⁸³
699 5444 778 5499 hii
815 5450 862 5500 δ.
898 5448 1134 5516 sapius.

1214 5445 1282 5479 ⁷⁸⁸
1315 5448 1591 5506 affectent
1622 5453 1671 5507 4.
1710 5456 1793 5507 10.
1829 5451 2120 5510 aﬂlectent
2150 5456 2226 5508 9°.

1765 5557 1967 5614 NOTAE
1982 5598 1996 5615 .

213 5642 377 5726 i229)
401 5645 543 5726 llaec
574 5644 832 5726 in_Bedte
863 5645 1157 5726 operibus
1176 5647 1393 5707 frustra
1427 5652 1738 5726 qua_eri,_sed
1771 5654 1827 5711 in

162 5708 369 5771 Dicuili
401 5715 575 5773 libro.
615 5718 693 5773 De
728 5708 995 5775 mensura
1029 5717 1191 5777 orbis
1219 5735 1317 5790 vn,
1350 5726 1403 5792 2,
1438 5708 1804 5795 6,7‘l’eg'ifjam

1942 5657 2341 5729 Lappenbcrg.
2379 5653 2607 5713 Archiv.
2645 5669 2721 5723 vr,
2757 5669 2809 5727 p.
2845 5657 2951 5712 890
2988 5652 3283 5713 adnotavit
