3946 6422
400 440 514 502 727

1557 435 2044 502 EKKEHARDI
2086 433 2653 503 URAUGIENSIS

3693 434 3809 500 τε

401 577 623 636 naviam
654 576 855 635 dicunt
884 577 1078 649 (Ρπυι.
1111 578 1266 634 Duc.
1304 593 1342 646 ι,
1371 581 1422 634 2.
1461 578 1540 633 Cf.
1575 593 1623 634 c.
1660 578 1733 648 1),
1767 577 1929 647 quasi
1965 577 2041 634 of-
2076 577 2129 637 A
2164 576 2508 633 Marsianum
2542 574 2844 642 dilatatur,
2870 588 3058 645 usque
3080 571 3153 630 ad
3175 572 3507 631 Danubium
3538 576 3809 633 montem'

400 669 563 726 ﬂcina
596 667 872 737 gentium,
909 671 1009 724 aut
1038 674 1199 724 certe
1229 668 1390 725 velut
1418 684 1449 724 e
1482 669 1684 737 vagina
1723 670 2040 737 rationum,

401 758 645 815 diversa:
680 758 946 813 nationes
974 771 1229 821 egressae
1264 764 1420 821 sunt,
1451 759 1610 822 Dani,
1640 760 1793 827 Daci,
1822 758 2041 829 Heruli,

396 846 563 917 Rugi,
583 846 919 915 Turcilingi,
944 846 1227 915 Wandali,
1248 848 1373 901 Win
1402 848 1438 902 h
1460 848 1555 917 qui
1576 854 1635 901 et
1658 847 2042 916 Longohardi,

396 941 452 994 et
485 935 541 992 hi
577 936 673 1006 qui
719 940 919 1006 postea
963 934 1409 1005 Burgundiones
1450 936 1590 992 dicti
1631 941 1790 1005 sunt,
1824 940 1882 992 et
1917 935 2045 992 alite

395 1024 591 1082 multa;
617 1024 882 1082 barbarae
907 1024 1195 1080 nationes.
1234 1024 1449 1095 Noun.)
1480 1025 1556 1080 Ex
1587 1024 1788 1082 eadem
1814 1039 2046 1097 quoque

392 1131 519 1173 cum
551 1128 689 1185 rege
719 1129 823 1171 suo
858 1114 1089 1171 nomine
1128 1113 1335 1170 Berich
1376 1113 1566 1183 Gothi,
1603 1116 1699 1185 qui
1730 1120 1790 1173 et
1821 1116 2042 1187 Gethae,

389 1205 677 1276 quondam
720 1208 1116 1261 memorantur
1159 1204 1382 1273 egressi
1422 1218 1552 1260 eum
1592 1206 1783 1261 tribus
1823 1210 2045 1262 tantum

390 1294 655 1351 navibus.
684 1291 793 1349 Sed
819 1293 915 1364 qui
944 1294 995 1349 in
1024 1308 1133 1351 una
1159 1298 1323 1349 erant
1350 1294 1502 1364 navi,
1524 1294 1952 1364 aliquantulum
1978 1294 2047 1329 ⁷⁸⁸

396 1388 457 1441 ut
493 1382 617 1440 fieri
659 1384 832 1455 solet,
872 1384 1182 1449 tardiores,
1219 1399 1345 1441 cum
1390 1383 1537 1441 alios
1572 1385 1735 1453 sequi
1774 1399 1884 1441 non
1924 1400 2051 1455 pes-

398 1478 549 1545 sent,
582 1474 636 1529 in
661 1473 947 1544 quandam
979 1473 1220 1531 Vistulae
1254 1474 1507 1530 ﬂuminis
1537 1473 1782 1529 insulam
1816 1474 2053 1529 venicn'

396 1569 489 1622 tes
512 1579 819 1636 quousque
843 1564 1114 1620 meliores
1138 1564 1464 1619 invenirent
1490 1564 1683 1634 sedes,
1713 1566 1787 1619 ibi
1819 1566 2050 1621 resede-

399 1659 557 1724 runt,
604 1669 928 1723 nomenque
980 1652 1136 1723 genti
1181 1669 1250 1709 ex
1288 1654 1570 1709 tarditate
1615 1668 1716 1709 sua
1759 1655 2048 1711 dederunt

400 1741 615 1813 (Ibid.,
649 1759 698 1799 c.
737 1744 826 1812 17)
868 1743 1005 1798 Nam
1048 1742 1244 1811 lingua
1287 1757 1483 1798 eorum
1519 1744 1753 1813 pigritia
1790 1745 2045 1813 Gepanta

401 1831 638 1899 dicitur,
672 1832 915 1901 ipsaque
938 1846 1080 1897 gens
1106 1838 1299 1899 postea
1335 1831 1608 1900 pau‘atim
1634 1836 1916 1902 corrupto
1950 1849 2049 1889 no-

2146 683 2275 743 que
2305 670 2572 728 Taurum,
2601 682 2711 723 non
2739 667 2897 723 illum
2923 666 3070 721 Asiae
3092 666 3192 720 sed
3216 665 3515 736 propriu'n
3543 666 3804 735 Scythiae,

2165 774 2266 830 per
2288 773 2511 813 omnem
2539 758 2807 813 Meotidis
2830 756 3127 821 ambitum,
3159 758 3326 823 cujus
3349 755 3581 836 paludis
3601 757 3807 814 circui-

2158 848 2345 906 tusm
2368 853 2454 903 est
2488 862 2761 917 passuum
2795 847 2948 902 mille
2978 850 3207 901 centum
3242 849 3328 906 44,
3367 859 3644 913 nusquam
3675 855 3805 903 octo

2160 938 2376 997 cubitis
2410 938 2587 994 altius
2617 936 3001 994 subsidentia.
3028 936 3088 991 In
3114 949 3222 1005 qua
3255 935 3485 1005 Scythia
3520 938 3703 1007 prima
3734 938 3805 994 ab

2160 1028 2464 1085 occidente
2485 1042 2627 1097 gens
2649 1032 2741 1082 est
2763 1025 3267 1096 Gepidorum,qum
3293 1026 3511 1095 magnis
3528 1027 3808 1098 opinatis-

2164 1134 2274 1190 que
2308 1118 2564 1174 ambitur
2614 1116 2966 1183 ﬂuminibus,
2996 1113 3374 1171 introrsusm
3414 1116 3575 1172 Datia
3592 1123 3705 1185 est,
3735 1118 3805 1176 ad

2161 1223 2392 1266 coronae
2423 1208 2678 1279 speciem
2713 1206 2913 1262 arduis
2946 1204 3190 1276 Alpibus
3219 1206 3505 1274 emunita;
3537 1205 3667 1262 dein
3704 1221 3805 1279 per

2165 1298 2441 1355 immensa
2485 1298 2673 1368 spatia
2713 1295 3083 1355 Venetiarum
3117 1294 3275 1351 natio
3308 1295 3581 1365 pepulosa
3614 1297 3804 1353 consi-

2164 1389 2282 1458 det,
2311 1404 2553 1458 quorum
2576 1387 2800 1442 nomina
2827 1386 2961 1443 licet
2983 1399 3132 1440 nunc
3155 1398 3253 1454 per
3270 1385 3462 1441 varias
3482 1386 3729 1441 familias
3746 1392 3804 1443 et

2163 1477 2285 1533 lora
2322 1482 2641 1545 mutentur,
2679 1474 3082 1547 principaliter
3116 1479 3300 1530 tam'n
3335 1476 3595 1532 Srlaveni
3631 1478 3805 1534 nomi-

2162 1573 2396 1623 nantur.
2449 1567 2638 1621 Prima
2689 1580 2830 1621 vero
2864 1565 3081 1620 mansio
3126 1565 3435 1620 Gothorum
3466 1565 3520 1620 in
3556 1567 3802 1634 Scythia

2136 1655 2286 1709 .solo
2313 1655 2416 1710 fuit
2438 1654 2601 1721 juxta
2637 1652 2902 1721 paludem
2938 1652 3258 1717 Mr'etidem,
3290 1652 3539 1708 secunda
3564 1653 3616 1707 in
3644 1654 3801 1710 Misia

2162 1745 2477 1813 Traeiaqne
2501 1750 2559 1798 et
2583 1743 2766 1800 llatia.
2793 1741 2973 1797 tercia
3000 1756 3174 1811 supra
3204 1755 3356 1797 mare
3380 1742 3697 1797 “onticum.
3732 1744 3801 1799 Et

2165 1832 2297 1888 dum
2327 1833 2378 1887 in
2406 1834 2587 1901 prima
2612 1831 2929 1897 scdcjuxta
2958 1829 3258 1887 Meotidem
3294 1830 3641 1887 habitarent.
3678 1832 3802 1887 Fili-

401 1921 552 1976 mine
574 1935 641 1976 ex
666 1920 809 1976 vitio
838 1920 1135 1975 tarditatis
1162 1921 1510 1991 Gepirlorum
1545 1922 1889 1977 vocabulum
1925 1938 2047 1977 sor-
2077 1944 2131 2004 Β
2166 1936 2377 1977 mcrem
2409 1936 2597 1983 regem
2624 1920 2974 1979 habuerunt,
3002 1919 3055 1974 in
3077 1919 3347 1975 secunda.
3371 1919 3422 1975 id
3445 1923 3533 1975 est
3554 1920 3605 1974 in
3629 1921 3801 1977 Misia:

398 2010 567 2066 titur.
595 2009 758 2075 Quod
780 2010 965 2080 ipsum
986 2024 1088 2065 nec
1110 2010 1288 2065 credo
1314 2009 1715 2073 falsissimum;
1742 2015 1873 2065 sunt
1895 2012 2044 2066 enim

402 2098 633 2169 ingenio
662 2098 954 2154 tardiores
975 2102 1033 2153 et
1057 2097 1364 2155 velocitate
1388 2114 1695 2169 corporum
1720 2100 2041 2169 graviores.

401 2190 482 2256 (C.
513 2190 546 2244 4
568 2189 721 2260 sqq.)
757 2186 866 2244 Alii
904 2201 1040 2244 vero
1073 2188 1168 2257 qui
1196 2187 1249 2243 in
1276 2187 1502 2244 duabus
1533 2194 1700 2243 erant
1734 2204 1860 2244 mox
1887 2192 1949 2245 ut
1971 2190 2049 2245 ci-

399 2277 678 2334 teriorem
722 2277 921 2332 oceani
955 2276 1136 2348 ripam
1170 2278 1516 2346 attigerunt,
1551 2292 1757 2334 nomen
1793 2277 1921 2335 loco
1953 2278 2049 2333 de-

398 2366 633 2429 derunt.
660 2366 755 2437 qui
781 2366 1090 2436 hodieque,
1119 2370 1178 2422 ut
1207 2367 1411 2432 fertur,
1445 2367 1850 2423 Gothiscanzia
1882 2382 2050 2423 voca-

398 2461 514 2511 tur.
544 2454 683 2511 Inde
703 2470 826 2511 mox
851 2460 1276 2526 promoventes,
1301 2455 1370 2511 ad
1393 2455 1834 2523 Ulmerugorum
1858 2457 2045 2518 sedes.

401 2543 498 2614 qui
543 2547 681 2601 tunc
726 2545 926 2601 oceani
976 2543 1129 2615 ripas
1179 2544 1544 2612 insederunt,
1598 2551 1796 2601 castra
1846 2546 2050 2602 metati

401 2634 557 2702 sunt,
600 2646 841 2702 eosque,
885 2632 1199 2688 commisso
1237 2632 1443 2703 przrlio
1509 2633 1763 2703 prepriis
1809 2634 2050 2691 sedibus

401 2718 776 2793 expulerunt,
819 2721 1158 2791 vicinosque
1195 2735 1395 2777 eorum
1438 2721 1752 2778 Wandalos
1784 2729 1923 2779 tunc
1958 2737 2053 2778 su-

403 2808 730 2879 bjugantes.
754 2810 880 2865 suis
901 2810 1166 2866 victoriis
1186 2809 1647 2880 applicaverunt.
1677 2811 1781 2866 Ubi
1806 2826 1943 2866 vero
1959 2810 2047 2880 7",

403 2910 607 2966 magna
633 2896 830 2968 populi
861 2899 1283 2954 numerositate
1307 2903 1633 2963 crescente,
1671 2900 1909 2967 quintus
1934 2900 2051 2969 jam

405 2999 551 3057 pene
591 3000 692 3042 rex
737 2990 868 3057 post
909 2986 1109 3042 Berich
1152 2988 1453 3055 regnabat,
1502 2986 1751 3054 Filimer,
1786 2989 2051 3046 Gadarici

404 3074 589 3143 Magni
634 3074 807 3145 filius,
851 3076 1153 3132 consilium
1198 3074 1380 3145 dedit,
1416 3081 1477 3131 ut
1507 3091 1635 3131 cum
1671 3076 1901 3133 familiis
1935 3078 2055 3135 suis

406 3163 723 3221 Gothorum
750 3164 883 3220 inde
904 3163 973 3198 ⁷⁸⁷
1002 3169 1367 3234 promoveret
1394 3165 1712 3221 exercitus.
1740 3166 1845 3232 Qui
1875 3167 2055 3237 aptis-

404 3251 579 3308 simas
609 3252 778 3308 sedes
806 3251 1051 3323 locaque
1075 3254 1210 3309 dum
1236 3258 1511 3323 quereret
1538 3269 1815 3323 congrua.
1853 3270 2057 3325 perve-

407 3340 576 3398 nitad
599 3341 846 3412 Scythiae
867 3347 1078 3412 terras,
1102 3358 1230 3403 quae
1250 3342 1444 3411 lingua
1467 3357 1668 3399 eorum
1696 3342 1942 3399 Ovimm
1960 3359 2055 3400 vo-

403 3430 706 3486 eabantur.
738 3431 837 3486 "bi
859 3430 1190 3488 delectatus
1212 3446 1413 3500 magna
1436 3433 1707 3488 ubertate
1728 3433 2050 3503 regionum,

406 3532 508 3588 per
549 3523 780 3590 pontem
826 3521 1187 3591 transposuit
1218 3521 1541 3578 exercitum
1578 3521 1728 3577 ultra
1766 3522 2053 3592 quendam

406 3606 663 3662 ﬂuvium.
720 3608 1028 3665 Medietatc
1079 3610 1272 3665 autem
1322 3609 1622 3665 exercitus
1672 3611 2050 3680 transposita,

408 3708 575 3764 pons,
611 3694 706 3750 ubi
732 3710 955 3751 amnem
980 3696 1315 3765 trajecerat,
1349 3696 1568 3753 dicitur
1592 3696 2057 3767 irreparahiliter

406 3782 722 3853 corruisse,
760 3799 864 3840 nec
898 3784 1146 3841 ulterius
1180 3785 1343 3842 licuit
1369 3786 1485 3857 jam
1516 3786 1688 3843 alicui
1723 3786 1806 3842 ire
1837 3793 1939 3844 aut
1971 3803 2059 3845 re-

411 3871 555 3927 dire.
582 3873 719 3928 Nam
740 3888 790 3928 1s
811 3872 995 3937 locus,
1020 3878 1083 3929 ut
1107 3874 1307 3941 fertur,
1339 3874 1604 3932 tremulis
1630 3875 1939 3945 paludibus
1964 3892 2057 3933 vo-

411 3959 609 4030 ragine
634 3961 1009 4031 circumiecta
1033 3962 1430 4027 concluditur,
1461 3979 1629 4035 quem
1657 3969 1902 4036 utraque
1925 3982 2058 4023 con-

330 4096 335 4099 »
409 4049 635 4106 fusione
650 4055 854 4107 natura
874 4052 1063 4108 reddit
1080 4052 1441 4124 impervium.
1462 4054 1866 4111 Verumtamen
1886 4055 2056 4114 hodie

408 4136 528 4195 illic
548 4144 606 4195 et
623 4154 800 4197 voces
819 4146 1216 4199 armentorum
1238 4141 1426 4199 audiri
1448 4148 1505 4199 et
1529 4143 1581 4198 in
1611 4145 1737 4201 .Ecia
1763 4145 2055 4202 hominum

407 4226 786 4301 deprehendi,
803 4231 1249 4288 commeantium
1267 4232 1589 4301 attestatio,
1611 4233 2057 4304 quamvislonge

409 4317 788 4387 audientium,
823 4319 971 4375 solet
998 4321 1325 4391 perbibere.
1356 4322 1417 4377 Hi
1443 4337 1601 4391 ergo,
1630 4322 1724 4393 qui
1750 4324 1903 4393 apud
1928 4324 2058 4379 Fili-

409 4421 530 4463 mer
559 4405 833 4463 dicuntur
856 4408 908 4464 in
935 4418 1127 4465 terras
1154 4410 1313 4466 Ovim
1338 4425 1572 4467 emenso
1598 4425 1763 4467 amne
1793 4419 2058 4483 tranSpo-

408 4494 526 4565 siti,
570 4500 772 4567 optato
814 4498 981 4567 potiti
1026 4498 1173 4565 sole,
1208 4498 1343 4555 ilico
1376 4500 1447 4555 ad
1480 4505 1713 4570 gentem
1751 4500 2053 4570 Spalorum

406 4584 744 4654 adveniunt,
805 4590 1195 4658 consertoque
1245 4588 1466 4659 prmlio,
1521 4588 1824 4644 vic‘oriam
1875 4589 2057 4660 adipi-

2086 3303 2134 3366 C

2162 2011 2494 2079 Traeianque
2512 2014 2570 2064 et
2589 2009 2768 2064 Datim
2792 2009 2932 2073 sele,
2954 2009 3277 2073 Zalmoxeu,
3301 2022 3465 2078 quem
3486 2009 3645 2065 mirae
3670 2010 3801 2081 phyo

2164 2099 2446 2169 losophiae
2483 2105 2542 2154 et
2579 2097 2930 2155 eruditionis
2969 2098 3144 2153 fuisse
3181 2101 3493 2153 testantur.
3535 2097 3797 2168 Plerique

2163 2194 2356 2245 autem
2398 2189 2722 2257 scriptores
2762 2187 3052 2243 annalium
3092 2186 3326 2242 tradunt
3367 2201 3469 2242 eos
3506 2187 3666 2257 prius
3704 2187 3798 2242 ha-

2163 2277 2359 2334 buisse
2382 2276 2741 2333 eruditorum
2762 2278 3016 2341 Zeutem,
3041 2280 3237 2345 postea
3261 2274 3571 2339 Dicineum,
3593 2276 3689 2344 qui
3708 2291 3797 2331 ve-

2162 2368 2248 2422 nit
2271 2366 2340 2421 ad
2366 2381 2469 2423 eos
2493 2381 2560 2422 eo
2585 2371 2848 2436 tempore
2870 2380 2983 2434 quo
3008 2365 3159 2436 Sylla
3191 2366 3443 2422 Romano
3472 2364 3795 2436 principatu

2161 2458 2388 2528 potitus
2416 2459 2530 2517 est,
2563 2460 2697 2524 post
2725 2455 3018 2510 Dicineum
3051 2453 3324 2510 habuisse
3351 2454 3668 2525 sapientem
3700 2455 3801 2511 Co-

2162 2546 2466 2607 mosicum,
2495 2545 2590 2614 qui
2617 2548 2858 2615 prepter
2883 2558 3043 2598 suam
3075 2543 3344 2613 periciam
3367 2547 3425 2599 et
3452 2557 3547 2600 rex
3571 2542 3685 2599 illis
3705 2543 3799 2599 ha-

2164 2636 2405 2689 beretur
2435 2638 2493 2690 et
2528 2632 2805 2699 pontilex.
2843 2637 3110 2701 quartum
3134 2647 3271 2687 vero
3296 2631 3563 2688 habuisse
3587 2631 3798 2688 Zalmo-

2162 2738 2291 2779 xen.
2312 2724 2426 2778 Nec
2446 2723 2758 2778 defuerunt
2778 2722 2873 2789 qui
2897 2736 2996 2777 eos
3014 2735 3070 2775 sa
3082 2720 3293 2788 picntia
3316 2720 3635 2786 erudirent;
3650 2720 3798 2777 unde

2163 2814 2223 2865 et
2270 2824 2417 2881 p'-ne
2464 2807 2533 2843 ⁷⁷³
2575 2808 2842 2864 omnibus
2892 2807 3158 2863 barbaris
3204 2808 3368 2863 Gothi
3420 2807 3802 2876 sapientiores

2164 2900 2522 2955 exstiterunt
2567 2898 2881 2965 Greeisque
2926 2911 3069 2967 pene
3113 2895 3351 2961 similes,
3386 2901 3445 2953 ut
3477 2898 3655 2953 refert
3682 2898 3800 2965 Dio,

2168 2988 2262 3058 qui
2295 2987 2591 3058 hysterias
2618 2985 2970 3055 annal°sque
2995 3000 3190 3041 eorum
3217 2985 3398 3041 Greco
3424 2983 3557 3041 stilo
3579 2998 3802 3054 compo-

2166 3076 2315 3140 suit;
2335 3075 2428 3143 qui
2452 3074 2625 3131 etiam
2648 3075 2789 3131 dicit
2809 3089 2910 3131 eos
2931 3072 3802 3145 primumTarabnsteos,deinde

2167 3164 2450 3220 Pilleatos
2473 3164 2768 3219 vocitasse
2793 3164 2897 3219 hos
2917 3163 3011 3234 qui
3037 3162 3187 3218 inter
3208 3176 3310 3218 eos
3331 3161 3593 3231 generosi
3619 3166 3800 3218 exsta-

2170 3256 2305 3310 bant
2328 3252 2416 3318 τπ,
2443 3269 2515 3308 ex
2547 3253 2761 3322 quibus
2792 3268 2961 3319 reges
2988 3258 3048 3309 et
3076 3251 3411 3309 sacerdotes
3440 3251 3547 3307 sibi
3579 3252 3801 3308 ordina-

2170 3342 2326 3397 bant.
2383 3341 2541 3396 Adeo
2583 3355 2722 3408 ergo
2762 3340 2982 3397 laudati
3018 3342 3176 3397 fuere
3208 3339 3425 3409 Gethas,
3455 3345 3518 3395 ut
3546 3340 3797 3405 Martem,

2169 3447 2334 3503 quem
2358 3437 2658 3503 poetarum
2683 3431 2905 3487 fallacia
2928 3430 3095 3487 deum
3120 3430 3253 3486 belli
3273 3428 3796 3501 pronunciat,apud

2168 3536 2231 3577 se
2250 3521 2512 3576 dicereut
2536 3520 2713 3575 fixisse
2735 3520 3122 3590 progenitum.
3152 3518 3306 3576 Unde
3331 3517 3472 3573 dicit
3495 3517 3794 3586 Virgilius:

2240 3609 2688 3678 Gradivumque
2711 3609 2943 3679 parram
2974 3609 3198 3668 Geticis
3217 3609 3323 3678 qui
3335 3605 3602 3677 preside!
3618 3607 3794 3663 arcis.

2168 3699 2345 3765 Quem
2379 3699 2615 3753 Martem
2649 3699 2816 3754 Gothi
2862 3712 3093 3768 semper
3139 3696 3451 3767 asperrima
3505 3695 3797 3766 placavere

2167 3787 2418 3853 cultura,
2446 3786 2675 3842 scilicet
2694 3791 2879 3842 morte
2896 3786 3281 3857 captivorum,
3305 3784 3608 3856 opinantes
3632 3783 3798 3839 bello-

2167 3892 2291 3933 rum
2312 3875 2605 3948 presulem
2629 3882 2765 3947 apte
2785 3873 2855 3909 ἠδ
2873 3876 3120 3931 humano
3142 3874 3416 3943 sanguine
3444 3873 3795 3944 placandum.

2168 3966 2283 4020 [lac
2319 3965 2515 4034 itaque
2544 3965 2682 4020 sede
2718 3965 3081 4020 morantibus
3118 3963 3337 4032 Gothis,
3369 3962 3459 4033 qui
3495 3967 3551 4018 et
3579 3960 3799 4031 Scytha

2168 4052 2309 4109 dicti
2337 4059 2493 4123 sunt,
2520 4055 2769 4110 Vesoces
2794 4069 2895 4110 rex
2916 4052 3164 4125 Egypti,
3191 4052 3283 4123 qui
3304 4051 3559 4122 regnavit
3579 4065 3648 4107 eo
3664 4054 3804 4106 tem-

2171 4158 2311 4213 pore
2354 4157 2466 4213 quo
2506 4145 2814 4199 Scsarmus
2847 4141 3154 4213 imperavit
3192 4141 3443 4212 Assyriis
3471 4146 3530 4196 et
3560 4138 3802 4196 Inachus

2170 4232 2474 4301 Sycioniis,
2495 4232 2706 4287 bellum
2734 4231 2956 4303 primus
2981 4230 3172 4287 intulit
3197 4229 3419 4296 G,.this,
3437 4229 3644 4299 quibus
3669 4232 3804 4286 tunc

2168 4327 2292 4378 erat
2317 4336 2416 4377 rex
2436 4321 2736 4391 Tanausis,
2761 4322 2856 4392 qui
2877 4321 3063 4378 eidem
3082 4335 3400 4378 occurrens
3416 4333 3658 4388 eumque
3681 4332 3806 4387 gra-

2167 4413 2321 4467 viter
2345 4410 2664 4480 debellans,
2693 4426 2879 4481 usque
2905 4411 2956 4466 in
2977 4412 3278 4481 Egyptum
3305 4409 3521 4473 fugavit
3544 4407 3739 4474 (Onus.
3764 4424 3801 4475 l,

2172 4503 2279 4571 14),
2330 4500 2674 4556 destitutum
2722 4501 3047 4557 exercitum
3099 4496 3433 4567 invadit”,
3467 4511 3804 4567 omnemque

2172 4588 2305 4643 belli
2338 4594 2680 4660 apparatum
2706 4579 2986 4659 capessit,
3012 4602 3077 4644 ac
3105 4592 3280 4643 totam
3309 4585 3611 4659 [Egyptum
3641 4584 3807 4640 deva-

407 4677 674 4730 scuntur.
710 4674 928 4731 Exinde
973 4676 1088 4746 jam
1140 4675 1302 4733 velut
1341 4677 1600 4734 victores
1631 4678 1698 4731 ad
1734 4682 2052 4733 extremam
2085 4666 2141 4729 D
2172 4682 2411 4746 stasset,
2438 4677 2484 4733 si
2511 4677 2756 4747 paludes
2773 4678 3009 4733 Nilinon
3028 4676 3410 4734 obstitissent.
3440 4674 3570 4731 Inde
3591 4674 3802 4730 reversi

408 4761 659 4834 Scythize
694 4769 915 4835 partem
950 4780 1078 4836 qua:
1110 4767 1295 4822 Ponto
1328 4766 1467 4821 mari
1501 4766 1689 4822 vicina
1712 4770 1825 4835 est,
1854 4783 2058 4840 prope-

408 4855 558 4920 rant,
586 4853 1072 4922 quemadmodum
1092 4858 1149 4910 et
1171 4854 1225 4911 in
1250 4855 1461 4925 priscis
1478 4869 1676 4911 eorum
1702 4856 2058 4913 carminibus

410 4952 554 5009 pene
578 4939 875 5008 hysterico
895 4941 1009 4998 ritu
1033 4942 1086 4998 in
1108 4956 1411 4998 commune
1433 4941 1789 5010 celebmtur,
1812 4950 1870 5000 et
1891 4944 2058 5000 Abla-

411 5041 558 5097 v1us,
595 5026 927 5100 descriptor
966 5032 1283 5088 Gothorum
1315 5030 1510 5100 gentis
1546 5033 1839 5102 egregius,
1876 5033 1995 5088 veri
2012 5050 2057 5087 ς-

409 5114 553 5172 sima
595 5121 854 5175 testatur
896 5120 1189 5192 hystoria;
1233 5119 1287 5175 in
1333 5134 1502 5191 quam
1537 5122 1885 5177 sententiam
1920 5136 2058 5178 uen-

408 5204 550 5263 nulli
565 5213 919 5264 consensere
939 5208 1241 5278 majorum,
1258 5223 1479 5281 eosque
1500 5210 1740 5280 Scythas
1756 5209 2056 5282 appellare

406 5305 781 5353 consuerunt.
809 5297 1043 5367 Scythia
1069 5297 1358 5368 siquidem
1381 5297 1450 5331 7”
1472 5299 1790 5357 Germaniae
1809 5300 2055 5357 confinis

408 5390 522 5454 est,
557 5389 801 5442 eotenus
824 5387 920 5442 ubi
945 5387 1095 5442 Ister
1115 5385 1186 5420 77°
1206 5385 1415 5445 ﬂuvius
1443 5388 1634 5446 oritur
1663 5388 1753 5445 vel
1783 5393 2053 5457 stagnum

2173 4767 2361 4834 Gothi,
2397 4781 2621 4823 omnem
2657 4781 2801 4838 pene
2826 4766 3039 4835 Asiam,
3065 4766 3307 4822 inﬁnitis
3328 4764 3581 4822 caeJibus
3605 4763 3807 4833 perdo-

2171 4856 2389 4921 mitam,
2421 4854 2766 4925 vectigalem
2805 4856 3085 4923 fecerunt,
3121 4853 3217 4911 ubi
3250 4868 3353 4925 per
3383 4857 3447 4908 15
3475 4865 3654 4907 annos
3683 4850 3804 4906 sine

2173 4946 2439 5014 pactione
2470 4944 2780 5013 immerati,
2814 4943 3047 4999 tandem
3084 4957 3321 4999 uxorum
3348 4940 3699 5011 ﬂagitatione
3722 4952 3804 4996 re-

2170 5039 2471 5102 vocantur,
2507 5032 3003 5101 denunciantium,
3037 5030 3093 5086 ni
3128 5030 3387 5099 redeant,
3411 5043 3472 5085 se
3494 5043 3525 5084 a
3551 5026 3802 5083 finitimis

2169 5120 2426 5178 sobolem
2454 5119 2810 5191 quesituras.
2849 5121 3036 5184 (Iona.
3058 5134 3109 5175 ο.
3137 5121 3213 5189 7.)
3246 5118 3359 5173 Hoc
3382 5121 3571 5172 autem
3595 5114 3798 5186 Spatia,

2171 5226 2282 5283 quo
2313 5210 2423 5266 viri
2456 5208 2799 5266 commorati
2825 5214 2958 5265 sunt
2991 5208 3043 5264 in
3078 5210 3232 5279 Asna,
3271 5207 3489 5263 femina
3523 5205 3799 5262 illoruma

2167 5299 2363 5356 vicina
2383 5297 2630 5369 quadam
2653 5301 2824 5368 gente
2848 5300 3207 5369 temptantur
3222 5295 3274 5351 in
3293 5294 3499 5367 preda;
3525 5294 3625 5351 sed
3644 5292 3755 5349 illa:
3772 5306 3795 5346 a

2167 5404 2219 5443 vx
2233 5389 2312 5444 ris
2327 5389 2451 5444 suis
2465 5387 2710 5456 edoctm,
2733 5387 2983 5458 sumptis
2997 5384 3195 5454 armis,
3221 5384 3451 5441 fortiter
3462 5383 3802 5439 restiterunt

1776 5511 2011 5569 VARUE
2058 5511 2455 5570 LECTIONES.

480 5618 549 5651 7“
579 5619 940 5691 aliquantum
973 5624 1022 5676 5.
1101 5617 1169 5653 ⁷⁸⁸
1200 5634 1339 5691 ergo
1367 5624 1445 5678 9°.
1523 5618 1591 5653 ⁷⁸⁷
1625 5619 1863 5691 (ἰάσθω,
1943 5617 2013 5653 ⁷⁶⁸
2041 5619 2277 5691 οῑιιωίξς.
2313 5619 2371 5676 et
2415 5619 2507 5677 ita
2552 5617 2746 5690 infra.

1800 5690 1868 5724 ⁷⁷³
1889 5692 2052 5749 deest
2071 5697 2118 5747 δ.
2200 5690 2268 5723 ⁷⁷⁸
2299 5682 2635 5777 existebant
2662 5693 2709 5746 4.
2738 5682 3068 5746 existebant
3090 5689 3147 5742 9°
3218 5682 3287 5719 ⁷⁷⁸
3317 5688 3454 5757 apto
3474 5688 3549 5741 9°.
3578 5682 3796 5744 deos“.

411 5694 531 5746 ster
564 5693 614 5744 4.
680 5688 759 5722 ηπ
788 5691 1084 5747 exercitus
1104 5696 1176 5745 9ο.
1258 5688 1325 5723 τῖ’
1352 5692 1645 5748 introrsus
1671 5697 1718 5747 5.

410 5758 479 5791 ⁷⁷⁸
512 5759 722 5816 invasit
753 5758 803 5814 4.
838 5766 912 5818 9ο.

2826 5614 2895 5651 ⁷⁶⁹
2926 5614 3157 5688 quidem
3190 5617 3285 5688 5_.__
3318 5611 3387 5647 77°
3417 5612 3681 5688 hister_5.
3716 5612 3804 5688 hy-
