3946 6476
295 460 416 524 ’729

1159 458 1600 526 CHRONIGA.
1635 495 1716 514 --
1741 459 2219 528 CHROMCON
2259 461 2805 528 UN‘IVERSALE.

3570 457 3691 524 780

296 595 614 667 hostesque
657 593 1137 666 supervenientes
1183 610 1314 653 cum
1347 611 1548 668 magna
1578 597 1930 658 verecundia
1961 599 2017 661 Α
2049 599 2302 655 revocati
2329 597 2623 670 leguntur,
2649 597 2878 657 illarum
2899 596 3244 656 veromariti
3268 561 3679 670 partim’bello,

297 690 639 774 abegerunt.
673 686 834 742 Unde
883 685 1117 755 quidam
1178 686 1402 757 Nono.)
1462 686 1774 757 opinantur
1832 689 1936 746 bas

298 777 477 834 fuisse
502 789 631 846 quae
671 777 989 831 Amazones
1007 775 1316 841 dicuntur;
1355 777 1452 832 sed
1475 775 1578 831 hoc
1610 791 1936 846 repugnare

297 865 550 935 videtur,
583 863 738 934 quod
771 863 973 919 barum
1004 861 1110 919 viri
1147 869 1276 934 post
1304 869 1368 919 15
1399 879 1580 920 annos
1615 866 1686 920 ab
1716 865 1934 922 eisdem

2045 689 2253 760 partim
2275 691 2346 745 ab
2371 690 2514 760 ipsis
2535 689 2710 745 occisi
2727 689 3086 745 scribuntur.
3116 690 3466 745 Amazonum
3487 691 3681 744 autem

2045 778 2208 847 origo
2235 777 2562 848 bujusmodi
2585 777 2763 836 fuisse
2785 776 3020 846 legitur.

1639 993 1746 1054 DE
1801 994 2342 1060 AMAZONIBUS.

371 1103 545 1162 Onos.
577 1118 616 1175 ι,
649 1104 761 1176 15.)
793 1102 981 1161 Medio
1024 1107 1290 1176 tempore
1321 1103 1704 1166 habitationis
1730 1108 1942 1166 Gotho-

299 1208 425 1252 rum
454 1193 508 1249 in
539 1191 644 1250 hac
677 1192 836 1264 sede,
871 1192 985 1250 duo
1007 1194 1152 1264 regii
1177 1194 1444 1265 juvenes,
1479 1197 1680 1254 Plinus
1726 1203 1785 1254 ct
1809 1199 1942 1254 Sco-

297 1281 574 1355 lopetius,
607 1281 760 1354 apud
793 1297 896 1339 eos
932 1297 1034 1354 per
1065 1284 1372 1340 factionem
1401 1286 1744 1357 optimatum
1769 1288 1940 1344 domo

299 1371 781 1444 pulsi,ingentem
799 1371 1164 1440 juventutem
1190 1388 1385 1431 secum
1403 1377 1656 1444 traxere,
1681 1380 1737 1431 et
1764 1377 1817 1431 in
1843 1379 1942 1433 Ca-

301 1460 558 1534 padocize
580 1460 831 1516 l’onticm
855 1476 952 1516 ora
973 1461 1138 1532 juxta
1164 1462 1400 1520 fluvium
1423 1464 1940 1523 Thermodoontem

297 1551 687 1620 considentes,
747 1564 985 1622 campos
1014 1551 1441 1624 Themiseyrios
1471 1554 1580 1612 sibi
1617 1555 1936 1625 subjeeere.

297 1638 402 1696 Ubi
419 1638 679 1710 proxima
696 1653 938 1710 quzeque
955 1639 1087 1696 dum
1109 1641 1480 1712 populantur,
1507 1645 1942 1715 conspiratione

299 1727 670 1785 finitimorum
691 1743 790 1798 per
811 1727 1050 1784 insidias
1071 1745 1200 1784 cum
1235 1731 1437 1787 suis”
1459 1733 1773 1788 comitibus
1800 1749 1942 1803 pene

297 1816 565 1872 omnibus
589 1815 974 1872 trucidantur.
1002 1818 1215 1872 Horum
1249 1834 1462 1875 uxores
1479 1821 1654 1876 exilio
1674 1837 1740 1876 ac
1757 1821 1942 1876 vidui-

297 1909 420 1962 tate
436 1911 738 1976 permotus,
755 1920 908 1961 arma
927 1907 1278 1977 corripiunt,
1296 1913 1353 1964 et
1380 1912 1439 1964 ut
1457 1910 1726 1967 omnibus
1752 1927 1854 1981 par
1871 1928 1945 1968 ex

295 1994 468 2052 simili
491 1992 826 2051 conditione
856 1995 1083 2050 animus
1123 1995 1307 2062 ﬁeret,
1338 1997 1492 2054 viros
1525 1999 1620 2068 qui
1645 2002 1944 2069 superfue-

296 2087 426 2140 rant
453 2083 832 2152 interﬁciunt,
859 2088 1034 2154 atque
1053 2100 1315 2142 accensae
1333 2087 1384 2141 in
1403 2087 1944 2157 bostcm,sanguine

2049 1115 2127 1172 tis
2151 1114 2374 1172 femina:
2400 1113 2549 1172 Asiae
2581 1127 2820 1185 regnum
2846 1127 2948 1185 per
2997 1115 3232 1170 centum
3279 1123 3458 1169 annos
3510 1113 3687 1167 tenue

2049 1210 2216 1271 runt;
2249 1205 2448 1276 sicque
2480 1219 2683 1274 magna
2735 1219 2868 1276 pars
2897 1202 3194 1260 exercitus
3243 1197 3688 1272 opulentissima

2052 1293 2228 1364 preda
2253 1297 2459 1350 onusta
2484 1293 2539 1349 in
2561 1296 2763 1350 cautes
2787 1291 3099 1362 Marpesias
3119 1289 3188 1347 ad
3209 1289 3400 1346 socias
3423 1286 3691 1360 proprias

2051 1384 2372 1452 repedavit,
2401 1383 2638 1453 reliquae
2657 1397 2796 1438 vero
2819 1381 2890 1437 ad
2911 1381 3186 1438 tuendum
3211 1378 3364 1434 Asiae
3385 1377 3687 1447 imperium

2052 1472 2292 1540 relictze,
2319 1473 2554 1529 incursu
2596 1472 2844 1529 hostium
2875 1487 3006 1528 cum
3042 1467 3314 1540 Marpesia
3350 1466 3544 1537 regina
3569 1469 3691 1522 tru-

2051 1563 2261 1618 cidatze
2286 1567 2440 1617 sunt.
2468 1561 2643 1631 Cujus
2667 1562 2851 1617 locum
2884 1561 2997 1614 filia
3018 1559 3145 1628 ejus
3179 1557 3386 1628 Sinope
3409 1554 3684 1626 capessit,

2053 1666 2163 1722 que
2181 1651 2529 1719 singularem
2548 1651 2784 1707 virtutis
2797 1649 3038 1719 gloriam
3056 1653 3335 1718 perpetua
3352 1644 3689 1715 virginitate

2050 1741 2387 1798 cumulavit.
2417 1742 2531 1796 llac
2557 1741 2699 1796 fama
2715 1745 2922 1810 gentes
2941 1737 3165 1794 excitas
3187 1742 3344 1793 tanta
3365 1733 3608 1790 formido
3631 1736 3690 1789 et

2053 1829 2378 1884 ammirati)
2408 1829 2639 1896 invasit,
2675 1835 2738 1884 ut
2765 1827 3041 1884 Hercules
3066 1840 3312 1897 quoque,
3339 1839 3467 1881 cum
3488 1823 3692 1892 jussus

2057 1919 2324 1974 fuissetet
2343 1917 2574 1974 domino
2589 1933 2691 1973 suo
2706 1919 2982 1974 exhibere
2999 1917 3106 1971 sibi
3125 1930 3278 1970 arma
3303 1916 3418 1984 rrg'
3433 1929 3514 1970 nte
3533 1917 3694 1969 Ama-

2055 2005 2280 2057 zonum,
2309 1989 2470 2060 quasi
2489 1990 2556 2044 ad
2581 1989 2916 2044 inevitabile
2935 2005 2982 2058 pl
3009 1987 3686 2052 riculumdestinaretur,

2053 2093 2122 2134 ex
2161 2078 2426 2132 universa
2458 2079 2660 2134 Grecia
2696 2077 2904 2134 lectam
2953 2092 3017 2132 ac
3049 2075 3296 2132 nobilem
3325 2075 3688 2143 juventutem

295 2189 401 2230 suo
425 2171 702 2230 ultionem
725 2187 1010 2230 caesorum
1037 2176 1292 2232 virorum
1317 2176 1547 2233 excidio
1565 2178 1939 2236 ﬁnitimorum
1975 2177 2024 2236 Β
2055 2167 2438 2235 contraxerit,
2469 2182 2670 2223 novem
2696 2166 2900 2236 longas
2925 2181 3099 2222 naves
3123 2161 3562 2236 prseparaverit,
3589 2176 3692 2217 nec

293 2266 670 2319 exsecuntur.
707 2261 892 2326 (Jonn.
933 2278 982 2318 c.
1018 2265 1097 2334 8.)
1128 2267 1282 2320 Tunc
1308 2281 1452 2336 pace
1483 2267 1659 2322 armis
1695 2268 1942 2338 quesita,

293 2351 496 2408 veritae
521 2365 590 2407 ne
612 2351 772 2422 prole
797 2357 1135 2409 rarescente
1157 2354 1496 2424 deficerent,
1514 2361 1793 2412 externos
1815 2372 1948 2412 con-

293 2439 528 2497 cubitus
555 2439 875 2496 vicinarum
907 2441 1165 2510 gentium
1201 2443 1424 2513 ineunt,
1463 2444 1638 2500 factis
1673 2445 1946 2502 nundinis

295 2529 474 2588 semel
508 2529 562 2584 in
587 2543 756 2596 anno,
784 2529 866 2583 ita
890 2533 954 2586 ut
978 2531 1178 2586 eadem
1206 2530 1298 2588 die
1343 2533 1520 2588 futuri
1546 2534 1828 2604 temporis
1863 2550 1947 2590 re-

296 2621 596 2674 vertentes
623 2617 676 2670 in
705 2614 761 2670 id
785 2616 993 2687 ipsum,
1015 2617 1290 2690 quicquid
1312 2620 1612 2676 masculini
1641 2621 1948 2678 sexusedi-

299 2704 544 2771 dissent,
581 2704 848 2775 patribus
880 2703 1212 2773 redderent,
1247 2707 1523 2776 quicqu'd
1558 2709 1807 2772 feminei,
1835 2725 1949 2765 ma-

301 2799 424 2850 tres
445 2791 512 2848 ad
539 2807 694 2848 arma
723 2793 928 2848 bellica
954 2793 1274 2851 erudirent.
1306 2797 1499 2867 Neque
1517 2798 1668 2853 enim
1694 2799 1947 2869 virgines

301 2895 502 2938 earum
529 2881 717 2936 fusum
753 2881 821 2937 ad
855 2880 1072 2952 aliquid
1106 2884 1462 2954 operandum
1516 2887 1810 2952 tenebant,
1845 2887 1946 2944 sed

300 2969 538 3040 equiset
556 2969 734 3025 armis
748 2975 806 3025 et
823 2969 1231 3027 venationibus
1247 2987 1307 3029 se
1321 2975 1946 3042 exercebant.Qnidam

301 3063 492 3116 autem
519 3057 742 3120 dicunt,
780 3057 954 3128 quod,
988 3060 1165 3116 editis
1192 3061 1468 3130 manibus,
1496 3064 1787 3119 novercali
1813 3064 1946 3121 odio

301 3145 539 3202 infantis
561 3146 874 3202 miserandi
912 3147 1025 3202 fata
1059 3155 1418 3219 rumperent,
1445 3155 1503 3206 et
1527 3151 1604 3208 ita
1629 3152 1781 3222 apud
1815 3151 1946 3209 illas

301 3235 652 3292 detestabile
683 3241 840 3292 esset
877 3237 1270 3308 puerperium.
1297 3243 1450 3310 quod
1479 3241 1691 3310 ubique
1715 3245 1946 3298 constat

300 3337 434 3380 esse
456 3323 731 3380 votivum.
754 3323 892 3390 Quae
911 3326 1232 3382 crudelitas
1251 3326 1479 3383 illarum
1506 3329 1811 3385 maximum
1835 3337 1950 3385 ter-

303 3426 493 3470 rorem
524 3412 731 3469 vicinis
761 3412 1037 3482 gentibus
1082 3415 1416 3471 cumulabat
1447 3416 1698 3488 vulgatae
1729 3418 1948 3490 opinio-

2057 2260 2246 2312 tamen
2273 2271 2356 2312 src
2389 2261 2702 2312 contentus
2724 2255 2987 2310 examine
3015 2254 3244 2321 virium,
3274 2267 3344 2308 ex
3377 2251 3692 2324 improviso

2055 2360 2155 2402 eas
2183 2345 2419 2416 aggredi
2465 2350 2523 2400 et
2566 2344 2894 2415 insperatas
2935 2341 3357 2399 circumven’re
3399 2340 3688 2396 maluerit.

2055 2435 2192 2491 Dnze
2227 2439 2620 2490 sororestunc
2655 2449 2828 2504 regno
2866 2431 3526 2504 preerant,Antbicpect
3570 2429 3694 2484 Ori-

2059 2524 2198 2580 tbia.
2220 2523 2702 2580 llerculesautem
2729 2523 3024 2590 advectus,
3048 2519 3692 2590 incantasinermesque

2055 2619 2115 2670 et
2135 2613 2291 2682 pacis
2309 2612 2526 2668 incuria
2547 2613 2779 2669 desides
2793 2611 3086 2683 obpressit
3111 2611 3446 2676 Amazones,
3463 2615 3519 2662 et
3542 2607 3694 2663 inter

2055 2717 2238 2759 caesas
2260 2706 2317 2756 et
2337 2706 2536 2771 captas
2553 2700 2844 2771 plurimas
2867 2701 2993 2757 dure
3016 2713 3250 2756 sorores
3277 2697 3581 2767 Antbiopze
3606 2711 3692 2750 re-

2059 2797 2234 2848 tentae
2265 2797 2421 2854 sunt,
2455 2789 2772 2860 Melanippe
2805 2791 2876 2846 ab
2904 2789 3166 2854 llerculc,
3199 2786 3466 2858 Yppolitc
3498 2799 3528 2840 a
3557 2785 3696 2841 The-

2057 2896 2179 2938 seo.
2199 2877 2306 2936 Sed
2321 2881 2576 2934 Theseus
2591 2878 2769 2950 Yppol
2785 2880 2899 2934 iten
2927 2877 3294 2933 matrimonio
3313 2875 3542 2943 ascivit,
3561 2875 3697 2930 Her-

2057 2969 2219 3028 cules
2251 2983 2389 3024 vero
2446 2967 2766 3038 Melanippe
2806 2966 2992 3024 sorori
3029 2964 3306 3032 reddidit,
3340 2969 3397 3018 et
3429 2977 3584 3019 arma
3611 2975 3697 3019 reo

2054 3059 2204 3130 giuae
2220 3059 2272 3114 in
2291 3058 2549 3130 precium
2567 3054 3391 3128 rcdemptienisaccepit.Pest
3406 3051 3690 3107 Orithiam

2056 3148 2381 3204 Pentiselea
2401 3163 2578 3214 regno
2602 3152 2693 3204 est
2710 3147 2914 3217 potita,
2932 3144 3100 3212 cujus
3114 3142 3436 3198 clarissima
3456 3138 3692 3196 virtutis

2057 3237 2400 3294 documenta
2437 3238 2588 3293 inter
2620 3235 2776 3291 viros
2805 3234 3046 3303 Trojano
3069 3232 3402 3303 accepimus
3432 3228 3605 3297 bello,
3633 3228 3690 3284 in

2059 3340 2171 3396 quo
2206 3326 2324 3396 ipsa
2365 3325 2560 3382 occisa
2592 3323 2808 3379 dicitur
2838 3324 2909 3378 ab
2934 3321 3173 3378 Achille.
3214 3322 3462 3377 Fuerunt
3497 3325 3689 3374 autem

2057 3429 2184 3470 cum
2207 3429 2272 3469 ea
2296 3417 2364 3469 70
2387 3412 2539 3468 milia
2565 3415 2937 3479 Amazonum,
2955 3425 3194 3480 quarum
3217 3421 3417 3479 paucae
3445 3419 3692 3461 reversae

302 3500 407 3588 nis.
439 3502 570 3556 Nam
598 3517 746 3572 quae,
775 3517 932 3570 rogo,
969 3517 1106 3572 spes
1135 3509 1296 3560 esset
1319 3509 1511 3574 rapto,
1540 3507 1634 3561 ubi
1662 3508 1822 3562 nefas
1853 3507 1950 3562 lia-
1979 3526 2028 3588 Ο
2058 3508 2210 3560 sunt.
2240 3505 2375 3558 Post
2397 3499 2778 3557 Pentiseleam
2816 3513 3050 3566 regnum
3081 3497 3267 3553 tenuit
3293 3493 3691 3562 Thalisaridis,

302 3587 552 3645 bebatur
574 3588 793 3659 ignosci
821 3589 907 3644 vel
937 3589 1088 3644 ﬁlio?
1111 3590 1306 3653 (Onos.
1333 3593 1369 3648 ι.
1411 3593 1476 3664 l.)
1508 3592 1724 3650 Puellis
1753 3608 1821 3649 au
1837 3599 1944 3650 tem

301 3676 576 3733 dexteras
607 3677 915 3733 inurebant
950 3677 1256 3748 mamillas,
1289 3694 1358 3734 ne
1392 3681 1737 3750 sagittarum
1763 3681 1950 3751 velja-

301 3764 566 3822 culorum
593 3766 1016 3836 impedirentur
1033 3767 1247 3837 jactus,
1278 3769 1427 3824 unde
1449 3775 1507 3824 et
1529 3772 1846 3826 Amazones
1868 3771 1942 3826 di-

302 3859 536 3924 cuntur,
555 3854 664 3910 hoc
679 3855 909 3910 estsine
928 3869 1188 3911 mamma.
1208 3857 1396 3924 (Jono.
1418 3871 1469 3912 c.
1497 3861 1574 3929 7.)
1594 3859 1799 3914 [larum
1823 3857 1948 3916 duae

303 3943 518 4014 regina;
554 3943 712 3999 fuere
744 3943 1030 4016 Lampedo
1064 3950 1119 4000 et
1156 3945 1456 4016 Marpesia,
1480 3961 1624 4015 quas
1653 3945 1950 4002 audentio-

303 4045 398 4088 res
419 4030 634 4088 ceteris
663 4031 970 4101 eligentes,
997 4046 1194 4088 earum
1220 4047 1282 4090 se
1310 4033 1659 4104 principatui
1681 4034 1952 4090 subdide-

306 4123 462 4177 runt.
497 4119 656 4187 Quae,
691 4119 916 4190 agmine
957 4119 1144 4177 diviso
1177 4122 1230 4176 in
1263 4121 1408 4178 duas
1441 4125 1661 4192 partes,
1692 4122 1949 4178 vicissim

305 4221 500 4263 curam
531 4207 664 4263 belli
689 4215 746 4264 et
781 4207 988 4264 domus
1023 4208 1348 4265 custodiam
1385 4210 1806 4266 sortiebantur.
1843 4209 1948 4266 Sed

307 4295 440 4352 dum
467 4296 751 4368 Lampedo
785 4297 1058 4367 proprios
1081 4298 1222 4353 lines
1245 4297 1397 4353 domi
1425 4303 1709 4367 tueretur,
1738 4299 1953 4370 Marpe-

307 4383 412 4454 sia,
443 4384 783 4442 feminarum
807 4385 1034 4454 agmine
1058 4391 1312 4458 sumpto,
1355 4401 1564 4442 novum
1589 4402 1770 4456 genus
1791 4402 1954 4443 exer-

306 4471 461 4528 citus
484 4471 648 4530 duxit
666 4473 718 4528 in
745 4472 961 4543 Asiam,
977 4473 1573 4543 diversasquegentes
1590 4474 1741 4530 bello
1757 4490 1956 4546 super-

309 4574 432 4631 ans,
466 4559 612 4617 alias
664 4575 803 4632 pace
848 4559 1188 4631 concilians,
1221 4561 1292 4616 ad
1325 4562 1643 4617 Caucasum
1702 4567 1953 4618 montem

305 4648 487 4719 venit,
515 4648 712 4719 ibique
733 4653 958 4706 certum
983 4654 1216 4719 tempus
1243 4648 1430 4706 demo:
1448 4663 1572 4717 ans,
1597 4649 1725 4706 loco
1749 4665 1955 4706 nomen

307 4735 467 4793 ᾶιάὶι
499 4751 700 4794 saxum
734 4737 1034 4808 Marpesia;
1089 4737 1252 4792 Unde
1283 4737 1563 4807 Virgilius
1595 4739 1675 4793 ait
1709 4781 1722 4793 .

375 4826 461 4883 Ac
484 4825 540 4882 si
570 4825 728 4882 dum
751 4825 912 4883 silex
930 4839 1104 4897 super
1131 4826 1218 4881 est
1245 4824 1552 4898 Marpesia
1578 4841 1685 4884 car
1695 4827 1796 4884 tes.

307 4912 732 4984 Indeegressze.
761 4913 978 4970 Etalem
1005 4913 1239 4972 fluvium
1265 4915 1648 4984 transierunt,
1675 4921 1734 4971 et
1758 4917 1952 4972 Arme-

307 5000 459 5056 niam
483 5006 539 5057 et
565 5001 804 5072 Syriam,
823 5001 1101 5070 Ciliciam,
1129 5002 1432 5072 Galatiam,
1455 5003 1730 5059 Pisidiam
1747 5005 1952 5061 multa-

309 5102 436 5159 quze
449 5089 600 5144 Asi:e
617 5089 747 5165 loca
764 5091 1166 5160 obtinuerunt,
1189 5090 1386 5160 ibique
1409 5092 1632 5148 diutius
1656 5093 1952 5150 dominan-

305 5180 415 5246 tes,
435 5176 720 5248 Ephesum
753 5178 972 5234 etalias
1013 5179 1286 5235 civitates
1326 5184 1638 5251 castraque
1677 5180 1952 5239 condide-

307 5267 691 5334 runtsuoque
732 5265 948 5320 nomini
1000 5265 1674 5339 dicaverunt;templum
1720 5283 1950 5340 quoque

303 5346 496 5406 Dianae
517 5358 594 5406 ob
618 5351 930 5419 sagittandi
947 5367 1014 5408 ac
1028 5352 1273 5408 venandi
1299 5353 1798 5426 studium,quibus
1813 5355 1950 5412 arti-

305 5435 415 5493 bus
427 5437 1037 5509 setradiderant,mira
1054 5440 1492 5512 pulchritudine
1505 5443 1951 5515 apudpresum

301 5526 1234 5602 construxerunt.(Onos.Ll.)Tali
1248 5543 1388 5603 ergo
1400 5546 1542 5592 casu
1556 5533 1804 5607 Scythia:
1815 5548 1954 5605 gen-

1983 4875 2034 4934 D

2059 3607 2186 3662 qua:
2210 3589 2412 3646 habuit
2435 3603 2630 3660 pacem
2653 3603 2781 3644 cum
2808 3587 3135 3642 Alexandro
3164 3586 3384 3653 Magno.
3412 3582 3696 3639 Dicuntur

2057 3687 2250 3736 autem
2278 3682 2592 3734 Amazones
2625 3693 2651 3733 r
2689 3691 2902 3748 gnassc
2932 3691 3036 3746 per
3068 3689 3251 3730 annos
3274 3672 3488 3728 multos
3512 3683 3694 3741 usque

2059 3769 2127 3825 ad
2141 3767 2352 3826 .lulium
2371 3771 2672 3824 Caesarem.
2711 3767 2845 3821 Haec
2861 3771 3052 3820 autem
3069 3763 3138 3818 de
3155 3761 3540 3818 Amazonibus
3563 3758 3698 3815 huic

2059 3857 2334 3930 bystorize
2361 3855 2793 3924 subintulimus,
2821 3860 2884 3910 ut
2909 3854 3010 3909 has
3039 3866 3270 3923 quoque
3293 3849 3363 3905 de
3386 3849 3570 3918 stirpe
3595 3847 3698 3903 Go-

2059 3945 2294 4002 thorum
2327 3944 2706 4000 descendi-se
2765 3943 3240 4009 monstraremu's,
3277 3953 3426 3995 nunc
3457 3951 3592 3994 vero
3626 3933 3696 3991 ad

2059 4038 2307 4103 cceptam
2343 4033 2658 4089 eorundem
2692 4031 3008 4102 bystoriam
3041 4030 3368 4085 redeamus.

2134 4121 2318 4188 (Jonn.
2353 4137 2405 4177 c.
2427 4125 2459 4177 9
2489 4121 2642 4190 sqq.)
2697 4119 2796 4176 Dio
2827 4117 3164 4190 bystoricus
3191 4120 3252 4172 et
3283 4114 3694 4186 antiquitatum

2061 4209 2551 4277 diligentissimus
2573 4207 2905 4278 inquisitor,
2933 4206 3028 4276 qui
3053 4205 3336 4276 operisuo
3358 4203 3618 4260 Geticum
3638 4201 3703 4257 ti-

2061 4298 2244 4354 tulum
2276 4296 2457 4365 dedit,
2494 4311 2685 4365 regem
2721 4295 2836 4350 illis
2866 4299 2995 4366 post
3020 4293 3195 4349 multa
3229 4297 3492 4362 tempora
3520 4291 3696 4347 fuisse

2061 4390 2473 4444 commemorat
2527 4383 2752 4440 nomine
2781 4383 3153 4454 Thelcphum,
3189 4377 3436 4436 Herlim
3493 4379 3694 4449 ﬁlium,

2065 4471 2614 4548 procerumquidem
2650 4485 2915 4542 corpore,
2936 4470 3037 4525 sed
3078 4469 3426 4541 plusvigore
3469 4467 3700 4526 terribi-

2065 4562 2624 4634 lem,quipatcrnam
2651 4559 3052 4616 fortitudinem
3088 4558 3340 4630 propriis
3374 4556 3696 4612 virtutibus

2066 4665 2322 4722 mquans,
2343 4650 2641 4707 Herculeis
2669 4649 2916 4720 genibus
2938 4653 2996 4703 et
3032 4647 3228 4703 formie
3260 4643 3698 4702 similitudinem

2068 4741 2376 4796 referebat.
2399 4737 2580 4808 Hujus
2613 4751 2848 4807 regnum
2865 4735 3118 4792 Moesiam
3141 4733 3512 4806 appellavere
3528 4732 3704 4802 majo-

2067 4843 2178 4884 res.
2198 4829 2252 4883 is
2265 4825 2532 4896 conjugio
2561 4825 2780 4882 sororis
2795 4823 3350 4895 Priamicopulatus,
3369 4819 3582 4877 bellum
3605 4820 3702 4875 ha-

2067 4915 2336 4972 buitcum
2368 4914 2668 4984 Danais,in
2708 4929 2816 4984 qua
2836 4927 3022 4984 pugna
3063 4909 3446 4967 Tessandrum
3495 4908 3700 4964 ducem

2063 5004 2282 5061 Grecize
2301 5003 2543 5075 peremit
2560 5019 2575 5067 ;
2593 5008 2650 5058 et
2667 5002 2800 5058 dum
2834 5003 3062 5072 Ajacem
3080 5000 3326 5056 infestus
3355 4997 3574 5054 invadit
3589 4996 3703 5052 Uli-

2062 5106 2356 5162 xcmquep
2399 5091 2949 5162 rscquiturictibus,
2985 5086 3414 5160 equocadente,
3436 5085 3560 5158 ipse
3575 5101 3704 5141 cor-

2062 5181 2202 5244 ruit,
2219 5179 2781 5250 Acbillisquejaculo
2817 5179 3028 5234 femore
3042 5176 3325 5244 sauciata,
3342 5174 3439 5232 diu
3483 5173 3701 5229 mederi

2061 5268 2570 5340 nequivit;Grecos
2585 5273 2775 5323 tamen
2792 5267 3051 5338 quamvis
3067 5265 3297 5322 saucius
3313 5279 3341 5320 a
3357 5263 3478 5320 suis
3495 5262 3706 5321 finibus

2065 5357 2454 5430 proturbavit.
2469 5357 2761 5428 Thelepbo
2793 5371 2930 5412 vero
2944 5355 3238 5425 defuncto,
3258 5351 3616 5424 Euriphilus,
3642 5351 3704 5406 ll-

2063 5445 2178 5504 lius
2191 5447 2338 5518 ejus,
2355 5445 2639 5503 successit
2660 5445 2714 5501 in
2731 5459 2992 5515 regnum,
3015 5459 3088 5500 ex
3103 5443 3314 5500 Priami
3332 5441 3486 5512 regis
3499 5453 3706 5497 sorore

2063 5535 2426 5610 progenitus,
2449 5535 2547 5608 qui
2586 5549 2717 5592 cum
2745 5533 2820 5591 ob
2870 5533 3212 5594 Cassandrae
3262 5544 3516 5590 amorem
3549 5528 3704 5590 bello

1662 5657 1899 5715 VABUE
1939 5659 2343 5718 LECTIONES.

375 5754 444 5791 ⁷⁷⁷
477 5754 654 5814 deut.
690 5761 764 5812 9°.
843 5756 912 5790 ⁷⁷⁸
943 5758 1056 5814 beli
1091 5761 1142 5814 ι.
1176 5758 1344 5817 herili
1376 5766 1450 5820 9°.
1483 5756 1748 5822 ‘berculis
1779 5769 1862 5820 11.
