3946 6422
222 465 372 526 738

1128 457 1576 525 CHRONICA.
1611 493 1690 505 ——
1719 437 2191 520 CHRONICON
2241 449 2791 514 UNIVERSALE.

3549 443 3667 508 784

219 593 630 657 Ermenricus
665 594 737 631 ’⁸³
776 595 1170 668 supradictus,
1226 594 1378 652 ﬁlius
1420 591 1668 662 Achiulf,
1707 587 1905 661 genuit
1937 587 1992 647 A
2021 584 2382 643 obsidionem
2415 583 2605 652 ditati,
2632 583 2701 641 ad
2730 580 2961 654 propria
2993 578 3315 639 redierunt.
3352 593 3574 652 suaque
3607 578 3662 635 in

219 685 707 754 Hunimundum,
757 685 1164 742 Hunimundus
1206 681 1715 750 Thurismundum,
1763 679 1909 735 Thu-

220 775 593 834 rismundus
614 773 1050 844 Herimundum,
1077 773 1467 831 Herimundus
1492 776 1684 828 autem
1707 767 1907 840 genuit

224 865 607 936 Betericum,
636 863 939 921 Betericus
961 863 1324 932 Eutaricum,
1352 862 1447 933 qui
1473 861 1821 932 conjunctus
1839 853 1910 890 ’⁷⁸⁸

221 953 644 1012 Amalsuindze
672 953 874 1024 genuit
905 951 1303 1010 Athalaricum
1331 956 1388 1008 et
1420 947 1908 1029 Matbesuindam.

220 1043 515 1101 Mortuus
542 1048 635 1100 est
661 1047 855 1099 autem
889 1041 1260 1098 Athalaricus
1286 1041 1340 1096 in
1367 1041 1534 1096 annis
1567 1037 1909 1114 puerilibus,

221 1135 291 1188 et
331 1131 758 1190 Mathesuindaa
797 1130 1028 1201 Witigis
1062 1136 1155 1186 est
1187 1129 1523 1202 copulatus,
1559 1128 1630 1183 de
1665 1142 1776 1198 quo
1810 1125 1912 1182 illa

221 1235 357 1278 non
397 1221 660 1292 suscepit
691 1220 896 1278 ﬁlium.
941 1220 1076 1275 Cum
1111 1223 1306 1275 autem
1338 1218 1570 1287 Witigis
1599 1217 1774 1272 rebus
1807 1215 1915 1270 hu-

221 1310 439 1368 manis
485 1309 820 1378 excederet,
875 1309 1200 1364 Germanus
1252 1308 1558 1378 patricius,
1616 1303 1914 1360 fratruelis

222 1399 450 1457 domni
495 1399 706 1456 Justini
759 1399 1153 1469 imperatoris,
1206 1412 1443 1454 sumens
1483 1410 1608 1452 eam
1641 1395 1693 1450 in
1729 1409 1915 1451 conu-

224 1488 432 1559 bium,
469 1488 772 1560 patriciam
801 1487 933 1544 fecit
958 1486 1332 1554 ordinariam,
1367 1485 1689 1554 genuitque
1725 1483 1907 1539 ﬁlium

221 1591 306 1633 ex
334 1591 412 1634 ea
438 1576 667 1633 nomine
691 1576 1055 1632 Germanum.
1083 1576 1366 1631 Defuncto
1401 1578 1593 1630 autem
1627 1573 1912 1627 Germano

221 1665 371 1722 viro
398 1680 526 1735 suo,
553 1663 677 1735 ipsa
701 1663 872 1720 vidua
899 1677 1278 1735 perseverare
1313 1661 1625 1732 disposuit.
1666 1659 1916 1728 Conjun"

223 1754 366 1812 ctio
400 1752 933 1824 consanguinitatis
962 1751 1281 1808 Ermenrici
1315 1755 1378 1806 et
1404 1749 1740 1806 Theoderici
1777 1747 1914 1804 talis

222 1843 370 1901 fuit.
413 1841 784 1898 Ermenricus
817 1847 873 1896 et
913 1841 1186 1896 Witull‘us
1219 1839 1319 1895 ﬁlii
1357 1839 1589 1894 fuerunt
1625 1837 1900 1892 Achiulﬁ.

608 1937 1019 1995 Hermenricus
1235 1935 1515 1991 Witulfns

606 2013 1015 2136 Hunim'undus
1254 2011 1633 2133 Wallaradans
1664 2073 1731 2109 ⁷⁹⁴

605 2217 1065 2278 Thurismundus
1248 2218 1637 2275 Winitharins

805 2311 812 2342 l

607 2370 996 2428 Herimundus
1016 2369 1086 2404 7”
1251 2295 1692 2426 War'idalaricus

609 2522 910 2578 Betericus
1259 2521 1587 2576 Dietmarus

607 2671 956 2728 Eutharicus
1241 2668 1650 2726 Theodericus.
1715 2666 1891 2736 Cujus

231 2763 436 2822 ﬁliam
486 2760 952 2818 Amalasuindam
987 2759 1338 2815 Eutharicus
1371 2758 1680 2830 accipiens,
1713 2749 1912 2826 genuit

236 2849 656 2909 Athalaricum
689 2854 743 2903 et
779 2847 1260 2916 Mathesuindam,
1296 2847 1656 2918 stirpemque
1693 2843 1916 2900 Amalo‘

240 2956 379 2998 rum
419 2938 540 3009 jam
582 2952 728 3009 pene
771 2937 1015 2993 divisam
1058 2936 1380 3006 conjunxit.
1427 2935 1527 2990 IIis
1561 2934 1636 2990 ita
1672 2933 1914 2990 insertis

238 3043 361 3085 non
391 3027 468 3082 ab
491 3040 574 3094 re,
601 3029 664 3081 ut
686 3024 996 3094 credimus,
1023 3024 1094 3080 ad
1121 3022 1380 3079 ordinem
1406 3021 1682 3093 hysteriae
1715 3020 1912 3076 redea-

459 3204 526 3258 M
557 3202 712 3274 sqq.)
745 3201 1046 3272 Dorpaneo
1082 3200 1262 3270 igitur
1295 3214 1430 3270 rege
1465 3199 1779 3256 Gothorum
1817 3197 1913 3255 de-

2023 675 2209 748 patria
2237 674 2486 731 feliciter
2507 675 2914 741 versabantur,
2943 684 3249 742 quousque
3276 670 3550 742 princeps
3571 682 3667 726 eo-

2024 777 2148 820 rum
2167 763 2396 819 exstitit
2421 762 2793 831 Ostrogotha.
2823 763 2960 816 Post
2975 759 3143 830 cujus
3157 773 3460 816 excessum
3480 757 3664 815 Oniba

2022 852 2333 921 successit,
2361 851 2459 922 qui
2485 850 2662 907 ducto
2683 849 2948 906 exercitu
2972 864 3102 905 cum
3125 849 3512 905 Romanorum
3537 859 3666 920 par-

2023 944 2116 997 tes
2147 939 2506 1008 devastaret,
2544 939 2752 995 Decius
2778 938 2894 1008 jam
2919 937 3236 1009 imperator
3257 950 3385 993 cum
3411 935 3528 990 ﬁlio
3557 950 3666 993 suo

2023 1028 2075 1084 ei
2099 1029 2381 1097 occurrit,
2413 1033 2802 1098 consertoque
2835 1026 3054 1098 praelio,
3080 1025 3232 1082 Decii
3260 1025 3433 1095 ﬁlius,
3458 1026 3518 1080 et
3540 1023 3666 1096 ipse

2025 1115 2218 1172 dictus
2243 1116 2470 1185 Decius,
2496 1115 2706 1186 sagitta
2733 1114 3042 1182 occiditur,
3069 1119 3235 1185 pater
3259 1127 3509 1184 quoque,
3535 1126 3664 1168 cum

2026 1205 2204 1262 ﬁlium
2229 1203 2510 1262 ulciscim
2527 1205 2850 1268 moliretur,
2873 1204 3250 1260 interimitur.
3273 1205 3414 1259 Post
3429 1201 3663 1259 Decium

2025 1293 2222 1350 Gallus
2253 1299 2310 1350 et
2344 1294 2692 1350 Volusianus
2723 1307 2900 1361 regno
2940 1291 3130 1364 potiti,
3169 1306 3365 1362 pacem
3397 1305 3526 1348 eum
3559 1290 3668 1346 Go-

2025 1371 2142 1438 this
2159 1383 2636 1453 pepigerunt,nec
2656 1381 2824 1450 longo
2843 1380 3152 1436 intervallo
3169 1381 3431 1450 utrisque
3444 1393 3668 1434 occum-

2027 1471 2316 1537 bentibus,
2341 1469 2721 1526 Gallienusm
2739 1470 2989 1540 arripuit
3009 1469 3417 1539 principatum.
3444 1467 3567 1534 Quo
3586 1465 3664 1523 la-

2023 1559 2198 1615 scivia
2219 1559 2502 1628 resoluto,
2526 1560 2708 1629 Respa
2729 1563 2784 1613 et
2806 1557 3074 1614 Veducus
3091 1559 3542 1626 Thurbarusque
3565 1555 3666 1612 du-

2025 1663 2124 1704 ces
2147 1648 2462 1704 Gothorum
2485 1649 2695 1702 fretum
2717 1645 3168 1718 Ellesponticum
3193 1646 3662 1712 trausfretantes,

2023 1735 2237 1791 multas
2254 1736 2402 1790 Asiae
2424 1735 2598 1790 urbes
2619 1735 2920 1805 depredati
2943 1739 3099 1803 sunt,
3117 1733 3380 1802 illudque
3397 1731 3669 1804 opinatis-

2023 1839 2230 1879 snnum
2263 1825 2454 1880 Dianae
2480 1823 2757 1894 templum
2777 1825 2849 1879 ab
2877 1822 3265 1878 Amazonibus
3289 1821 3500 1891 Ephesi
3533 1835 3668 1877 con-

1938 1941 1993 2002 B
2023 1911 2228 1981 ditum,
2263 1911 2710 1980 succenderunt,
2737 1916 2946 1966 etcum
2972 1910 3149 1966 multa
3176 1908 3352 1980 preda
3383 1908 3662 1979 regressi,

2019 2001 2403 2070 Trojam,quze
2419 1999 2514 2054 vix
2529 1999 2715 2054 abillo
2731 1999 3116 2068 Agamennico
3133 1998 3285 2054 bello
3302 1997 3672 2066 quantulum-

2020 2102 2267 2158 cumque
2300 2092 2568 2158 reparata
2600 2093 2748 2156 erat,
2791 2101 3022 2142 rursum
3065 2085 3432 2154 deleverunt,
3467 2085 3667 2156 sicque

2024 2184 2156 2240 Asia
2183 2188 2429 2252 vastata,
2455 2184 2711 2238 Traciam
2739 2184 3120 2247 devenerunt,
3145 2187 3201 2237 et
3222 2181 3385 2251 juxta
3412 2181 3667 2238 radicem

2023 2280 2180 2336 Hemi
2215 2281 2428 2335 montis
2459 2295 2736 2350 aquarum
2763 2279 3079 2336 calidarum
3107 2279 3339 2335 lavacro
3365 2277 3663 2350 delectati,

2025 2376 2224 2432 multis
2254 2376 2458 2433 diebus
2489 2383 2936 2447 commorantes,
2975 2376 3044 2432 ad
3077 2377 3307 2448 propria
3343 2377 3664 2446 redierunt,

2025 2476 2208 2544 (Jonn.
2235 2491 2283 2530 c.
2312 2480 2379 2531 20
2402 2479 2587 2548 seqq.)
2619 2477 2758 2532 Post
2780 2475 2903 2531 h:ec
2927 2477 2997 2530 ab
3023 2474 3294 2530 llerculio
3327 2473 3665 2530 Maximiano

2025 2573 2078 2628 in
2101 2573 2377 2629 auxilium
2404 2576 2789 2630 Ron'ianorum
2811 2579 3011 2628 contra
3031 2573 3276 2628 Parthos
3296 2571 3505 2642 rogati,
3532 2571 3669 2627 ﬁde-

2025 2671 2160 2726 liter
2193 2670 2664 2739 decertaverunt,
2699 2677 2758 2726 et
2786 2656 3063 2725 Narseum
3098 2659 3290 2738 regem
3333 2670 3664 2737 Persarum,

2025 2760 2260 2831 Saporis
2286 2759 2471 2828 magni
2497 2763 2784 2828 nepotem,
2817 2760 3182 2828 fugaverunt.
3221 2760 3262 2812 Α
3289 2757 3668 2814 Constantino

2027 2863 2254 2919 qumque
2279 2847 2631 2920 imperatore
2658 2847 2865 2916 rogati,
2901 2846 3084 2902 multo
3109 2845 3396 2902 affuerunt
3425 2845 3665 2916 auxilio,

2024 2941 2080 2993 et
2119 2941 2177 2993 ut
2215 2937 2656 2992 famosissimam
2691 2939 2882 2993 Roma:
2914 2935 3176 2992 aemulam
3209 2935 3264 2989 in
3301 2950 3404 2990 suo
3438 2935 3668 2991 nomine

2024 3027 2192 3082 condi
2215 3031 2305 3081 ret
2347 3026 2663 3094 civitatem,
2711 3024 3030 3080 Gothorum
3071 3022 3332 3080 interfuit
3379 3023 3664 3094 operatio.

2023 3112 2130 3180 Qui
2167 3113 2382 3170 foedere
2412 3114 2556 3170 inito
2584 3129 2713 3170 cum
2749 3113 3120 3184 imperatore,
3156 3114 3223 3168 40
3245 3110 3400 3166 milia
3432 3125 3667 3168 suorum

2024 3202 2105 3257 illi
2132 3202 2186 3258 in
2212 3203 2486 3260 solatium
2511 3209 2711 3259 contra
2749 3201 2940 3257 varias
2969 3206 3177 3270 gentes
3206 3199 3496 3268 obtulere,
3532 3215 3672 3271 quo-

239 3295 476 3362 functo,
497 3291 781 3350 successit
799 3289 1174 3360 Ostrogotha,
1191 3295 1248 3346 et
1269 3305 1404 3361 pars
1419 3290 1758 3359 Gothorum,
1785 3304 1910 3360 quae
1943 3295 1992 3361 (ζ’,
2024 3307 2148 3348 rum
2169 3295 2227 3346 et
2247 3305 2524 3347 numerus
2545 3297 2602 3346 et
2625 3289 2826 3345 militia
2853 3303 3036 3358 usque
3057 3289 3126 3343 ad
3146 3303 3392 3358 presens
3412 3288 3464 3344 in
3485 3302 3548 3344 re
3566 3303 3670 3360 pu-

240 3379 604 3440 orientalem
637 3379 864 3451 plagam
898 3379 1156 3446 tenebat,
1190 3379 1675 3448 Ostrogotharum
1708 3392 1911 3434 nomen

239 3469 508 3542 accepit,
534 3469 656 3524 sive
675 3481 706 3523 a
727 3481 886 3537 rege,
912 3467 1035 3522 sive
1054 3481 1081 3522 a
1107 3465 1371 3536 regione;
1396 3465 1606 3536 reliqui
1631 3481 1788 3538 vero,
1816 3469 1912 3538 qui

245 3560 306 3616 in
333 3557 586 3616 occidua
611 3561 775 3612 erant
803 3559 987 3627 parte,
1018 3554 1354 3623 Wisigothae
1377 3554 1519 3610 dicti
1540 3560 1694 3625 sunt,
1731 3557 1912 3612 ambze

239 3653 446 3706 tamen
499 3651 700 3718 partes
733 3644 854 3714 regi
889 3644 1262 3712 Ostrogothze
1312 3643 1761 3712 subjaeuerunt;
1815 3645 1915 3701 mi-

238 3749 500 3808 rumque
533 3733 589 3789 in
622 3734 851 3789 modum
896 3731 1013 3789 illis
1055 3731 1515 3803 proﬁcientibus,
1561 3733 1671 3789 sub
1714 3747 1914 3790 eorum

239 3825 496 3882 dextera
521 3820 836 3879 Wandalus
859 3820 1066 3892 jacuit,
1101 3821 1540 3876 Marcomannus
1575 3823 1681 3878 sub
1717 3821 1914 3892 precio

241 3911 442 3980 stetit,
494 3908 766 3982 princeps
807 3906 1138 3974 Quadorum
1172 3907 1228 3962 in
1261 3906 1607 3964 servitutem
1638 3907 1918 3965 redactus

241 4005 357 4057 est.
395 3998 670 4071 Philippo
701 3998 898 4068 itaque
931 3997 1208 4053 Romanis
1242 3997 1584 4068 imperante,
1623 3999 1718 4068 qui
1753 3998 1914 4054 solus

243 4093 382 4146 ante
409 4087 861 4152 Constantinum
881 4101 1012 4143 cum
1039 4085 1156 4141 ﬁlio
1178 4101 1284 4142 suo
1307 4085 1443 4141 item
1465 4085 1734 4158 Philippo
1759 4087 1917 4142 Chri-

246 4177 480 4234 stianus
527 4175 720 4232 factus
760 4178 874 4243 est,
919 4173 1266 4244 Ostrogotha
1303 4189 1432 4230 cum
1467 4175 1591 4231 suis
1621 4176 1918 4232 transiens

243 4265 600 4334 Danubium,
667 4263 996 4336 provincias
1055 4263 1443 4320 Romanorum
1494 4264 1779 4332 vastavit;
1845 4265 1917 4320 ad

248 4367 420 4424 quem
455 4349 872 4408 debellandum
907 4350 1116 4407 Decius
1150 4355 1388 4406 senator
1418 4364 1448 4405 a
1481 4351 1748 4424 Philippo
1779 4352 1920 4410 diri-

245 4441 428 4512 gitur.
457 4440 572 4508 Qui
599 4441 859 4510 veniens,
894 4441 1184 4497 Romanos
1215 4439 1432 4496 milites
1463 4454 1610 4512 quos
1642 4441 1861 4498 invenit
1887 4457 1916 4498 ει

249 4529 458 4586 militia
485 4527 762 4601 deposuit
780 4531 837 4584 et
858 4528 913 4584 in
939 4527 1164 4600 privata
1190 4527 1307 4584 vita
1333 4527 1548 4598 degere
1574 4529 1733 4600 fecit,
1753 4516 1921 4602 quasi

2025 3379 2175 3436 blira
2208 3378 2560 3447 nominatur,
2597 3377 2652 3433 id
2683 3382 2769 3433 est
2804 3376 3092 3432 foederati.
3128 3377 3281 3432 Tune
3311 3377 3522 3431 ctenim
3559 3377 3668 3432 sub

2023 3467 2268 3524 Ariarici
2286 3471 2342 3523 et
2360 3467 2603 3523 Ariorici
2625 3481 2822 3536 regum
2845 3479 3080 3522 suorum
3101 3464 3386 3519 ﬂorebant
3402 3463 3664 3535 imperio.

2022 3556 2158 3612 Post
2193 3570 2436 3626 quorum
2467 3555 2787 3611 discessum
2822 3567 3130 3610 successor
3152 3552 3316 3622 regni
3341 3551 3537 3607 extitit
3566 3551 3668 3606 Ge-

2024 3643 2245 3714 berich,
2266 3643 2485 3700 virtute
2502 3641 2890 3699 ct-uobilitate
2913 3640 3179 3697 eximius.
3207 3641 3346 3695 Nam
3369 3644 3533 3712 patre
3554 3639 3669 3695 [lil-

2024 3731 2221 3789 derico
2242 3737 2432 3801 natus,
2450 3747 2558 3789 avo
2573 3731 2811 3801 Hovida,
2829 3745 3043 3802 proavo
3064 3730 3227 3801 Nida,
3243 3729 3486 3800 gloriam
3504 3743 3670 3800 gene-

2023 3821 2106 3877 ris
2137 3821 2224 3878 sui
2261 3821 2428 3877 factis
2459 3819 2808 3891 exaequavit.
2842 3821 2902 3875 In
2937 3818 3223 3891 principio
3264 3819 3477 3890 quippe
3508 3817 3670 3888 regni

2024 3909 2114 3966 sui
2150 3924 2278 3966 mox
2308 3908 2717 3966 Wandalorum
2748 3907 2928 3978 genti,
2957 3907 3052 3980 qui
3082 3922 3152 3964 eo
3183 3913 3446 3978 tempore
3480 3921 3671 3962 mane-

2026 3998 2162 4053 bant
2198 3997 2293 4054 uhi
2339 4001 2542 4068 postea
2584 3995 2784 4068 Gepidi
2827 3995 3134 4067 sedebant,
3179 3996 3392 4052 bellum
3435 3994 3665 4064 indixit,

2026 4099 2340 4156 regemque
2388 4100 2590 4141 eorum
2640 4085 3022 4142 Wisamarum
3068 4099 3199 4140 cum
3247 4099 3448 4152 magna
3501 4087 3669 4154 parte

2023 4174 2218 4245 gentis
2239 4189 2360 4230 suae
2387 4173 2729 4244 prostravit,
2762 4172 3218 4244 depredatisque
3250 4171 3562 4242 Wandalis,
3589 4171 3669 4228 vi-

2028 4267 2158 4320 ctor
2176 4262 2473 4319 remeavit.
2498 4261 2778 4334 Perpauci
2802 4275 2938 4317 vero
2961 4260 3241 4330 Wandali,
3265 4259 3360 4331 qui
3382 4274 3670 4316 remanse-

2030 4359 2156 4409 rant
2191 4353 2603 4408 iufortunatam
2635 4350 2747 4407 sibi
2781 4349 3026 4422 patriam
3067 4349 3484 4420 relinquentes,
3529 4351 3673 4404 Pan-

2030 4442 2280 4510 noniam,
2317 4457 2344 4497 a
2379 4439 2762 4498 Constantino
2805 4438 3160 4510 imperatore
3198 4439 3311 4495 sibi
3340 4437 3408 4470 7”
3439 4453 3671 4495 conces-

2031 4546 2172 4600 sam,
2196 4530 2510 4602 petierunt,
2528 4528 2722 4598 ibique
2741 4527 2949 4584 locatis
2969 4525 3228 4596 sedibus,
3244 4541 3349 4597 per
3369 4525 3668 4596 sexaginta

250 4632 456 4676 eorum
489 4617 762 4688 neglectu
797 4616 968 4673 Gothi
999 4616 1322 4672 Danubium
1349 4617 1714 4688 transierint,
1743 4620 1920 4684 facta-
1950 4651 2004 4712 D
2033 4634 2214 4677 annos
2245 4619 2660 4690 imperatorum
2691 4614 2946 4672 decretis
2968 4613 3130 4672 velut
3153 4615 3358 4671 incolae
3381 4613 3672 4670 deservie-

253 4720 388 4777 que,
415 4711 478 4764 ut
505 4705 754 4778 putavit,
789 4705 846 4761 in
876 4719 1014 4762 suos
1041 4704 1319 4774 vindicta,
1353 4705 1676 4761 revertitur
1698 4707 1769 4763 ad
1795 4708 1922 4764 Phi-

253 4791 499 4866 lippum.
528 4792 739 4850 Milites
761 4797 955 4850 autem
975 4792 1266 4862 videntes,
1291 4807 1353 4850 se
1377 4797 1502 4865 post
1525 4797 1616 4850 tot
1637 4793 1872 4852 labores
1891 4811 1920 4852 a

256 4881 466 4939 militia
491 4881 714 4955 pulsos,
740 4881 813 4938 ad
831 4881 1207 4952 Ostrogothze
1233 4882 1387 4953 regis
1412 4881 1625 4939 auxilia
1649 4885 1925 4957 confuge-

260 4975 414 5026 runt.
445 4970 557 5039 Qui
577 4971 877 5042 excipiens
899 4984 1021 5038 eos,
1050 4984 1372 5040 eorumque
1396 4971 1594 5028 verbis
1617 4985 1918 5047 accensus,

260 5072 392 5115 mox
417 5063 682 5116 trecenta
715 5058 868 5114 milia
901 5073 1140 5116 suorum
1164 5066 1384 5116 armata
1410 5059 1681 5132 producit
1704 5061 1772 5116 ad
1805 5063 1922 5119 bel'

262 5142 402 5215 lum,
424 5147 798 5218 transitoque
825 5145 1107 5218 Danubio,
1132 5147 1387 5204 Moesiam
1405 5147 1669 5220 pepulati
1685 5155 1840 5220 sunt,
1862 5154 1920 5207 et

263 5231 756 5307 Marcianopolim,
782 5233 1043 5306 ejusdem
1069 5235 1275 5307 patriae
1299 5236 1501 5292 urbem
1529 5237 1919 5308 metrOpolim,

267 5335 438 5391 quam
467 5321 748 5394 Trajanus
777 5321 914 5379 olim
938 5336 1011 5380 ex
1033 5322 1262 5380 nomine
1292 5323 1510 5382 sororis
1543 5339 1664 5382 suae
1696 5325 1922 5382 Marciae

267 5409 944 5481 condidit,obsederunt;
959 5417 1318 5484 acceptoque
1332 5413 1530 5486 precio
1545 5417 1677 5486 post
1690 5413 1920 5485 longam

2031 4711 2189 4766 runt.
2223 4707 2492 4776 Indejam
2516 4711 2649 4778 post
2673 4705 2902 4774 longum
2928 4708 3158 4775 tempus
3179 4717 3209 4758 a
3233 4701 3532 4772 Stilicone,
3557 4715 3671 4756 ma-

2031 4796 2221 4866 gistro
2264 4795 2509 4851 militum
2553 4799 2609 4850 et
2647 4791 2960 4850 exconsule
3003 4805 3067 4848 ac
3106 4791 3375 4864 patricio,
3418 4789 3667 4859 invitati,

2034 4883 2711 4956 Galliasoccupaverunl,
2729 4880 2824 4938 ubi
2843 4879 3118 4935 ﬁnitimos
3130 4878 3541 4951 deprcdantes,
3558 4891 3670 4933 non

2033 4971 2179 5027 adeo
2203 4971 2347 5026 ﬁxas
2370 4970 2540 5026 sedes
2563 4970 2910 5026 habuerunt.
2947 4967 3222 5025 Geberico
3255 4981 3502 5038 namque
3534 4980 3670 5036 rege

2032 5059 2348 5116 Gothorum
2381 5059 2557 5116 rebus
2587 5057 2854 5115 humanis
2883 5056 3224 5128 excedente,
3260 5060 3390 5128 post
3413 5055 3672 5126 aliquan-

2033 5151 2153 5203 tum
2175 5147 2457 5219 temporis
2479 5147 2873 5217 Ermenricus,
2894 5145 3226 5202 Amalorum
3247 5144 3668 5215 nobilissimus,

2032 5235 2322 5293 successit
2346 5235 2400 5290 in
2427 5249 2690 5306 regnum,
2717 5234 2812 5306 qui
2841 5233 3052 5290 multas
3074 5234 3257 5289 arctoi
3281 5238 3488 5304 gentes
3507 5230 3674 5288 belli-

2031 5339 2200 5382 cosas
2226 5323 2556 5396 perdomuit
2577 5323 2818 5395 suisque
2842 5322 3071 5393 legibus
3095 5335 3300 5395 parere
3321 5321 3478 5392 fecit,
3499 5335 3670 5394 quem

2030 5413 2241 5471 merito
2272 5410 2534 5470 nonnulli
2563 5411 2817 5483 majores
2847 5409 3177 5468 Alexandro
3207 5425 3414 5482 magno
3445 5423 3672 5483 compa-

1630 5579 1866 5638 VARIIE
1909 5581 2306 5640 LECTIONES.

342 5712 410 5748 ⁷⁸³
432 5731 483 5773 c.
520 5721 614 5774 est
649 5720 726 5773 9°.
810 5718 878 5753 7"
908 5719 1270 5780 Vualaradus
1301 5725 1377 5778 9°.
1465 5722 1534 5757 7”
1561 5723 1974 5782 herismundus
2005 5731 2056 5783 δ.
2145 5723 2216 5760 ⁷⁸⁸
2247 5740 2303 5780 u.
2339 5723 2376 5780 f.
2411 5727 2461 5780 ὅ.
2549 5719 2617 5755 ⁷³⁷
2647 5719 2912 5792 galienus
2943 5725 3003 5778 9°
3083 5721 3152 5756 7”
3182 5721 3346 5781 deest
3369 5727 3446 5779 0°.
