3946 6432
333 400 450 466 H35)

1503 398 1986 465 EKKEHARDI
2029 397 2590 468 URAUGIENSIS

3626 403 3756 472 786

331 553 556 598 ravere.
591 537 852 597 Habebat
885 537 1099 612 quippe
1123 537 1231 597 sub
1253 535 1482 596 ditione
1502 551 1604 596 sua
1629 536 1871 595 Golthes
1893 537 1984 614 τέ’,
2017 545 2074 608 Α
2101 539 2436 610 commovit,
2463 538 2561 612 qui
2586 539 3011 600 numerositate
3031 537 3344 614 pollentes,
3367 539 3554 616 primo
3576 542 3756 602 resis-

329 629 698 687 Citathiudos
725 629 814 699 '°°,
854 631 1100 690 lnanxos
1129 629 1218 700 θοι,
1255 630 1490 697 Suasos,
1525 631 1862 686 Narboneas
1894 627 1983 700 ⁸⁰²,

331 721 641 788 Merentes,
664 721 1012 788 Mordentes,
1033 718 1507 789 Ymniscarosm,
1532 719 1987 776 Roscatbaizan-

333 813 423 866 tes
453 807 542 880 3“,
579 809 876 878 Athaalos,
923 809 1290 879 Mavegones,
1334 809 1696 875 Rubegcnas,
1743 807 1980 864 Holdas.

332 897 402 955 Et
449 913 581 956 cum
629 903 924 956 tantorum
969 897 1212 953 servitio
1253 896 1448 953 clarus
1487 895 1824 966 haberetur,
1869 911 1982 953 non

331 987 551 1058 quievit
595 987 704 1044 nisi
737 991 798 1044 et
826 986 1170 1042 Hernlorum
1215 993 1444 1055 gentes,
1491 985 1704 1056 quibus
1747 989 1979 1056 preerat

334 1075 618 1145 Alaricus,
646 1076 755 1133 sibi
781 1075 1120 1145 subiiceret.
1147 1075 1285 1143 Quae
1306 1089 1450 1144 gens
1473 1073 1640 1144 juxta
1674 1073 1980 1130 Meotidem

333 1163 600 1237 paludem
625 1165 917 1233 habitans,
938 1179 1012 1221 ex
1031 1163 1176 1220 locis
1197 1163 1625 1232 stagnantibus,
1649 1178 1795 1234 quas
1813 1163 1978 1219 (ἓνροὶ

335 1253 486 1312 belle
525 1258 760 1324 vocant,
803 1253 1000 1311 IIeruli
1041 1253 1205 1324 quasi
1251 1251 1460 1308 [lelluli
1503 1251 1781 1308 nominati
1817 1257 1974 1321 sunt,

331 1358 472 1412 gens
515 1347 794 1414 quantum
828 1342 993 1398 velox
1025 1347 1250 1398 tantum
1284 1343 1554 1412 superba.
1599 1341 1766 1396 Nulla
1800 1341 1978 1412 siqui-

335 1433 462 1490 dem
495 1447 640 1503 gcns
670 1436 810 1488 tunc
841 1438 986 1501 erat,
1023 1448 1150 1502 quae
1184 1448 1294 1487 non
1325 1431 1505 1487 levem
1531 1431 1599 1465 εθδ
1622 1437 1976 1488 armaturam

335 1523 390 1578 in
414 1524 538 1579 acie
561 1539 662 1579 sua
687 1539 760 1578 ex
783 1521 922 1592 ipsis
942 1523 1058 1592 elig
1097 1527 1206 1579 ret.
1235 1521 1344 1578 Sed
1369 1523 1631 1592 quamvis
1654 1537 1856 1578 eorum
1884 1537 1977 1577 ve-

331 1611 538 1668 locitas
555 1612 626 1667 ah
645 1610 776 1667 aliis
800 1612 1009 1668 crebro
1035 1611 1390 1667 bellantibus
1410 1627 1509 1666 vos
1530 1616 1842 1678 tutaretur,
1871 1611 1976 1667 Go-

334 1701 567 1756 thorum
602 1706 790 1756 tamen
822 1700 1130 1756 stabilitati
1157 1707 1216 1756 et
1242 1701 1505 1756 tarditati
1537 1701 1976 1770 subiacuerunt,

334 1791 588 1860 fecitque
610 1804 783 1846 causa
813 1789 1064 1856 fortium,
1094 1795 1152 1844 ut
1186 1789 1294 1860 ipsi
1321 1789 1473 1844 inter
1499 1790 1754 1858 reliquas
1776 1795 1980 1856 gentes

334 1879 646 1935 Gelbarum
689 1879 810 1948 regi
854 1879 1190 1935 Ermenrico
1229 1879 1538 1934 servirent.
1575 1881 1712 1934 Post
1745 1878 1982 1935 l-lerulo-

335 1981 460 2024 rum
513 1967 730 2024 caedem
783 1967 922 2024 item
974 1968 1345 2024 Ermenricus
1387 1967 1440 2022 in
1483 1967 1775 2022 Venethos
1824 1981 1981 2023 arma

2103 634 2224 686 tere
2247 632 2614 687 conabantur
2632 649 2646 696 ;
2663 631 2764 686 sed
2790 631 2968 687 nichil
2989 632 3139 688 valet
3161 631 3474 689 multitudo
3494 633 3547 688 in
3571 632 3750 700 bello,

2098 719 2194 776 ubi
2228 724 2281 774 et
2321 721 2474 776 Deus
2502 721 2790 791 permittit
2823 727 2882 776 et
2912 720 3228 777 multitudo
3262 721 3494 778 fortium
3525 726 3750 780 armata

2096 807 2424 865 advenerit.
2460 808 2854 864 Venethorum
2896 825 3033 865 vero
3069 809 3249 880 natio,
3295 814 3357 866 ut
3397 825 3572 882 supra
3603 810 3753 866 dixi-

2097 911 2242 966 mus,
2269 897 2550 968 populosa
2579 903 2694 968 est,
2716 897 2812 968 qui
2833 898 2905 954 ab
2926 913 3030 954 una
3057 898 3242 968 stirpe
3265 899 3477 969 exorti,
3497 899 3606 957 tria
3630 899 3748 957 sibi

2093 985 2321 1042 nomina
2349 986 2706 1052 indiderunt,
2734 986 2996 1056 Venethi,
3024 986 3260 1057 Anthes,
3287 987 3564 1058 Sclaveni,
3591 987 3746 1060 quod

2092 1090 2301 1130 nomen
2334 1075 2420 1131 eis
2457 1075 2775 1146 principale
2807 1079 2918 1131 cst.
2963 1075 3070 1142 Qui
3111 1075 3374 1147 quamvis
3404 1081 3628 1150 postea,
3666 1079 3743 1134 fa-

2091 1164 2388 1220 cientibus
2441 1165 2699 1235 peecatis
2747 1163 3150 1235 quorumdam,
3203 1165 3416 1236 ubique
3458 1167 3739 1238 sevirent,

2090 1257 2230 1309 tunc
2253 1261 2442 1309 tamen
2469 1268 2668 1310 omnes
2687 1254 3022 1310 Ermenrico
3048 1255 3396 1310 servierunt.
3430 1257 3741 1313 Hestorum

2091 1357 2322 1412 quoque
2375 1343 2687 1411 nationem,
2731 1342 2827 1411 qui
2869 1341 3265 1412 longissimam
3312 1345 3506 1401 oceani
3553 1345 3739 1417 ripam

2089 1431 2411 1486 Germanici
2444 1431 2801 1500 insederant,
2821 1431 2970 1487 idem
2998 1431 3299 1504 prudentia
3325 1437 3382 1488 et
3402 1432 3622 1489 virtute
3645 1448 3744 1490 su-

2089 1520 2268 1588 begit,
2299 1519 2687 1588 omnibusque
2711 1521 2960 1588 Scythia:
2983 1523 3038 1576 et
3065 1521 3382 1578 Germaniae
3405 1523 3742 1579 nationibus

2083 1610 2202 1666 arsi
2246 1609 2501 1680 prepriis
2535 1608 2758 1664 laribus
2788 1609 3114 1678 imperavit.
3149 1610 3285 1667 Post
3316 1609 3437 1668 haec
3466 1626 3604 1668 vero
3626 1613 3743 1670 Hu-

2092 1713 2296 1754 norum
2329 1713 2471 1766 gens
2497 1699 2651 1753 omni
2691 1698 2997 1754 ferocitate
3031 1698 3284 1755 atrocior
3312 1700 3528 1755 exarsit
3552 1701 3606 1756 in
3632 1702 3742 1758 Go-

2093 1789 2244 1855 thos,
2275 1802 2516 1856 eosque,
2553 1787 2644 1856 qui
2684 1787 2842 1857 prius
2873 1787 3066 1842 timori
3101 1794 3266 1844 erant
3299 1789 3513 1845 ceteris
3551 1791 3742 1860 genti-

2095 1879 2224 1945 bus,
2259 1877 2330 1932 ab
2365 1876 2622 1946 antiquis
2655 1875 3013 1932 conterritos
3039 1877 3262 1948 expulit
3296 1877 3550 1934 sedibus.
3597 1881 3738 1946 llos,

2094 1971 2155 2023 ut
2180 1967 2356 2022 refert
2387 1965 2728 2036 antiquitas,
2756 1965 2831 2020 ita
2857 1966 3126 2036 extitisse
3151 1966 3553 2039 comperimus.

1557 2108 1663 2166 DE
1707 2106 2047 2168 ORIGINE
2091 2105 2502 2167 HUNORUM

401 2220 634 2278 Filimer
663 2235 764 2276 rex
797 2222 1136 2288 Gothorum,
1170 2221 1431 2277 Gadar’ei
1464 2222 1644 2288 Magni
1678 2221 1852 2290 filius,
1881 2221 1977 2292 qui
2011 2235 2064 2293 Β
2095 2220 2273 2275 thiam
2306 2225 2642 2292 prepcrant,
2668 2224 2726 2274 et
2752 2225 3252 2291 quantoscumque
3276 2219 3612 2292 Scytharum
3634 2221 3741 2276 ob-

333 2315 466 2382 post
497 2325 799 2382 egressura
831 2325 1029 2368 eorum
1058 2313 1126 2366 de
1150 2312 1386 2366 Scanzia
1413 2311 1601 2367 insula
1629 2310 1743 2379 jam
1775 2311 1980 2380 quinto

337 2401 463 2458 loco
494 2404 683 2460 tenuit
714 2418 956 2474 regnum
1001 2401 1334 2468 Getharnm,
1380 2401 1594 2470 quique
1629 2405 1818 2455 terras
1851 2401 1981 2470 Sey-

335 2490 542 2562 thicas,
567 2497 627 2548 ut
645 2493 920 2564 superius
949 2490 1164 2547 dictum
1189 2494 1300 2555 est,
1326 2505 1453 2546 cum
1481 2495 1654 2557 gente
1681 2505 1778 2544 sua
1808 2491 1983 2544 intra-

333 2580 437 2646 vit,
475 2581 748 2650 quasdam
793 2581 1070 2640 mulieres
1106 2593 1320 2647 magas.
1359 2594 1502 2648 quas
1535 2577 1613 2631 illi
1649 2578 1850 2632 Gotieo
1885 2593 1983 2634 no-

334 2667 484 2723 mine
533 2667 789 2725 alirunas
842 2674 1072 2731 vocant,
1109 2668 1163 2722 in
1193 2667 1456 2722 exercitu
1494 2667 1731 2736 reperit,
1763 2681 1983 2736 easque

331 2762 640 2827 suspectas
674 2759 910 2824 habens,
937 2757 1008 2812 de
1035 2756 1224 2814 medio
1247 2756 1335 2811 sui
1364 2757 1478 2825 jam
1518 2760 1888 2826 pregnantes,
1920 2760 1979 2810 ut

335 2845 567 2916 quidam
601 2847 786 2916 (Jouo.
813 2862 863 2901 c.
890 2847 981 2913 24)
1013 2845 1234 2910 dicunt,
1269 2844 1659 2914 proturbavit,
1695 2851 1982 2914 longeque

333 2933 404 2990 ab
434 2937 697 2991 exercitu
749 2936 977 3004 fugatas
1021 2933 1074 2988 in
1118 2931 1435 2988 solitudine
1486 2947 1717 2987 manere
1765 2933 1978 3002 coegit.

333 3022 574 3088 Quidam
609 3023 842 3092 (idem?)
876 3037 1012 3078 vero
1049 3020 1253 3076 dicunt
1291 3020 1446 3090 quod
1482 3020 1785 3076 silvestres
1805 3020 1984 3075 homi-

330 3125 448 3179 nes,
489 3126 633 3182 quos
664 3114 891 3169 Faunos
925 3111 1160 3168 licarios
1187 3115 1416 3180 vocant,
1451 3109 1584 3166 dum
1619 3124 1720 3166 eas
1757 3125 1858 3182 per
1887 3109 1984 3166 de-

327 3206 546 3256 sertum
565 3215 765 3257 errare
786 3199 1067 3266 viderent,
1089 3214 1408 3270 earumque
1423 3197 1830 3268 complexibus
1845 3214 1907 3254 se
1925 3198 1980 3254 in

321 3289 474 3346 coitu
511 3289 872 3358 miscuerint,
899 3294 958 3346 et
979 3303 1165 3359 genus
1197 3289 1303 3344 hoe
1339 3289 1760 3344 ferocissimum
1785 3287 1982 3344 edide-

320 3379 453 3434 rint.
473 3379 637 3446 Quod
660 3379 759 3437 fuit
789 3379 1030 3450 primum
1053 3379 1207 3434 inter
1229 3378 1474 3449 paludes
1497 3378 1778 3434 Meotidas
1800 3378 1985 3433 minu-

321 3471 463 3537 tum,
485 3474 698 3526 tetrum
723 3473 900 3538 atque
923 3467 1096 3535 exile,
1119 3467 1284 3537 quasi
1321 3468 1356 3521 h
1381 3467 1615 3522 iminum
1648 3480 1854 3536 genus,
1879 3480 1984 3520 nec

319 3554 430 3610 alia
457 3571 594 3612 voce
617 3562 838 3625 notum,
866 3555 972 3612 nisi
1006 3555 1158 3624 quod
1193 3555 1425 3611 humani
1457 3555 1750 3610 sermonis
1785 3554 1986 3624 imagi-

321 3658 449 3699 nem
483 3645 840 3713 assignabat.
871 3643 988 3698 'l‘ali
1024 3643 1206 3712 igitur
1235 3643 1418 3713 stirpe
1453 3643 1599 3698 lluni
1631 3643 1837 3711 creati,
1877 3645 1984 3697 Go-

321 3732 551 3788 thorum
578 3731 791 3788 finibus
815 3733 1196 3788 advenerunt.
1223 3731 1390 3786 Natio
1419 3736 1612 3786 autem
1640 3731 1895 3800 illorum,
1922 3738 1985 3786 ut

321 3820 539 3877 dictum
581 3825 694 3889 est,
739 3821 1032 3877 referente
1076 3821 1278 3876 Prisco
1319 3820 1641 3888 liystorico,
1676 3819 1982 3876 Mcotidem

320 3909 591 3981 paludem
613 3909 666 3964 in
690 3908 957 3964 ulteriori
982 3909 1105 3979 ripa
1132 3908 1414 3977 insidens,
1437 3908 1731 3963 venationi
1756 3912 1982 3964 tantum

321 3997 574 4066 studuit,
608 3997 828 4054 nullum
863 3997 1037 4054 alium
1068 4002 1309 4068 experta
1346 3997 1626 4065 laborem,
1660 3997 1768 4053 nisi
1804 3997 1977 4068 quod,

321 4092 631 4158 postquam
661 4087 946 4144 crevisset
973 4087 1028 4142 in
1057 4087 1322 4158 populos,
1353 4086 1657 4142 fraudibus
1676 4091 1733 4142 et
1759 4087 1982 4158 rapinis

319 4176 637 4233 vicinarum
657 4177 915 4247 gentium
937 4175 1316 4233 conturbavit
1339 4176 1621 4246 quietem.
1641 4176 1822 4246 Hujus
1838 4191 1978 4248 ergo

319 4265 510 4336 gentis
543 4268 871 4334 venatores,
901 4269 959 4322 ut
991 4265 1270 4332 assolent,
1301 4266 1434 4322 dum
1461 4265 1514 4321 in
1542 4265 1808 4322 ulteriori
1835 4267 1979 4321 Meo-

319 4353 458 4410 tidis
510 4354 634 4425 ripa
683 4353 1431 4424 venationesinquirerent,
1481 4354 1973 4423 animadvertunt,

226 4482 240 4496 .
319 4442 610 4512 quomodo
651 4457 824 4499 cerva
857 4457 926 4498 ex
959 4441 1278 4514 improviso
1313 4457 1376 4498 se
1409 4443 1526 4498 illis
1565 4442 1802 4511 obtulit,
1849 4456 1978 4513 quae

317 4529 584 4600 ingressa
626 4529 916 4603 paludem,
959 4544 1230 4600 nuncque
1269 4530 1676 4601 progrediens,
1709 4544 1977 4601 nuncque

317 4620 666 4691 subsistens,
694 4619 969 4676 indicium
995 4619 1102 4675 vite
1128 4620 1353 4676 tribuit.
1382 4620 1561 4686 Quam
1589 4619 1774 4676 secuti
1809 4633 1979 4676 vena-

314 4713 496 4780 tores,
541 4708 810 4780 paludem
851 4707 1180 4777 meotidem,
1231 4723 1400 4778 quam
1443 4708 1778 4778 imperviam
1815 4713 1979 4780 puta-

317 4795 477 4868 bant,
518 4797 767 4869 pedibus
802 4798 1182 4865 transierunt,
1219 4811 1470 4866 moxque
1504 4797 1826 4868 Scythicam
1860 4804 1976 4854 ter-

317 4899 436 4941 ram
485 4885 652 4942 inscii
707 4884 1095 4940 intraverunt.
1143 4884 1206 4938 Hi
1253 4898 1395 4941 vero
1439 4890 1636 4955 preter
1669 4886 1970 4944 Meotidem

2019 3597 2067 3661 C

2093 2312 2221 2365 vios
2250 2311 2578 2365 habuerunt
2613 2310 2976 2378 occiderunt,
3012 2309 3272 2380 reliquos
3311 2309 3570 2382 perditos
3601 2311 3737 2367 sub-

2094 2403 2359 2466 egerunt.
2388 2401 2522 2454 Nam
2550 2414 2680 2454 mox
2708 2403 2768 2455 ut
2795 2399 3088 2468 ingentem
3113 2399 3267 2455 illam
3293 2399 3556 2472 paludem
3578 2403 3737 2456 tran-

2093 2488 2342 2556 sierunt,
2394 2487 2528 2544 ilico
2578 2488 2886 2560 Alpizuros
2925 2491 2984 2544 et
3017 2487 3318 2546 Alcizuros
3347 2504 3413 2546 ac
3444 2489 3732 2558 ltimaros,

2095 2576 2304 2632 deinde
2339 2578 2518 2632 Arsos
2548 2584 2606 2632 et
2641 2577 2898 2646 Boiscos,
2933 2576 3027 2646 qui
3076 2577 3216 2648 ripae
3254 2577 3498 2648 Scythia
3527 2577 3740 2634 inside-

2098 2667 2257 2731 bant,
2287 2666 2452 2736 quasi
2487 2666 2719 2736 quidam
2757 2667 2928 2722 turbo
2958 2666 3217 2736 gentium
3251 2667 3582 2737 rapiebant;
3615 2667 3740 2724 Ala-

2096 2769 2202 2810 nos
2225 2769 2376 2824 quoq
2389 2771 2476 2814 ue.
2507 2771 2694 2827 pugna
2720 2755 2830 2810 sibi
2858 2769 3030 2826 pares
3049 2756 3150 2812 sed
3171 2755 3526 2812 humanitate
3547 2756 3742 2814 vietus

2097 2844 2395 2914 formaque
2415 2843 2756 2909 dissimiles,
2781 2845 3018 2914 frequen
3033 2844 3071 2899 ti
3091 2844 3406 2901 certamine
3427 2844 3739 2915 fatigantes

2097 2931 2516 3001 subjugabant.
2568 2935 2705 2988 Nam
2740 2937 2798 2988 et
2840 2949 2986 3004 quos
3029 2931 3182 2990 bello
3224 2933 3462 2990 forsitan
3506 2933 3738 2990 minime

2099 3023 2482 3092 superabant,
2516 3021 2714 3078 vultus
2735 3021 2822 3078 sui
2851 3027 3079 3078 terrore
3100 3021 3333 3078 nimium
3365 3036 3629 3093 pavorem
3655 3022 3739 3077 in-

2093 3117 2390 3181 gerentes,
2411 3112 2707 3180 fugabant,
2724 3126 2793 3167 eo
2809 3111 2962 3182 quod
2983 3111 3208 3168 erateis
3221 3111 3445 3183 species
3463 3111 3736 3184 pavenda

2095 3200 2440 3270 nigredinis,
2468 3206 2527 3256 et
2551 3201 2599 3257 si
2625 3201 2737 3256 dici
2766 3202 2849 3258 fas
2869 3205 2981 3271 est,
3015 3201 3274 3270 quaedam
3307 3201 3570 3258 informis
3599 3200 3731 3270 offa,

2097 3303 2205 3344 non
2235 3290 2432 3350 facies,
2459 3289 2798 3360 habensque
2824 3289 3005 3360 magis
3032 3289 3195 3360 quasi
3231 3289 3490 3361 quaedam
3523 3296 3734 3360 puncta

2097 3393 2265 3448 quam
2293 3377 2524 3444 lumina,
2557 3394 2801 3448 quorum
2826 3377 2999 3434 animi
3025 3377 3293 3434 fiduciam
3317 3377 3587 3436 turbidus
3610 3393 3737 3450 pro-

2097 3466 2181 3522 dit
2203 3471 2497 3538 aSpectus.
2529 3467 2632 3533 Qui
2655 3467 2828 3522 etiam
2851 3467 2906 3523 in
2930 3467 3081 3524 filios
3101 3481 3242 3524 suos
3259 3467 3442 3539 primo
3459 3467 3550 3523 die
3569 3472 3736 3524 natos

2097 3555 2424 3610 deseviunt.
2460 3557 2598 3612 Nam
2635 3557 2787 3612 ferro
2822 3561 3021 3612 secant
3051 3571 3231 3625 genas
3262 3571 3479 3626 eorum,
3509 3571 3635 3613 mox
3668 3561 3732 3613 ut

2097 3645 2216 3698 nati
2239 3651 2392 3713 sunt,
2417 3650 2476 3700 ut
2496 3651 2806 3715 antequam
2827 3643 3000 3702 lactis
3019 3645 3366 3702 nutrimenta
3389 3645 3730 3718 percipiant,

2094 3732 2355 3790 vulneris
2369 3739 2655 3804 cogantur
2669 3735 2869 3792 subire
2886 3734 3276 3792 tolerantiam.
3293 3735 3430 3790 Hine
3447 3733 3736 3792 imberbes

2094 3830 2411 3880 senescunt
2429 3829 2485 3880 et
2507 3823 2632 3880 sine
2653 3829 2963 3881 venustate
2987 3824 3196 3896 ephebi
3219 3828 3373 3892 sunt,
3401 3823 3528 3895 quia
3553 3823 3734 3880 facies

2095 3913 2250 3968 ferro
2265 3911 2490 3968 sulcata
2511 3913 2916 3984 tempestivam
2933 3913 3180 3984 pilorum
3195 3913 3438 3984 gratiam
3453 3911 3732 3968 cicatrice

2095 4001 2369 4056 absumit.
2398 4003 2600 4056 Forma
2621 4001 2854 4071 quidem
2873 4001 3090 4072 exigui,
3113 4000 3215 4058 sed
3233 3999 3457 4071 argutis
3477 4001 3732 4058 motibus

2092 4095 2227 4145 sunt
2257 4090 2515 4162 expediti
2547 4095 2606 4146 et
2629 4091 2698 4148 ad
2730 4090 3107 4161 cquitandum
3142 4089 3577 4163 promptissimi,
3609 4104 3731 4147 sca-

2093 4177 2246 4249 pulis
2273 4178 2407 4235 latis
2429 4183 2486 4234 et
2511 4180 2582 4235 ad
2609 4194 2782 4236 arcus
2810 4179 3172 4250 sagittasque
3197 4178 3418 4250 paratis
3436 4177 3524 4246 ⁸⁰⁶,
3551 4178 3728 4235 firmis

2089 4268 2420 4324 cervicibus
2451 4273 2510 4324 et
2541 4268 2814 4340 superbia
2855 4283 3086 4340 semper
3125 4267 3341 4326 erectis
3369 4265 3454 4322 ⁸⁰⁷.
3496 4266 3560 4322 Hi
3592 4281 3730 4324 vero

2089 4357 2198 4412 sub
2233 4356 2414 4426 figura
2455 4357 2750 4414 hominum
2792 4357 2998 4414 vivunt
3035 4355 3264 4414 beluina
3305 4355 3532 4414 sevicia.
3567 4355 3726 4422 Quod

2087 4460 2273 4514 genus
2295 4445 2802 4516 expeditissimum
2827 4445 3136 4504 multarum
3161 4445 3454 4502 nationum
3477 4443 3638 4500 Gothi
3663 4450 3727 4501 ut

2088 4533 2384 4602 viderunt,
2413 4537 2831 4606 expavescunt,
2861 4549 3085 4606 suoque
3103 4549 3232 4592 eum
3253 4548 3386 4603 rege
3405 4532 3727 4590 deliberant

2089 4623 2228 4692 quid
2251 4630 2442 4692 agant.
2471 4623 2845 4681 Ermenricus
2863 4639 3002 4680 vero
3022 4637 3124 4680 rex
3143 4623 3456 4680 Gothorum
3481 4620 3634 4690 licet,
3661 4626 3724 4677 ut

2088 4711 2358 4782 superius
2396 4711 2732 4781 retulimus,
2778 4711 3090 4768 multarum
3133 4711 3390 4780 gentium
3430 4709 3722 4766 extitisset

2090 4799 2499 4871 triumphator,
2527 4800 2598 4856 de
2623 4802 2916 4857 Hunorum
2944 4806 3132 4856 tamen
3163 4799 3413 4856 adventu
3441 4797 3722 4856 sollicitus

2087 4888 2223 4944 dum
2247 4888 2555 4957 cogitaret,
2586 4889 3043 4946 Rasomonorum
3061 4887 3414 4958 gensinfida,
3439 4901 3564 4959 quae
3585 4892 3719 4944 tunc

315 4975 490 5030 alium
516 4975 793 5031 mundum
817 4987 948 5030 esse
972 4973 1340 5043 ignorabant,
1369 4976 1773 5033 ammiratione
1796 4981 1972 5034 terrae
2002 4958 2057 5020 D
2089 4975 2241 5032 inter
2271 4977 2414 5033 alias
2439 4976 2520 5032 illi
2546 4977 2884 5033 famulatum
2915 4976 3250 5047 exhibebat,
3277 4975 3375 5034 tali
3400 4958 3528 5032 eum
3559 4989 3722 5032 occa-

317 5062 603 5132 Scythica:
633 5061 818 5132 ducti,
855 5065 916 5118 ut
947 5065 1114 5118 erant
1149 5061 1446 5132 sollertes,
1481 5064 1594 5122 iter
1625 5065 1770 5123 illud
1801 5071 1974 5122 antea

317 5151 458 5208 nulli
501 5151 661 5208 aetati
701 5154 904 5208 notum
947 5149 1228 5208 divinitus
1260 5151 1370 5208 sibi
1401 5158 1698 5210 ostensum
1733 5154 1866 5224 rati,
1901 5153 1970 5211 ad

318 5253 454 5296 suos
479 5239 746 5311 redeunt,
774 5238 858 5297 rei
885 5244 1080 5296 actum
1104 5240 1370 5311 edocent,
1396 5242 1685 5312 Scythiam
1709 5243 1970 5313 laudant,

317 5341 514 5384 omnes
558 5328 728 5387 simul
762 5343 865 5401 per
910 5327 1060 5386 viam
1089 5342 1260 5402 quam
1292 5344 1465 5388 cerva
1505 5331 1706 5388 docuit
1737 5332 1807 5390 ad
1840 5333 1975 5404 Scy-

2087 5065 2249 5122 sione
2281 5065 2632 5136 decipiebat.
2681 5065 2977 5133 Quandam
3022 5064 3284 5122 feminam
3313 5079 3386 5122 ex
3414 5071 3718 5120 memorata

2082 5160 2278 5225 gente,
2305 5153 2698 5210 Suanihildam
2729 5154 2980 5225 nomine,
3013 5169 3118 5226 pro
3150 5153 3342 5210 mariti
3374 5152 3462 5210 sui
3495 5151 3719 5209 fraudu-

2085 5243 2244 5300 lento
2275 5243 2539 5300 discessu
2573 5259 2677 5300 rex
2711 5244 2908 5302 furore
2945 5246 3291 5314 commotus,
3323 5241 3489 5314 equis
3520 5240 3718 5299 feroci-

2087 5333 2196 5390 bus
2215 5331 2285 5366 ⁸⁰⁸
2306 5332 2569 5406 precepit
2601 5331 2830 5404 alligari
2850 5337 2908 5388 et
2932 5331 3190 5390 incitatis
3218 5331 3487 5390 cursibus
3516 5345 3619 5404 per
3638 5329 3718 5388 di-

1695 5455 1932 5513 VARL‘E
1974 5456 2374 5516 LECTIONES.

385 5549 718 5622 7"golthos
749 5554 800 5608 4.
835 5555 894 5608 9ο
941 5557 1034 5609 11.
1072 5552 1287 5622 gothos
1350 5559 1439 5611 10.

323 5626 399 5679 9°.
479 5621 550 5656 ⁸⁰³
583 5623 910 5680 inniscatos
942 5625 1000 5680 4.

318 5690 388 5725 ’θ’
423 5693 608 5752 erecti
638 5699 696 5751 9°
769 5691 839 5729 ⁸⁰⁶
871 5695 1250 5754 ferocioribus
1280 5701 1338 5752 ὅ.

1091 5625 1158 5658 ⁸⁰⁶
1191 5627 1676 5682 roseathazantes
1703 5631 1778 5682 9°.
1834 5627 1944 5683 ios.
2009 5627 2410 5684 cathaizantes
2441 5628 2498 5681 4.

1521 5553 1590 5588 ⁸ου
1621 5554 1983 5612 cithatindos
2039 5560 2114 5613 9°.
2201 5553 2271 5588 θοι
2332 5567 2578 5612 manxos
2631 5555 2707 5608 9°.
2788 5551 2858 5588 ⁸⁰²
2887 5552 3214 5610 narhoneas
3271 5553 3329 5607 ὁ.
3391 5550 3718 5607 narbunxas

2601 5623 2670 5659 eos
2701 5625 2888 5696 legem
2920 5628 2979 5680 δ.
3017 5626 3098 5676 9ο.
3142 5628 3231 5679 10.
3319 5620 3386 5655 ⁸⁰⁶
3418 5623 3602 5693 parati
3629 5625 3708 5676 9ο.
