3946 6428
208 431 321 497 ’741

1082 425 1520 491 CHRONICA.
1556 460 1633 472 —-
1659 421 2136 490 CHHONICON
2181 423 2727 490 UNIVERSALE.

3481 429 3598 499 742

212 565 542 639 occupavit,
575 565 709 638 plus
739 579 908 636 quam
953 563 1109 622 milia
1154 567 1509 620 armatorum
1558 558 1627 594 ⁸³⁸
1649 558 1850 616 fideles
1875 559 1936 620 A
1962 572 2124 630 vero,
2150 559 2362 618 Alarici
2385 561 3083 635 consanguineum,super
3103 577 3371 640 seregem
3386 577 3605 632 consti-

213 657 324 714 sibi
356 655 645 712 etamicos
669 653 1020 724 intellegens
1034 651 1736 722 adduxit,victoriamque
1751 662 1850 720 po-

217 746 377 814 titus,
422 743 700 800 ultionem
755 741 962 812 elegit.
990 743 1452 812 Postquamvero
1489 737 1852 795 Theodosius

215 833 386 890 rebus
417 831 975 900 excessithumanis,
998 835 1308 901 creperum
1333 829 1434 885 filii
1459 829 1590 899 ejus
1639 833 1854 883 utram-

216 937 326 992 que
342 935 458 976 rein
481 919 773 992 publicam
789 918 1092 976 luxuriose
1105 918 1355 974 vivendo
1379 917 1453 973 ad
1467 915 1741 973 nichilum
1759 914 1856 971 de-

217 1005 970 1076 ducercauxiliariisquem
991 1006 1116 1062 suis
1148 1005 1352 1062 Gothis
1385 1007 1670 1061 consueta
1704 1004 1854 1059 dona

217 1097 565 1153 subtrahere
598 1109 774 1162 ;mox
797 1094 1000 1150 Gothis
1034 1094 1335 1150 fastidium
1387 1108 1588 1149 eorum
1645 1091 1853 1161 crevit,

217 1191 606 1254 verentesque
637 1198 709 1239 ne
740 1182 909 1254 longa
945 1197 1089 1254 pace
1105 1197 1303 1239 eorum
1321 1197 1387 1238 se
1412 1181 1666 1238 solveret
1694 1181 1858 1236 forti-

215 1273 379 1342 tudo,
425 1273 846 1328 ordinaverunt
877 1285 1052 1343 super
1093 1285 1155 1327 se
1192 1285 1385 1340 regem
1420 1269 1734 1339 Alaricum,
1761 1268 1855 1324 cui

215 1367 342 1417 erat
358 1366 486 1432 post
505 1359 738 1415 Amalos
757 1357 1091 1415 msecunda
1111 1359 1388 1415 nobilitas
1405 1358 1856 1428 Balthorumque

216 1464 287 1505 ex
317 1461 531 1518 genere
568 1448 730 1516 origo
749 1447 1010 1518 miriﬁca,
1033 1461 1280 1518 quorum
1306 1447 1530 1519 primus
1543 1447 1759 1503 dudum
1783 1449 1856 1503 ab

215 1537 458 1595 audacia
478 1537 718 1598 virtutis
739 1535 961 1606 Baltha,
988 1536 1040 1592 id
1068 1542 1161 1592 est
1183 1537 1394 1607 audax,
1419 1538 1574 1592 inter
1598 1551 1736 1592 suos
1761 1551 1857 1590 no-

216 1639 342 1680 men
375 1628 703 1694 acceperat.
739 1625 864 1678 Mox
887 1623 1066 1692 igitur
1097 1623 1366 1680 Alarieus
1397 1638 1526 1680 cum
1563 1623 1682 1680 suis
1715 1622 1858 1678 deli-

216 1713 446 1781 berans,
473 1711 652 1768 suasit
681 1710 789 1780 eis,
812 1726 916 1768 suo
933 1710 1428 1780 potiusmlahore
1459 1727 1702 1781 regnum
1721 1727 1856 1782 que-

216 1816 347 1858 rere
375 1815 545 1872 quam
577 1800 766 1874 alieno
797 1800 1202 1871 exercituipcr
1233 1802 1366 1857 odia
1387 1803 1720 1872 subjacere;
1746 1801 1858 1856 sic-

1962 651 2220 736 tuerunt.
2257 647 2364 716 Qui
2397 649 2631 706 rediens
2660 651 2914 721 Romam,
2974 653 3247 726 quicquid
3298 664 3598 736 remansit,

1962 750 2120 792 more
2153 735 2506 794 locustarum
2537 739 2737 808 erasit,
2765 739 3038 810 nulloque
3089 745 3422 818 resistente,
3468 752 3604 808 tulit

1963 837 2221 880 sororem
2250 825 2486 881 Honorii
2519 825 2856 888 Placidiam,
2892 826 3066 884 ﬁliam
3096 830 3402 890 Theodosii
3430 837 3607 910 impe-

1964 911 2200 982 ratoris,
2233 925 2475 984 eamque
2507 914 2617 970 sibi
2679 915 2735 969 in
2783 915 3053 986 conjugio
3100 919 3419 990 copulavit.
3465 927 3603 992 Quae

1964 1013 2095 1056 cum
2129 999 2541 1058 blandimentis
2572 1003 2821 1058 animum
2851 1003 2958 1059 viri
2993 1005 3255 1062 flecteret
3309 1016 3372 1066 ut
3402 1027 3603 1082 pacem

1964 1100 2094 1143 cum
2127 1089 2398 1144 Romanis
2428 1089 2691 1160 haberet,
2725 1089 2943 1148 Gallias
2974 1095 3246 1168 tetendit,
3281 1099 3607 1173 vicinisque

1963 1175 2238 1244 gentibus
2255 1176 2604 1248 perterritis,
2641 1183 2699 1234 et
2713 1179 3008 1236 Wandalis
3029 1181 3162 1238 inde
3194 1185 3250 1240 in
3273 1187 3606 1259 Hispaniam

1966 1261 2203 1333 fugatis,
2232 1265 2416 1322 tercio
2451 1279 2600 1322 anno
2630 1273 2939 1339 postquam
2971 1271 3256 1329 Galliaset
3285 1276 3608 1348 Hyspanias

1965 1351 2321 1422 perdomuit,
2373 1354 2576 1411 fraude
2609 1370 2847 1412 suorum
2900 1358 3245 1417 interfectus
3295 1370 3406 1421 est.
3467 1369 3606 1424 Post

1965 1452 2135 1510 quem
2161 1442 2466 1512 Segericus
2497 1459 2736 1514 regnum
2760 1448 3010 1518 accepit;
3043 1448 3146 1505 sed
3177 1456 3234 1507 et
3269 1453 3393 1523 ipse
3425 1469 3453 1510 a
3485 1456 3608 1513 suis

1965 1528 2192 1586 occisus
2217 1528 2305 1602 ⁸³³,
2329 1533 2504 1589 vitam
2547 1549 2676 1590 cum
2709 1548 2886 1604 regno
2918 1537 3174 1608 reliquit.
3224 1541 3437 1599 Dehinc
3491 1543 3607 1613 jam

1967 1622 2210 1684 quartus
2221 1620 2294 1675 ab
2307 1619 2538 1678 Alarico
2562 1637 2660 1678 rex
2681 1625 3042 1681 constitutus
3056 1632 3144 1682 est
3159 1629 3610 1700 Vallia,nimium

1968 1705 2247 1774 prudens;
2271 1715 2474 1765 contra
2501 1724 2668 1780 quem
2685 1712 3306 1785 Honoriusimperator
3331 1718 3612 1776 Constan-

1969 1793 2136 1863 tium,
2168 1795 2354 1852 virum
2385 1797 2672 1854 industria
2704 1799 2944 1856 militari
2991 1803 3328 1874 pollentem,
3371 1807 3606 1880 direxit,

213 1903 328 1960 que
361 1905 462 1961 per
493 1889 844 1946 Pannoniam
879 1888 1119 1945 intravit
1144 1889 1685 1961 ltaliam,nulloque
1699 1889 1857 1961 pcni-
1885 1909 1941 1969 Β
1973 1884 2322 1951 promittens
2351 1884 2425 1956 ei,
2452 1885 2502 1941 si
2523 1901 2782 1942 sororem
2803 1902 2964 1945 suam
2981 1890 3290 1949 Placidiam
3324 1895 3446 1952 sive
3469 1912 3610 1968 pace

213 1983 312 2034 tus
342 1977 694 2046 obsistente,
720 1977 1002 2050 applicuit
1035 1977 1103 2033 ad
1131 1983 1363 2049 pontem
1380 1979 1854 2048 Candidiani,qui

215 2066 404 2122 tercio
438 2064 687 2122 miliario
709 2069 838 2120 erat
867 2066 940 2120 ab
965 2066 1108 2122 urbe
1159 2067 1316 2135 regia
1364 2068 1654 2136 Ravenna,
1687 2067 1856 2136 cujus

214 2153 431 2211 dudum
463 2167 864 2225 possessores,
889 2157 952 2210 ut
987 2153 1223 2210 tradunt
1259 2155 1527 2224 majores,
1549 2157 1776 2224 Enethi,
1798 2155 1853 2210 id

212 2249 304 2298 est
329 2241 677 2312 laudabiles,
699 2241 1064 2298 dicebantur.
1093 2243 1152 2298 In
1166 2243 1334 2312 cujus
1351 2244 1708 2300 vicinitatem
1724 2259 1854 2299 cum

210 2331 664 2402 Wisigotharum
686 2330 1074 2403 applicuisset
1089 2331 1680 2400 exercitus,Alaricus
1705 2332 1856 2401 lega-

212 2420 430 2477 tionem
461 2419 617 2476 misit
647 2418 720 2476 ad
777 2420 1113 2488 Honorium,
1163 2419 1344 2475 filium
1398 2420 1720 2490 Theodosii,
1757 2421 1852 2491 qui

213 2514 353 2566 tunc
380 2509 620 2577 ibicrat,
648 2513 709 2565 ut
726 2508 889 2564 daret
915 2509 965 2564 ei
986 2508 1176 2564 locum
1208 2506 1296 2578 ³³⁰,
1319 2508 1372 2563 in
1399 2524 1512 2578 quo
1539 2525 1668 2564 cum
1693 2524 1858 2565 exer-

215 2597 332 2653 citu
368 2613 472 2653 suo
496 2597 762 2652 habitare
796 2602 1018 2667 posset.
1053 2596 1160 2662 Qui
1200 2597 1493 2652 concessit
1527 2597 1577 2651 ei
1614 2597 1855 2652 Galliam

214 2690 274 2741 et
297 2685 665 2756 Ilyspaniam,
691 2699 836 2754 quas
856 2683 1186 2740 Geiscricus
1204 2700 1304 2739 rex
1327 2684 1855 2756 Wandalorumjam

217 2789 369 2846 pene
396 2773 668 2830 vastavit.
704 2773 827 2839 Quo
845 2787 973 2829 cum
995 2774 1306 2829 tenderent
1323 2775 1514 2843 Gothi,
1538 2775 1591 2830 in
1609 2777 1856 2844 quodam

217 2864 344 2922 loco
379 2861 716 2932 aliquandiu
737 2861 942 2918 morati
967 2866 1123 2918 sunt.
1148 2864 1301 2918 Tunc
1319 2862 1560 2920 Stilicho
1587 2869 1858 2920 comeset

214 2950 515 3022 patricius,
541 2965 710 3006 socer
737 2950 971 3005 Honorii
1032 2950 1420 3022 imperatoris,
1455 2952 1648 3008 subito
1685 2953 1858 3008 irruit

215 3054 393 3110 super
425 3053 526 3095 eos
555 3038 611 3093 in
646 3039 768 3109 ipsa
799 3038 1186 3094 sacratissima
1223 3039 1313 3094 die
1372 3040 1624 3110 paschae,
1679 3041 1856 3095 nichil

213 3127 346 3182 mali
363 3127 752 3198 suspicantes,
779 3131 835 3180 et
873 3125 1086 3182 multos
1108 3141 1176 3182 ex
1199 3127 1316 3182 illis
1339 3129 1573 3184 occidit.
1602 3129 1853 3184 Primum

213 3215 425 3286 quippe
459 3215 785 3286 perturbati
823 3220 956 3270 sunt
992 3216 1186 3284 Gothi,
1221 3216 1318 3272 sed
1347 3232 1499 3286 mox,
1519 3216 1855 3274 recollectis

213 3302 454 3373 viribus,
491 3317 644 3359 arma
705 3304 1056 3375 corripiunt,
1118 3304 1448 3375 multosque
1489 3305 1558 3359 de
1593 3306 1854 3362 exercitu

214 3389 508 3448 Stiliconis
531 3392 886 3462 occidentes,
912 3397 1145 3448 ceteros
1179 3393 1240 3461 in.
1266 3394 1456 3462 fugam
1475 3400 1849 3464 convertunt,

212 3485 268 3535 et
302 3479 357 3535 in
384 3494 646 3550 magnam
681 3481 823 3535 iram
847 3481 1241 3550 excitati,jam
1277 3482 1330 3536 in
1366 3481 1580 3537 Gallias
1612 3498 1855 3552 pergere

214 3567 413 3624 nolunt
445 3585 461 3636 ;
494 3565 592 3624 sed
615 3568 921 3624 furibondo
944 3569 1132 3623 animo
1153 3574 1409 3640 emptum
1440 3570 1552 3624 iter
1586 3571 1856 3626 deseren-

215 3661 324 3727 tes,
341 3657 394 3712 in
413 3656 724 3726 Liguriam,
743 3657 1037 3726 quamjam
1057 3659 1431 3726 transierant,
1456 3665 1852 3730 revertuntur,

215 3759 458 3816 eamque
489 3745 837 3816 spoliantes,
863 3745 1146 3800 Emiliam
1183 3747 1403 3816 pariter
1443 3752 1501 3801 et
1523 3747 1856 3804 Flaminiam

219 3833 544 3903 devastant,
569 3839 626 3888 et
661 3849 762 3905 per
783 3835 1046 3890 Tusciam
1075 3849 1259 3905 usque
1281 3835 1351 3890 ad
1378 3837 1611 3890 Romam
1633 3835 1859 3891 discur-

217 3929 429 3994 rentes,
449 3923 724 3994 quicquid
757 3938 826 3978 cx
859 3929 1108 3994 utroque
1140 3923 1322 3979 latere
1355 3925 1483 3993 fuit,
1541 3925 1592 3978 in
1619 3927 1856 3995 prodam

219 4009 520 4084 diripiunt,
575 4013 930 4082 Romamque
981 4013 1301 4082 venientes,
1349 4014 1857 4084 apprehendcrunt

219 4112 342 4156 eam
374 4104 431 4156 et
462 4101 847 4157 devastabant
871 4105 931 4156 et
961 4100 1363 4156 incendebant.
1425 4102 1610 4156 Jussit
1668 4105 1858 4156 tamen

221 4186 508 4259 Alaricus,
541 4191 602 4244 ut
629 4189 673 4244 si
693 4189 824 4258 quis
847 4189 902 4243 in
926 4187 1050 4243 loca
1075 4189 1653 4258 sanctaconfugeret,
1682 4189 1858 4245 nichil

220 4275 348 4332 mali
369 4277 1049 4348 pateretur,etquamvis
1063 4277 1271 4331 civitas
1297 4277 1662 4347 predarctur,
1691 4293 1858 4334 nemo

220 4366 406 4421 tamen
439 4365 832 4422 occideretur.
861 4366 1036 4436 Capta
1071 4369 1162 4419 est
1184 4370 1375 4420 autem
1406 4367 1583 4422 Roma
1616 4368 1685 4421 ab
1733 4367 1860 4422 Ala-

222 4451 339 4508 rico
367 4469 502 4523 rege
530 4454 849 4510 Gothorum
872 4459 1005 4526 post
1037 4469 1216 4510 annos
1249 4457 1388 4509 1144
1436 4469 1505 4510 ex
1546 4471 1660 4526 quo
1708 4457 1857 4512 facta

221 4544 328 4597 est.
363 4543 656 4599 Exeuntes
673 4548 866 4600 autem
889 4543 1056 4598 Gothi
1081 4544 1152 4598 ab
1175 4544 1344 4612 Urbe,
1369 4559 1470 4614 per
1495 4545 1858 4616 Campaniam

223 4633 280 4685 et
311 4629 614 4688 Lucaniam
649 4631 1025 4702 Brutiamque
1057 4637 1436 4703 perrexerunt
1465 4649 1479 4696 ;
1505 4636 1562 4687 et
1593 4604 1722 4689 cum
1744 4632 1862 4688 vel-
1889 4604 1944 4666 D

223 4714 342 4774 lent
374 4719 632 4776 transire
664 4719 720 4775 in
753 4719 1215 4788 Siciliam,multi
1262 4735 1332 4776 ex
1353 4720 1440 4776 eis
1470 4720 1524 4775 in
1574 4721 1716 4777 mari
1767 4736 1862 4794 pe-

225 4805 467 4865 rierunt.
499 4807 767 4866 Alaricus
787 4822 930 4865 vero
949 4807 1082 4864 dum
1107 4809 1462 4865 deliberaret
1485 4809 1621 4879 quid
1637 4815 1858 4881 ageret,

227 4893 530 4954 subitanea
559 4901 746 4954 morte
777 4897 933 4968 apud
977 4897 1346 4953 Consentiam
1387 4897 1698 4954 defunctus
1747 4902 1857 4954 est.

227 4978 402 5047 Quem
431 4985 520 5042 sui
551 4985 728 5042 nimia
763 4984 1075 5042 dilectione
1103 4985 1391 5056 lugentes,
1417 4987 1727 5044 Vasentem
1761 4987 1867 5044 ﬂu-

227 5067 374 5126 vium
401 5071 473 5128 de
495 5073 660 5131 alveo
689 5089 794 5130 suo
846 5073 1282 5145 derivaverunt,
1332 5089 1646 5146 regemque
1696 5091 1863 5132 suum

227 5154 512 5217 Alaricum
537 5161 591 5218 in
625 5160 818 5218 medio
849 5162 1103 5222 fluminis
1131 5179 1260 5222 cum
1296 5163 1519 5220 divitiis
1548 5163 1748 5222 multis
1780 5179 1868 5222 se-

226 5242 724 5322 pelientes,ipsum
737 5253 947 5308 flumen
967 5253 1021 5308 in
1043 5253 1270 5310 alveum
1289 5268 1455 5310 suum
1479 5253 1861 5326 reduxerunt,

227 5335 287 5387 et
316 5348 384 5390 ne
408 5334 594 5396 locum
627 5339 898 5411 ipsum”
919 5341 1130 5412 aliquis
1153 5345 1355 5414 postea
1385 5343 1583 5413 sciret,
1599 5343 1866 5414 captivos

228 5420 325 5488 Qui
348 5419 508 5482 illum
529 5433 866 5487 averterant
884 5443 1086 5488 omnes
1107 5429 1450 5488 occiderunt
1484 5449 1500 5500 ;
1527 5432 1864 5489 Athault‘um

1970 1969 2094 2026 sive
2127 1987 2493 2045 quocumque
2509 1978 2680 2031 modo
2705 1976 3014 2032 reduceret
3030 1981 3183 2050 quad
3205 1997 3331 2038 eam
3354 1984 3613 2042 sibieon-

1963 2060 2156 2130 jugem
2175 2061 2360 2120 daret.
2393 2065 2518 2132 Quo
2573 2065 2810 2136 placito,
2847 2067 3228 2126 Constantius
3247 2087 3425 2130 ovans
3480 2091 3611 2132 eum

1969 2156 2326 2208 armatorum
2359 2155 2522 2225 copia
2557 2155 2878 2224 Hyspauias
2909 2157 3099 2228 petiit,
3143 2159 3237 2214 cui
3267 2160 3450 2216 Vallia
3498 2177 3610 2220 non

1967 2237 2176 2294 minori
2205 2241 2512 2310 procinctu
2537 2243 2820 2308 occurrit;
2855 2245 2958 2300 sed
2985 2247 3054 2301 ab
3081 2251 3327 2318 utraque
3353 2255 3517 2320 parte
3537 2251 3615 2307 le-

1966 2327 2202 2396 gatione
2237 2329 2480 2398 directa,
2517 2331 2593 2386 ita
2627 2333 2920 2402 convenit,
2958 2337 3019 2388 ut
3067 2349 3328 2391 sororem
3361 2337 3612 2410 principi

1969 2415 2242 2471 redderet
2277 2431 2562 2488 suumque
2595 2419 3231 2489 adjutoriumRomanze
3255 2423 3610 2494 reipublicae

1968 2517 2081 2558 non
2116 2505 2452 2574 denegaret.
2503 2506 2855 2562 Duodecimo
2890 2522 3036 2564 anno
3073 2507 3140 2540 ⁸³³
3183 2513 3348 2580 regni
3391 2514 3608 2585 Valliae,

1969 2593 2199 2662 quando
2229 2601 2288 2648 et
2310 2595 2461 2649 Huni
2485 2599 2616 2666 post
2645 2595 3064 2666 quinquaginta
3089 2613 3313 2656 annosa
3341 2603 3612 2660 Romanis

1967 2685 2028 2734 et
2059 2681 2265 2738 Gothis
2295 2683 2366 2738 ab
2390 2682 2589 2739 invasa
2619 2685 2912 2740 Pannonia
2945 2685 3178 2756 expulsi
3221 2695 3377 2760 sunt,
3413 2691 3612 2748 videns

1969 2768 2121 2825 idem
2155 2769 2358 2840 Vallia,
2393 2772 2702 2828 Wandalos
2733 2772 2788 2828 in
2826 2774 2945 2830 suis
2972 2774 3184 2831 finibus
3215 2792 3342 2833 esse
3368 2793 3500 2834 cum
3531 2784 3612 2835 te-

1969 2857 2263 2928 meritate,
2296 2865 2500 2914 contra
2529 2874 2632 2916 eos
2655 2862 2832 2916 movit
2857 2862 3196 2932 exercitum,
3219 2865 3613 2938 cxpulsosquc

1968 2946 2024 3002 in
2059 2947 2523 3017 Africam,vellet
2542 2963 2643 3004 eos
2674 2950 2946 3005 etiamibi
2979 2953 3269 3022 persequi,
3291 2954 3608 3027 nisieasus,

1968 3034 2068 3104 qui
2091 3034 2303 3090 dudum
2320 3035 2549 3092 Alarico
2573 3037 2711 3092 illuc
2738 3039 2998 3094 tendenti
3023 3039 3507 3111 contigerat,euin
3529 3057 3614 3099 re-

1969 3127 2259 3178 vocasset.
2276 3125 2556 3179 Defuncto
2573 3125 2776 3195 Vallia,
2793 3126 3181 3183 Theodericus
3195 3145 3434 3198 regnum
3450 3145 3613 3186 acce-

1969 3209 2159 3280 pit,ad
2177 3226 2365 3281 quem,
2385 3219 2639 3282 utsupra
2665 3214 2882 3268 dictum
2898 3223 3008 3284 est,
3039 3217 3426 3274 Hcrimuudus
3459 3219 3614 3276 filius

1966 3299 2636 3370 Thurismundi,nepotis
2655 3303 3200 3374 Ernienriei,3preto
3221 3321 3399 3374 regno
3415 3307 3614 3362 Ostro-

1965 3387 2271 3455 gotharum
2298 3395 2540 3459 prepter
2570 3391 2865 3446 Hunorum
2891 3392 3204 3448 dominium
3233 3409 3294 3448 se
3336 3395 3608 3450 contulit.

2041 3476 2238 3546 (£1.13.
2272 3482 2331 3532 et
2354 3479 2432 3532 Η.
2458 3481 2560 3549 m.)
2588 3480 2742 3534 Inter
2759 3481 2880 3536 haec
2900 3481 3282 3548 regnantibus
3324 3483 3612 3540 Marciano

1969 3563 2024 3618 in
2059 3563 2295 3618 Oriente
2327 3565 2801 3622 etValentiniano
2833 3568 2885 3622 in
2915 3569 3252 3638 Occidente,
3285 3570 3484 3639 Attila,
3507 3587 3610 3627 rex

1969 3651 2264 3706 Hunorum
2287 3653 2538 3708 omnium
2556 3661 2613 3709 et
2631 3654 2795 3710 solus
2815 3662 3088 3724 regnator
3108 3672 3251 3728 pene
3266 3664 3610 3715 cunctarum

1969 3739 2370 3814 Scythicarum
2393 3743 2652 3814 gentium
2710 3746 2968 3799 conlisus
2998 3745 3050 3800 in
3095 3746 3471 3803 multitudine
3501 3748 3615 3804 for-

1968 3836 2330 3893 tissimarum
2363 3834 2644 3905 gentium,
2673 3849 2816 3904 quas
2842 3834 2951 3889 sibi
2999 3835 3412 3904 subjugaverat
3435 3838 3616 3894 Mace-

1971 3923 2196 3978 doniam
2231 3931 2292 3980 et
2336 3923 2610 3992 Moesiam,
2650 3922 2919 3977 Achaiam
2945 3928 3329 3993 etutramquc
3367 3925 3612 3996 Datiam,

1969 4012 2228 4067 Traciam
2259 4017 2319 4066 et
2348 4026 2513 4067 omne
2545 4026 2687 4082 pene
2712 4011 2988 4066 [lliricnm
3029 4012 3458 4084 devastaverat,
3520 4030 3618 4084 po-

1971 4101 2208 4169 suitque
2240 4101 2296 4154 in
2331 4100 2520 4154 animo
2549 4114 2674 4166 suo,
2709 4099 2909 4153 venire
2928 4098 2999 4152 ad
3042 4099 3444 4169 dissipandum
3467 4103 3617 4157 oeci-

1973 4186 2205 4242 dentale
2239 4185 2563 4256 imperium,
2591 4185 2698 4240 hoc
2722 4189 2810 4239 est
2843 4187 3176 4241 Romanum.
3210 4189 3347 4242 Erat
3369 4202 3614 4258 namque

1973 4277 2082 4333 sub
2096 4275 2222 4344 ejus
2245 4279 2538 4344 potestate
2556 4273 2975 4328 nominatissim
2987 4288 3053 4330 us
3071 4275 3415 4345 Gepidarum
3434 4275 3616 4333 rex“

1973 4363 2320 4421 Hardericus
2352 4361 2698 4417 eminentior
2722 4361 2848 4431 ipso
2873 4361 2966 4416 cui
2990 4363 3301 4434 serviebat,
3335 4369 3392 4420 et
3418 4366 3616 4421 Ostro-

1971 4453 2278 4524 gotharum
2297 4465 2400 4506 rex
2414 4447 2688 4504 Walamir
2704 4465 2831 4505 eum
2861 4449 3138 4506 fratribus
3179 4453 3301 4508 suis
3321 4453 3614 4510 Dietmaro

1972 4546 2030 4599 et
2055 4539 2357 4596 Wilimaro
2391 4537 2715 4608 “ﬁnecnon
2751 4539 3083 4596 fortissimae
3117 4545 3363 4610 gentes,
3402 4543 3616 4598 Marco-

1975 4629 2186 4699 manni,
2221 4628 2411 4697 Suevi,
2475 4627 2682 4698 Quadi,
2735 4628 2950 4698 Heruli,
2977 4629 3312 4700 Turcilingi,
3376 4629 3527 4700 Rugi
3557 4636 3617 4687 et

1974 4719 2103 4777 aliae
2138 4718 2402 4775 barbarae
2432 4723 2658 4788 gentes,
2685 4733 2813 4790 quae
2853 4717 3197 4775 habitabant
3250 4719 3306 4774 in
3347 4720 3617 4792 partibus

1973 4808 2282 4880 aquilonis.
2316 4807 2775 4863 Hiomneserant
2799 4807 2856 4862 in
2891 4807 3183 4878 adjutorio
3205 4807 3352 4880 ejus,
3373 4811 3617 4878 eratque

1973 4911 2251 4954 numerus
2303 4895 2600 4952 exercitus
2627 4894 2754 4964 ejus
2804 4894 2959 4950 milia
3007 4896 3341 4967 quingenta.
3399 4898 3616 4954 Horum

1973 4985 2226 5042 omnium
2271 4983 2452 5040 Attila
2509 4984 2800 5056 superbus
2849 4983 3115 5055 imperio,
3151 4985 3364 5056 primas
3419 4985 3617 5042 mundi

1973 5077 2198 5144 gentes,
2228 5073 2522 5128 Romanos
2552 5071 2778 5128 scilicet
2816 5077 2876 5126 et
2929 5072 3304 5144 Wisigothae,
3367 5071 3620 5131 subdere

1975 5163 2084 5221 sibi
2112 5163 2482 5236 preoptabat,
2499 5166 2559 5217 et
2581 5163 2844 5232 quamvis
2857 5167 3121 5236 speraret
3146 5177 3206 5220 se
3231 5163 3421 5220 facere
3444 5177 3618 5235 posse

1977 5253 2136 5324 quod
2156 5251 2336 5308 vellet
2359 5266 2462 5324 per
2493 5251 2772 5309 virtutem
2791 5256 3086 5308 tantarum
3106 5251 3388 5322 gentium,
3423 5256 3616 5308 tamen

1977 5344 2035 5398 et
2071 5355 2172 5414 per
2203 5340 2480 5398 astutiam
2503 5339 2735 5398 vincere
2757 5341 3058 5411 querebat.
3091 5339 3319 5398 Timens
3340 5341 3515 5406 enim,
3545 5354 3618 5398 ne

1981 5429 2170 5501 Gothi,
2197 5428 2296 5500 qui
2318 5428 2470 5486 intra
2500 5427 2715 5486 Gallias
2735 5426 3489 5500 habitabantJungerentur
3507 5429 3618 5487 Ro-

1571 5537 1808 5596 VARIIE
1846 5537 2248 5602 LECTIONES.

294 5621 644 5708 firmatos
673 5630 870 5708 8..ῌῖ.-5
918 5629 1010 5708 ,ξξτ
1064 5629 1504 5708 ειιχίιζρςίίεςμθ
1535 5639 1586 5691 δ,
1618 5633 1688 5669 m
1715 5637 1857 5697 nam

2021 5637 2103 5697 9d.
2136 5633 2204 5672 ⁸³⁸
2234 5650 2288 5708 p.
2323 5639 2447 5692 s.5.
2513 5629 2584 5667 ⁸³⁰
2637 5631 2806 5692 deest
2851 5635 2943 5689 9°.
3009 5629 3080 5666 ⁸³¹
3128 5631 3165 5689 i.
3227 5629 3264 5689 l.
3327 5637 3376 5692 ὅ.
3439 5629 3509 5668 ⁸⁸
3559 5647 3616 5690 o.

263 5697 314 5749 st
341 5695 417 5752 9°.
449 5695 518 5733 ⁸³⁸
549 5700 712 5759 deest
736 5706 785 5757 δ.
808 5705 887 5759 9°.
917 5699 986 5736 ⁸⁸⁸
1008 5716 1054 5758 r.
1086 5715 1141 5772 g.
1177 5707 1208 5757 δ
1236 5701 1306 5739 ⁸³⁵
1334 5695 1644 5762 wi'thmaro
1666 5711 1742 5762 9°.
