3946 6414
433 389 549 451 743

1592 384 2074 448 EKKEHARDI
2121 382 2675 450 URAUGIENSIS

3715 392 3851 456 744

422 522 607 581 manis
633 521 688 578 in
713 518 1088 593 adjutoi-ium,
1145 535 1275 579 cum
1303 527 1464 578 esset
1524 519 1692 579 nimis
1723 525 1956 578 astutus
2011 528 2072 577 et
2099 525 2158 587 Α
2186 521 2481 580 hominum
2496 537 2668 593 caesa,
2689 521 2760 558 ⁸⁸⁵
2783 525 3135 595 referuntur,
3170 530 3847 600 tantumquesanguinis

423 611 676 681 subtilis,
706 613 864 667 misit
896 612 1138 667 nuncios
1170 611 1241 667 ad
1274 611 1763 679 Valentinianum,
1825 611 2073 665 nullate-

422 716 531 759 nus
560 715 623 757 se
657 701 964 756 adversum
993 699 1060 732 ⁸³⁸
1098 701 1385 755 Romanos
1416 700 1712 756 hostiliter
1736 700 1933 755 venire
1965 716 2069 756 nec

426 792 670 868 publicae
706 789 786 843 rei
821 789 1117 845 amicicias
1147 790 1197 844 in
1233 789 1429 858 aliquo
1460 806 1523 844 se
1551 789 1698 844 velle
1731 788 1949 843 violare
1966 788 2069 842 sed

420 894 621 954 contra
651 878 1070 939 Theodericum
1104 879 1555 947 Wisigotharum
1584 893 1777 947 regem
1814 878 1921 934 sibi
1948 893 2071 933 eer-

424 979 655 1041 taminis
678 987 887 1033 causas
917 972 1173 1027 existere
1206 969 1304 1035 (cf.
1336 969 1546 1035 Jonn.).
1587 966 1871 1022 Similiter
1910 966 2065 1022 misit

418 1080 476 1131 et
508 1071 577 1127 ad
598 1062 1036 1127 Theodericum,
1056 1073 1163 1114 non
1191 1057 1298 1113 sibi
1326 1070 1572 1128 pugnam
1596 1070 1729 1111 esse
1758 1056 2064 1112 adversum

417 1160 656 1226 Gothos,
689 1154 791 1212 sed
821 1155 1025 1209 contra
1059 1150 1367 1211 Romanos,
1412 1160 1589 1215 seque
1636 1145 1780 1201 satis
1828 1146 2065 1200 studere

415 1263 614 1323 pacem
644 1259 774 1302 cum
808 1240 1012 1297 Gothis
1064 1239 1296 1294 habere.
1336 1238 1449 1292 llos
1501 1241 1691 1291 autem
1756 1248 1858 1304 per
1907 1239 2064 1291 astu-

416 1339 555 1396 tiam
585 1335 653 1370 ⁸³τ
687 1331 821 1389 fecit
847 1330 899 1385 in
937 1327 1090 1397 dolo,
1126 1332 1209 1397 ιιι,
1242 1327 1289 1382 si
1324 1327 1605 1381 Romano<
1639 1324 1973 1393 Gothosque
1992 1325 2064 1380 ab

418 1427 660 1483 invicem
684 1421 994 1488 divideret,
1024 1419 1198 1474 hoset
1223 1415 1321 1470 illo
1338 1433 1351 1461 ς
1370 1418 1571 1485 postea
1592 1412 1759 1468 facile
1773 1413 2056 1469 vinceret.

419 1516 632 1573 Aecius
659 1518 851 1569 autem
890 1507 1195 1581 patricius,
1233 1505 1327 1573 qui
1356 1510 1492 1559 tunc
1544 1502 1765 1557 militias
1803 1506 2058 1572 preerat,

419 1603 753 1673 intelligens
777 1599 1048 1655 astutiam
1081 1600 1137 1651 et
1172 1593 1339 1649 dolos
1374 1592 1592 1655 Attilae,
1652 1591 1808 1645 misit
1839 1607 1907 1645 ex
1939 1605 2063 1659 per-

417 1708 557 1750 sena
598 1686 985 1745 Valentiniani
1008 1680 1781 1755 3”imperatorislegatosad
1810 1679 2063 1734 Theode-

418 1783 601 1839 ricum
634 1793 827 1847 regem
844 1771 1294 1843 Gothorum,qui
1318 1770 1416 1827 illo
1438 1770 1490 1825 in
1521 1768 1589 1803 ⁸³⁸
1619 1775 1883 1839 tempore
1908 1768 2057 1837 apud

413 1869 675 1927 Tolosam
711 1864 1091 1935 regnabat,ut
1117 1874 1310 1932 pacem
1339 1858 1593 1913 firmaret
1627 1872 1753 1912 cum
1781 1856 1899 1910 illo.
1920 1856 2062 1910 Con-
2089 1885 2144 1947 Β

415 1958 601 2015 sensit
634 1956 687 2010 in
723 1956 832 2009 hoc
850 1949 1258 2017 Theodericus,
1295 1959 1611 2019 pacemque
1631 1960 1757 2001 cum
1780 1944 1950 1999 Aeeio
1971 1944 2060 2000 fir—

414 2047 610 2115 mavit,
646 2058 824 2113 seque
857 2056 985 2097 cum
1019 2055 1086 2095 eo
1116 2042 1315 2093 contra
1375 2036 1606 2091 Attilam
1633 2048 1889 2105 pugnare
1934 2048 2061 2104 pro-

413 2136 590 2191 misit.
629 2135 885 2189 Fuerunt
918 2135 1109 2185 autem
1138 2128 1188 2182 in
1214 2125 1433 2182 auxilio
1467 2124 1619 2179 Aecii
1656 2123 1883 2194 patricii
1923 2125 2060 2178 Bur-

407 2223 757 2293 gundiones,
796 2218 1021 2287 Franci,
1059 2215 1243 2283 Alani,
1278 2217 1549 2281 Saxones,
1587 2211 2059 2282 Ripatioli,Brio-

414 2329 532 2379 nes,
552 2313 849 2377 Sarmaue,
873 2313 901 2360 ,ι
920 2305 1268 2367 rmoriciani,
1291 2302 1566 2358 Luticiani
1584 2300 1669 2355 ⁶⁶⁰.
1707 2300 2060 2355 Producitur

410 2416 637 2472 quoque
670 2415 696 2453 a
731 2394 1235 2465 rege'fheoderieo
1261 2391 1709 2461 Wisigotharum
1745 2389 2059 2444 multitudo

413 2486 863 2544 innumerabilis.
906 2484 1166 2549 Quatuor
1200 2495 1443 2551 namque
1469 2479 1602 2534 ﬁliis
1627 2478 1751 2533 suis
1778 2478 1933 2532 domi
1976 2477 2059 2531 di-

413 2578 627 2646 missis,
684 2574 979 2631 Friderieo
1014 2572 1261 2637 scilicet,
1306 2570 1514 2626 Eurico
1534 2567 1622 2633 ⁸⁸³,
1650 2568 1939 2622 Retemirc
1998 2572 2057 2621 et

412 2668 710 2733 lmnerico,
749 2665 898 2719 duos
954 2668 1176 2717 tantum
1226 2660 1472 2729 majores
1529 2672 1722 2713 secum
1784 2656 2087 2725 assumit,,

410 2752 888 2811 Thurismundum
922 2750 1433 2805 etThe-doricum.
1471 2745 1831 2801 Conveniunt
1860 2746 2055 2813 itaque

409 2837 462 2891 in
498 2850 737 2904 campos
761 2831 1189 2897 Catalaunicos,
1226 2829 1320 2897 qui
1359 2836 1414 2881 et
1444 2826 1711 2881 Mauriaci
1763 2826 2055 2879 nominan-

403 2930 500 2981 tur
534 2930 763 2979 centum
800 2921 998 2975 leuvas
1018 2917 1105 2985 3",
1157 2923 1218 2972 ut
1251 2916 1393 2970 Galli
1457 2929 1791 2970 mensurare
1840 2912 2050 2981 solent,

406 3014 461 3068 in
487 3012 719 3080 longum
752 3015 1021 3065 tenentes
1050 3011 1107 3061 et
1157 3005 1526 3075 septuaginta
1583 3004 1633 3057 in
1670 3003 1870 3071 latum,
1925 3017 2051 3071 quae

402 3102 542 3158 fiunt
578 3101 630 3155 in
665 3098 1027 3166 longitudine
1071 3096 1313 3150 miliaria
1352 3098 1583 3149 centum
1632 3092 2049 3162 quinquaginta

400 3197 458 3248 et
492 3192 545 3245 in
571 3189 879 3245 latitudine
916 3187 1157 3241 miliaria
1192 3189 1424 3240 centum
1453 3182 1726 3253 quinque.
1758 3183 1872 3236 Una
1899 3180 2049 3234 enim

400 3280 563 3337 leuva
590 3278 888 3333 8“‘Gallica
907 3276 1062 3331 mille
1084 3276 1537 3345 quingentorum
1562 3287 1838 3342 passuum
1875 3284 2051 3340 quan-
2083 3248 2132 3309 Ο

398 3370 569 3425 titate
601 3366 1221 3434 mensuratur.(Jonn.)
1252 3395 1317 3403 -
1342 3364 1418 3418 H.
1455 3364 1524 3418 Β.
1552 3392 1612 3400 -
1642 3362 1717 3416 Η.
1751 3362 1854 3430 m.)
1886 3362 2050 3415 Cum-

395 3473 506 3529 que
532 3458 601 3513 ad
636 3457 822 3512 locum
840 3453 1252 3510 venissentubi
1274 3452 1390 3521 jam
1418 3464 1675 3521 pugnare
1699 3448 2044 3515 debuerant,

396 3546 779 3615 interrogavit
816 3544 995 3600 Attila
1027 3542 1389 3596 divinatores
1448 3554 1589 3593 suos
1612 3537 1750 3607 quid
1808 3537 1918 3593 sibi
1978 3537 2047 3591 de

396 3636 523 3707 ipsa
558 3648 743 3705 pugna
780 3633 1219 3703 protenderent.
1265 3632 1479 3699 (lenm)
1514 3626 1618 3693 Qui
1653 3640 1811 3680 more
1869 3626 2047 3681 solito

395 3739 548 3780 nunc
582 3724 756 3777 libras
790 3736 1087 3792 pecorum,
1124 3734 1276 3774 nunc
1302 3718 1579 3787 quasdam
1601 3730 1779 3771 venas
1803 3716 1853 3770 in
1881 3719 2047 3771 abra-

395 3812 476 3869 sis
508 3813 743 3867 ossibus
778 3812 1093 3877 intuentes,
1131 3807 1308 3861 liunis
1350 3807 1596 3860 infausta
1635 3805 2039 3874 pioaunciant,

397 3901 628 3956 scilicet
663 3900 898 3954 Attilam
936 3912 1043 3951 non
1082 3897 1415 3950 habiturum
1449 3894 1769 3949 victoriam.
1815 3895 1925 3948 [loc
1964 3900 2044 3948 ta-

398 4004 523 4045 men
543 3988 1139 4059 quantulumcumque
1158 3985 1464 4055 predlxcre
1489 3983 1863 4053 solatii,quod
1887 3998 2044 4039 suin-

396 4092 523 4135 mus
554 4079 624 4133 de
658 4084 823 4149 parte
846 4076 1042 4131 hostili
1064 4075 1278 4130 ductor
1317 4074 1369 4127 in
1395 4073 1712 4127 certamine
1735 4074 2043 4128 occumbe-

397 4174 504 4224 ret.
534 4167 634 4238 (H.
658 4170 727 4223 Β.
751 4166 913 4221 -Η.
936 4168 1041 4235 m.)
1069 4164 1246 4219 Attila
1264 4177 1401 4219 vero
1416 4177 1546 4218 eum
1577 4161 1683 4217 hoc
1703 4161 1775 4217 de
1800 4162 2041 4217 interitu

397 4257 555 4314 Aecii
586 4256 754 4327 cujus
780 4259 1020 4310 mortem
1045 4253 1112 4287 ⁸⁸⁸
1136 4253 1397 4321 sitiebat,
1416 4251 1765 4307 denunciare
1782 4255 2037 4322 putaret,

395 4360 509 4402 non
541 4345 851 4409 dubitavit,
885 4342 974 4399 vel
1006 4356 1137 4398 cum
1182 4356 1422 4397 suorum
1472 4340 1799 4411 perditione
1827 4338 2040 4395 bellum

394 4434 780 4505 committere,
815 4432 1126 4490 dummodo
1153 4432 1408 4500 Accium,
1439 4430 1565 4486 suis
1593 4430 1845 4485 motibus
1881 4428 2042 4484 forti-

391 4528 483 4580 ter
498 4526 1117 4593 obsistentem,posset
1135 4516 1829 4589 extinguere.Committit
1845 4517 2041 4587 itaque

2183 612 2430 668 effusum
2451 629 2604 677 esse,
2641 619 2701 669 ut
2736 613 3015 684 parvulus
3031 614 3255 671 rivulus
3282 616 3471 685 quiibi
3492 616 3839 681 labebatur,

2186 702 2465 770 sanguine
2483 702 2807 758 occisorum
2832 704 3268 769 subitoauctns,
3295 704 3577 760 cadavera
3599 720 3840 776 perem-

2186 795 2414 859 ptorum
2458 806 2651 847 secum
2698 792 2980 847 traheret.
3027 792 3263 847 Attilam
3322 807 3456 848 sane
3512 794 3580 849 de
3632 801 3833 850 morte

2183 879 2337 933 Accii
2366 895 2467 935 sua
2505 879 2707 935 fefellit
2741 880 3004 951 suspicio
3039 898 3054 947 ;
3104 896 3230 937 nam
3278 882 3668 939 Theodericus
3719 898 3831 938 rex

2179 967 2629 1037 Wisigitharum
2646 970 2941 1025 occubuit.
2972 969 3179 1025 Accius
3208 984 3381 1027 sanus
3404 971 3678 1026 evasitJn
3705 986 3829 1040 quo

2178 1054 2380 1123 prelio
2419 1056 2683 1125 quamvis
2714 1071 2746 1111 n
2774 1062 2921 1113 'uter
2948 1056 3557 1122 Cessissetexcrcitus,
3582 1063 3828 1114 constat

2176 1144 2369 1197 timen
2405 1145 2503 1199 Alt
2531 1143 2639 1200 lam
2672 1145 2853 1201 fuisse
2885 1146 3445 1216 superatnm.(.lonn.
3473 1162 3522 1203 c.
3548 1148 3826 1217 4.0.)Tunc

2178 1231 2515 1299 Wisigotth
2542 1231 2609 1267 ⁸⁸⁷
2641 1234 3131 1291 dividentesseab
3157 1234 3378 1303 Alanis,
3404 1235 3681 1291 invadunt
3709 1237 3826 1293 llu-

2176 1334 2381 1377 norum
2413 1327 2727 1388 catervam,
2759 1326 2815 1379 et
2851 1338 2995 1395 pene
3029 1323 3263 1380 Attilam
3290 1324 3673 1393 trucidarent,
3702 1324 3823 1382 nisi

2176 1409 2456 1480 providus
2471 1416 2603 1467 ante
2625 1411 3021 1482 fugissetetse
3045 1413 3449 1483 suosqucilico
3467 1414 3610 1468 intra
3647 1418 3821 1484 septa

2173 1505 2501 1555 castrorum
2535 1516 2662 1569 quae
2696 1501 2977 1570 plaustris
3010 1501 3385 1571 vallaverant,
3446 1500 3817 1558 reclusisset.

2174 1586 2265 1642 Sic
2294 1603 2433 1657 ergo
2467 1589 2732 1659 quamvis
2764 1589 2951 1658 fragili
2986 1590 3312 1659 munimine,
3331 1608 3398 1646 eo
3426 1594 3618 1647 tamen
3676 1605 3818 1661 que

2176 1675 2401 1731 sierunt
2421 1676 2490 1708 ⁸⁸⁸
2512 1677 2832 1733 subsidium
2858 1678 3013 1747 vitze,
3041 1679 3252 1748 quibus
3267 1678 3437 1750 paulo
3459 1684 3589 1735 ante
3612 1679 3816 1735 nullus

2176 1769 2406 1836 poterat
2449 1766 3195 1837 muralisaggerobsistere.
3228 1768 3421 1824 Altera
3447 1782 3582 1824 vero
3615 1768 3712 1824 die
3734 1768 3815 1823 in-

2176 1857 2263 1909 tra
2302 1854 2700 1925 plaus:rorum
2759 1857 3111 1913 munimenta
3154 1872 3217 1912 se
3257 1857 3578 1926 continens,
3630 1856 3817 1913 Attila

2175 1958 2305 1997 cum
2337 1943 2536 2011 egredi
2556 1958 2664 1999 non
2681 1944 2944 2000 auderet.
2973 1959 3077 2000 nec
3100 1951 3287 2000 tamen
3313 1945 3471 2001 tubis
3488 1942 3816 2001 etclamore

2176 2036 2572 2102 perstrepere,
2609 2034 2770 2102 quasi
2804 2034 3194 2089 incursionem
3222 2033 3507 2101 minitans,
3536 2048 3648 2088 non
3687 2048 3817 2090 ces-

2173 2125 2334 2173 saret
2384 2125 2446 2175 ut
2476 2120 2729 2175 victores
2770 2136 2906 2176 suos
2961 2121 3223 2177 inclusus
3276 2121 3556 2189 turbaret,
3613 2122 3818 2177 Thuri-

2170 2209 2453 2264 smundus
2476 2210 2812 2265 Theoderici
2853 2210 3012 2280 regis
3068 2210 3242 2279 filius,
3301 2213 3371 2265 de
3432 2216 3668 2282 paterna
3714 2210 3813 2266 do-

2171 2296 2295 2353 lens
2312 2296 2380 2330 ⁸⁴⁹
2398 2298 2713 2367 occisione,
2736 2298 3211 2367 statuit,Attilam
3228 2305 3491 2354 coartare
3508 2299 3614 2355 obs
3641 2297 3812 2354 dione

2169 2400 2560 2456 eumquccum
2586 2388 2793 2443 suisad
2820 2388 3257 2444 internicionem
3276 2387 3486 2443 delere.
3517 2387 3615 2455 (Η.
3654 2389 3724 2445 R.
3746 2419 3808 2428 -—

2168 2476 2245 2530 H.
2267 2482 2369 2545 m.)
2391 2477 2545 2531 Tunc
2568 2476 2743 2531 Attila
2779 2476 2850 2532 de
2880 2480 2995 2532 tha
3030 2478 3363 2547 desperans,
3391 2490 3462 2533 ex
3516 2476 3809 2547 equitate-

2168 2564 2272 2617 riis
2304 2563 2466 2619 sellis
2491 2565 2780 2634 ingentem
2805 2581 3004 2636 pyram
3055 2566 3366 2634 exstruxit,
3418 2571 3497 2635 ut,
3550 2564 3595 2622 si
3654 2565 3804 2622 forte

2168 2650 2334 2705 Gothi
2370 2651 2757 2721 imminerent,
2783 2654 3090 2723 subposito
3122 2653 3269 2721 igne,
3297 2654 3420 2722 ipse
3459 2652 3802 2708 ascenderet

2168 2754 2411 2809 seseque
2442 2748 2754 2810 cremaret,
2777 2756 2846 2796 ne
2868 2745 2965 2797 aut
2997 2741 3301 2812 quisquam
3326 2740 3396 2796 de
3425 2740 3548 2809 ejus
3564 2740 3804 2797 vulnere

2163 2830 2467 2898 gauderet,
2502 2836 2601 2884 aut
2627 2845 2728 2884 rex
2754 2836 3043 2886 tantarum
3072 2831 3325 2899 gentium
3360 2831 3413 2884 in
3457 2836 3802 2900 potestatem

2165 2918 2418 2973 hostium
2453 2920 2773 2974 devcuiret.
2804 2920 3010 2975 Accius
3069 2934 3225 2987 vero,
3275 2923 3555 2987 metuens,
3620 2920 3799 2975 Attila

2166 3015 2493 3078 perempto,
2514 3010 2801 3064 Romanos
2822 3015 3022 3078 postea
3042 3008 3272 3079 impune
3291 3023 3320 3063 a
3338 3008 3539 3063 Gothis
3555 3006 3801 3077 deprimi

2164 3112 2267 3151 nec
2302 3097 3562 3167 deincepsadvi-rsnnGothos,sinecessitas
3589 3097 3802 3152 incum-

2166 3185 2350 3251 beret,
2385 3186 2664 3241 auxilium
2696 3186 3424 3255 inveniri,Thurismundo,
3446 3184 3608 3255 quasi
3629 3185 3801 3240 rebus

2161 3272 2289 3341 ejus
2312 3274 2626 3329 consulens
2657 3274 2743 3343 83°,
2775 3275 3090 3345 persuasit,
3112 3281 3172 3329 ut
3195 3274 3423 3330 domum
3459 3272 3798 3343 quantocius

2162 3368 2563 3418 reverteretur
2585 3378 2882 3433 regnoque
2914 3368 3157 3433 paterno
3189 3363 3496 3433 potiretur,
3527 3376 3615 3431 ne,
3649 3362 3695 3418 si
3726 3362 3795 3418 ab

2160 3449 2285 3517 ejus
2300 3452 2592 3518 germanis
2612 3451 3008 3519 invaderetur,
3036 3453 3161 3524 ipse
3184 3452 3413 3509 omnino
3448 3452 3791 3523 privaretur,

2159 3547 2435 3609 essetque
2468 3541 2575 3595 sibi
2602 3530 2874 3597 acerbius
2918 3548 3116 3611 postea
3166 3556 3298 3597 cum
3334 3540 3456 3597 suis
3492 3540 3794 3595 decertare

2158 3643 2327 3697 quam
2363 3646 2493 3686 eum
2546 3630 2753 3685 alienis
2813 3632 3110 3686 dimicare.
3165 3632 3284 3687 Hoc
3340 3630 3437 3686 ille
3486 3628 3791 3685 consilium

2157 3720 2320 3786 quasi
2354 3734 2458 3789 pro
2475 3735 2575 3775 sua
2604 3718 2793 3775 salute
2812 3720 3102 3791 prolatum
3137 3720 3385 3775 libenter
3419 3718 3785 3790 amplectens,

2158 3808 2387 3862 donum
2419 3809 2613 3877 rediit,
2649 3824 3010 3878 regnumque
3034 3813 3334 3880 paternum
3364 3808 3605 3879 accepit.
3631 3809 3791 3864 Cete‘

2157 3912 2282 3952 rum
2306 3898 2517 3953 Aeeius
2547 3897 2685 3953 talia
2711 3898 3078 3955 machinatus
3093 3903 3201 3965 est,
3226 3903 3287 3954 ut
3312 3897 3543 3954 Attilam
3564 3897 3636 3953 ab
3666 3895 3788 3965 ejus

2156 3987 2544 4057 impressione
2578 3988 2957 4057 subduceret,
2984 4002 3049 4043 ea
3097 3988 3415 4044 intentione
3455 4002 3564 4057 qua
3612 3985 3790 4058 predi-

2155 4080 2312 4131 ctum
2338 4083 2449 4145 est,
2477 4078 2587 4132 heu
2623 4078 2881 4147 nescius,
2917 4082 3195 4148 quantum
3220 4078 3325 4133 hac
3340 4076 3665 4148 provisione
3694 4075 3786 4131 de-

2153 4165 2491 4221 trimentum
2508 4167 2733 4237 patrias,
2752 4167 2886 4223 dum
2906 4173 3174 4223 avertere
3186 4167 3367 4239 cupit,
3384 4165 3783 4235 ingessit.l\'am

2156 4253 2335 4308 Attila
2365 4268 2615 4309 cernens
2635 4257 2857 4325 hostes,
2875 4269 2938 4310 se
2954 4255 3182 4326 relicto,
3200 4255 3269 4311 ad
3286 4254 3518 4327 propria
3543 4266 3783 4310 remeas-

2154 4354 2239 4411 se,
2274 4343 2498 4398 erectis
2531 4343 3128 4410 animis,Panuoniam
3186 4343 3504 4415 repedavit,
3547 4341 3778 4399 multum

2156 4431 2441 4501 potiorem
2481 4445 2837 4487 coacervans
2893 4433 3234 4502 exercitum,
3304 4433 3521 4488 Italiam
3597 4430 3776 4488 denuo

2155 4519 2505 4577 furibundus
2529 4522 2788 4578 intravit.
2816 4537 2879 4578 ac
2905 4521 3147 4593 primum
3202 4520 3539 4592 Aquileiam,
3571 4520 3623 4575 in
3655 4521 3776 4591 ipso

393 4628 644 4687 pugnam
676 4612 830 4669 circa
864 4613 1063 4667 horam
1097 4610 1209 4665 diei
1240 4624 1465 4679 nonam,
1494 4606 1611 4677 jam
1643 4609 1696 4663 in
1731 4622 2039 4678 vesperum
2071 4605 2125 4666 D
2157 4608 2338 4665 italiae
2386 4610 2634 4681 positam
2686 4610 2972 4682 principio
3001 4610 3089 4681 ⁸⁸³,
3122 4623 3454 4682 expugnare
3478 4623 3774 4680 aggressus

395 4703 492 4761 die
525 4708 823 4774 vergente,
857 4706 942 4772 ut,
975 4701 1020 4757 si
1053 4703 1453 4771 superaretur,
1492 4696 2044 4753 abhostibusimmi-

397 4794 591 4851 nentis
615 4791 803 4850 noctis
836 4807 898 4847 se
928 4790 1193 4846 tenebris
1214 4788 1535 4844 occuleret.
1562 4786 2043 4843 Conveniuntita-

396 4897 510 4954 que
539 4881 675 4939 hinc
706 4888 767 4938 et
790 4880 925 4937 inde
948 4878 1214 4937 nationes
1264 4876 1616 4947 fortissima},
1650 4881 2044 4933 conseruntur

393 4972 571 5043 acies,
605 4972 667 5027 fit
705 4970 918 5027 bellum
963 4982 1097 5024 aere
1130 4966 1302 5022 nimis
1325 4970 1383 5020 et
1410 4966 1691 5037 pertinax,
1736 4964 1907 5036 quale
1945 4966 2043 5021 vix

394 5058 595 5118 ullam
619 5068 895 5117 narratur
918 5057 1177 5128 hysteria
1198 5075 1211 5120 ;
1233 5068 1337 5112 nec
1359 5060 1491 5111 ante
1516 5054 1816 5127 praeliandi
1833 5055 2040 5112 ardore

393 5150 770 5223 quieverunt,
798 5163 968 5218 quam
1006 5162 1117 5203 nox
1177 5144 1596 5219 superveniens
1643 5144 1933 5217 pugnandi
1967 5146 2042 5201 fa-

393 5240 679 5298 cultatem
701 5240 787 5297 eis
809 5240 1115 5297 adimeret.
1138 5238 1217 5295 Eo
1236 5238 1523 5309 siquidem
1543 5236 1746 5311 praelio
1773 5240 1872 5293 170
1884 5236 2037 5292 milia

2154 4703 2263 4754 est.
2299 4699 2479 4764 Quam
2511 4700 2791 4755 continuo
2812 4699 3064 4756 triennio
3093 4700 3389 4770 obsidens,
3429 4714 3557 4755 cum
3584 4699 3775 4755 adver-

2155 4802 2255 4844 sus
2276 4802 2423 4859 eam,
2451 4787 2677 4845 civibus
2699 4795 2939 4846 strenue
2964 4788 3441 4860 repugnantibus,
3484 4785 3561 4843 nil
3586 4800 3774 4859 preva-

2156 4875 2324 4945 leret,
2338 4876 2575 4948 jamque
2599 4892 2857 4935 murmur
2869 4881 2956 4934 sui
2979 4879 3291 4947 exercitus,
3311 4876 3599 4950 penuriam
3620 4875 3772 4932 famis

2153 4965 2411 5023 tolerare
2432 4981 2541 5023 non
2566 4966 2815 5023 valentis
2829 4973 2888 5022 et
2902 4966 3205 5024 discedere
3222 4964 3764 5038 cupientis,audiret,

2153 5055 2246 5111 die
2280 5056 2527 5126 quadam
2556 5056 2851 5113 circuiens
2869 5056 3188 5124 civitatem,
3238 5062 3298 5112 ut
3329 5069 3403 5112 ex
3454 5067 3561 5126 qua
3617 5058 3768 5125 parte

2151 5150 2351 5217 posset
2372 5161 2497 5202 eam
2531 5146 3110 5215 faeiliuseriugnai-e
3138 5146 3477 5214 inquireret,
3498 5144 3770 5200 cernitreo

2151 5243 2327 5307 pente
2360 5250 2497 5292 aves
2529 5236 2585 5291 in
2616 5236 2997 5293 aediﬁciorum
3017 5235 3264 5306 fastigia
3286 5234 3576 5291 nidiﬁcare
3594 5230 3767 5287 solen-

1744 5414 1983 5473 VARLE
2024 5412 2423 5472 LECTIONES.

468 5566 536 5603 ⁸³⁸
567 5566 850 5641 adversus
871 5574 921 5641 ξς.
955 5566 1109 5641 mp.
1145 5568 1341 5628 ades.
1372 5564 1861 5641 9°,_§“_Valentini
1911 5571 1973 5641 ᾗ,
2021 5581 2175 5641 corr.
2241 5565 2655 5641 Valentiniani
2689 5572 2775 5627 to.
2835 5566 3122 5641 “idqui
3154 5570 3243 5641 9°.
3319 5563 3639 5641 "_°__luciani
3686 5567 3754 5641 9°.

394 5637 463 5712 ff}
494 5646 555 5712 et
584 5654 636 5698 e.
699 5638 919 5712 9°22“,
959 5635 1163 5712 leu'gas
1203 5644 1274 5712 Α.
1299 5642 1377 5696 9°.
1435 5637 1512 5712 “'_
1556 5636 1725 5709 leuga
1780 5641 1863 5712 9:.
1910 5637 1978 5673 '“
2015 5640 2181 5699 deest
2217 5642 2294 5698 9°.
2355 5637 2426 5673 ‘“
2464 5639 2520 5698 in
2577 5637 2695 5699 ulla
2750 5642 2827 5699 9°.
2874 5637 2947 5675 “'
3000 5639 3164 5701 deest
3212 5643 3287 5697 9°.
3346 5635 3416 5671 υτ
3475 5640 3537 5695 et
3585 5651 3641 5694 w
3689 5638 3755 5691 9°.

393 5705 461 5743 ⁸⁴⁸
493 5710 659 5771 deut
682 5713 757 5768 9°.
790 5708 861 5747 ⁸⁸⁸
881 5705 1164 5772 dentata
1199 5707 1272 5748 ⁸⁸⁸
1309 5705 1690 5769 consulturus
1706 5714 1757 5766 ὅ.
1800 5707 1869 5743 ⁸⁸³
1900 5724 1932 5769 a
1958 5725 2047 5784 pr.
2080 5715 2158 5769 9°.
