3946 6414
207 373 339 433 745

1110 369 1550 433 UllRUNICA.
1584 403 1663 413 ——
1692 361 2168 429 CHRONICON
2215 357 2759 426 UMVERSALE.

3514 358 3632 419 746

209 514 334 577 tes,
377 522 506 578 quae
538 506 780 562 ciconiae
814 511 1115 576 vocantur,
1151 520 1262 562 uno
1286 507 1505 576 impetu
1526 516 1596 558 ex
1619 499 1877 559 urbemi-
1906 499 1959 559 A
1990 513 2213 554 morum
2244 511 2456 568 genere
2487 510 2633 566 gens
2665 492 2763 549 illa
2796 507 3044 549 maxnnc
3088 493 3384 550 utebatur.
3443 492 3630 564 (toan)

203 610 403 665 grarc
438 597 706 666 fetusque
741 610 881 651 suos
910 595 1179 651 sublatos
1200 594 1410 650 rostris
1428 592 1751 648 forinsecus
1781 588 1877 644 dc-

206 686 555 754 portare.et
589 691 651 738 ut
685 688 813 738 erat
845 681 1281 751 sagacissimus,
1317 681 1397 736 ait
1432 680 1499 735 ad
1523 676 1878 746 suos:Aspz’-

200 772 333 828 cite
367 786 509 829 aves
526 772 887 844 futurorum
910 784 1180 842 pressas
1218 770 1546 840 perituram
1576 766 1878 824 civitatem

128 912 133 915 ν
198 862 565 932 relinquere
583 875 948 932 casurasque
960 874 1126 916 arces
1138 860 1402 929 periculo
1423 856 1761 913 imminente
1787 853 1877 909 de-

199 962 436 1007 serere.
465 949 790 1019 Statimque
815 948 1095 1004 adhibitis
1116 942 1696 1015 machinis,hortatur
1716 956 1871 1012 suos,

202 1037 445 1093 acriter
476 1039 678 1094 urbem
710 1037 1014 1107 impugnat
1039 1051 1104 1091 ac
1142 1036 1267 1090 sine
1312 1048 1469 1089 mora
1510 1032 1698 1103 capit;
1739 1029 1874 1085 diri-

207 1127 470 1198 piuntur
495 1141 659 1198 opes,
686 1125 1168 1197 captivantuiwel
1189 1121 1756 1186 trucidanturcives;
1786 1134 1875 1175 re-

200 1214 452 1272 siduum
472 1214 808 1286 direptioni,
827 1214 1134 1285 subposito
1153 1212 1538 1283 igne,ﬂamma
1553 1208 1869 1267 consumit.

206 1302 403 1360 Plura
452 1302 661 1359 dehinc
711 1303 971 1373 ejusdem
1023 1302 1279 1371 regionis
1326 1299 1570 1356 castella
1611 1296 1873 1353 immanis

199 1392 727 1462 hostis,extinctis
765 1392 852 1446 vel
884 1391 1196 1462 captivatis
1210 1389 1456 1459 civibus,
1475 1386 1875 1462 succenditac-

202 1458 428 1529 diruit,
463 1462 862 1533 Concordiam,
899 1458 1152 1518 Altinum
1185 1462 1306 1517 sive
1330 1458 1628 1517 Patavium
1652 1458 1875 1514 vicinas

204 1550 512 1624 Aquileiae
536 1552 843 1619 civitates;
867 1550 1075 1607 exinde
1101 1566 1203 1622 per
1216 1550 1482 1606 diversas
1502 1547 1872 1604 Venetiarum

203 1642 398 1698 urbes
432 1641 580 1697 Huni
613 1641 960 1711 bachantur,
996 1640 1104 1695 hoc
1152 1644 1242 1696 est
1289 1640 1593 1709 Veronam,
1635 1637 1876 1694 Vincen-

202 1730 382 1801 tiam,
414 1730 684 1800 Brixiam,
713 1732 1050 1799 Pergamum
1076 1744 1177 1785 seu
1194 1727 1470 1801 reliquas,
1489 1726 1873 1783 Mediolanum

200 1833 452 1891 quoque
474 1818 847 1889 Ticinumque
872 1818 993 1889 pari
1030 1823 1187 1873 sorte
1219 1816 1612 1887 diripiunt,ab
1636 1829 1767 1885 igne
1791 1819 1876 1869 ta-

200 1921 340 1964 men
373 1908 749 1963 abstinentes
771 1912 827 1962 et
852 1908 1025 1963 ferro.
1044 1907 1260 1962 Deinde
1281 1905 1521 1962 Emilim
1534 1904 1876 1961 civitatibus

199 1996 493 2054 similiter
510 1996 877 2068 exspoliatis,
906 1997 1224 2052 novissime
1251 1996 1483 2067 eo'lloco,
1506 2010 1619 2065 quo
1634 1993 1875 2050 Mincius

203 2084 433 2140 ﬂuvius
463 2084 680 2140 Padum
715 2084 905 2141 influit
928 2090 1121 2140 castra
1148 2084 1348 2139 metati
1377 2087 1530 2139 sunt.
1554 2082 1661 2137 Ubi
1696 2080 1875 2136 Attila

203 2173 578 2242 consistens,
633 2175 767 2229 dum
809 2174 998 2229 animo
1028 2174 1364 2243 ﬂuctuaret,
1400 2176 1595 2228 utrum
1636 2171 1875 2226 Romam

204 2262 435 2332 adiret,
470 2276 540 2318 an
573 2262 911 2332 desisteret,
946 2277 1055 2317 non
1098 2262 1258 2332 Urbi,
1285 2262 1376 2318 cui
1405 2261 1668 2316 infensus
1723 2263 1872 2328 erat,

202 2351 555 2420 consulens,
593 2351 695 2408 sed
729 2351 941 2407 Alarici
974 2350 1325 2422 exemplum,
1377 2349 1474 2420 qui
1524 2352 1713 2419 capta
1736 2346 1874 2404 Urbi

202 2454 325 2496 non
353 2440 459 2497 diu
484 2440 827 2511 supervixit,
850 2455 1082 2511 pavens,
1100 2444 1342 2511 repente
1359 2438 1768 2494 sanctissimus
1788 2436 1877 2519 vir

202 2530 322 2586 Leo
355 2544 510 2602 papa
544 2545 648 2601 per
676 2544 737 2586 se
765 2530 836 2585 ad
868 2544 999 2585 eum
1028 2528 1298 2585 accessit.
1338 2526 1446 2593 Qui
1480 2541 1611 2583 cum
1668 2526 1741 2583 ad
1791 2540 1877 2582 re-

200 2631 339 2688 gem
374 2617 690 2673 barbarum
723 2618 1121 2687 introgressus
1145 2620 1325 2686 esset,
1354 2620 1565 2672 cuncta
1611 2621 1675 2671 ut
1711 2618 1875 2686 opta-

200 2711 380 2764 verat
416 2706 709 2777 obtinens,
738 2721 848 2761 non
878 2705 1065 2762 solum
1097 2707 1293 2762 Romae
1325 2704 1428 2761 sed
1459 2709 1517 2760 et
1545 2704 1724 2760 totius
1766 2705 1877 2758 Ita-

201 2794 299 2852 liae
317 2793 575 2851 salutem
593 2794 1463 2867 reportavit.Territusnamque
1480 2793 1671 2850 fuerat
1693 2792 1874 2848 Attila

202 2886 355 2941 nutu
392 2885 515 2954 Dei,
551 2899 655 2939 nec
687 2884 844 2940 aliud
879 2884 1087 2940 Christi
1121 2883 1413 2939 sacerdoti
1446 2882 1606 2953 loqui
1659 2881 1868 2952 valuit,

202 2974 321 3030 nisi
369 2972 529 3044 quod
563 2974 687 3045 ipse
722 2976 1069 3045 preoptavit.
1106 2975 1323 3029 Ferunt
1366 2972 1729 3043 itaquc,post
1759 2971 1876 3027 dis-

202 3077 448 3119 cessum
464 3062 756 3133 pontiﬁcis
771 3063 1191 3132 interrogatum
1211 3061 1386 3117 fuisse
1410 3060 1647 3116 Attilam
1665 3075 1695 3116 a
1722 3059 1869 3131 suis,

200 3166 309 3208 cur
342 3149 504 3207 ultra
547 3151 782 3208 solitum
815 3166 1030 3206 morem
1074 3155 1292 3206 tantam
1326 3149 1720 3206 reverentiam
1762 3150 1876 3205 Ro-

1989 602 2038 643 c.
2075 590 2189 659 49.)
2221 586 2496 656 Sequenti
2529 597 2668 641 vero
2700 583 2850 652 luce,
2898 597 3028 639 cum
3082 596 3283 653 magna
3333 581 3447 639 dici
3494 596 3633 653 pars

1987 679 2192 732 exacta
2227 675 2455 744 fuisset,
2489 672 2740 728 ministri
2776 671 2932 741 regis
2964 675 3100 742 post
3128 670 3415 727 clamores
3456 672 3634 728 maxi-

1989 766 2287 837 mos_l‘ores
2310 764 2644 833 eﬂ’ringunt,
2669 760 3088 831 inveniuntquc
3112 760 3349 816 Attilam
3372 760 3496 817 sine
3509 759 3631 818 ullo

1988 851 2554 923 vulnere,sanguinis
2575 850 3245 920 eﬂ‘usionem‘mortuum,
3263 848 3631 922 puellamque

1989 941 2244 998 demisso
2276 941 2442 997 vultu
2475 940 2581 997 sub
2610 939 2895 996 velamine
2923 937 3341 995 lacrimantem.
3374 938 3549 1009 Tunc,
3566 944 3628 995 ut

1987 1028 2255 1100 illigenti
2290 1043 2415 1085 mos
2445 1032 2557 1099 cst,
2602 1028 2848 1084 crinium
2899 1031 3064 1100 parte
3116 1031 3407 1097 truncata,
3456 1026 3631 1083 infor-

1986 1132 2133 1174 mem
2160 1118 2361 1175 faciem
2389 1123 2703 1189 turpavere
2729 1117 3094 1187 vulneribus,
3122 1121 3183 1173 ut
3202 1116 3631 1186 praeliatorexi-

1988 1207 2136 1263 mius
2169 1222 2281 1263 non
2316 1206 2582 1263 femineis
2611 1204 3128 1262 lamentationibus
3160 1206 3263 1262 sed
3291 1205 3515 1276 agmine
3546 1205 3631 1262 lu-

1985 1301 2224 1364 geretur
2249 1295 2424 1353 virili.
2450 1295 2627 1366 Cujus
2649 1294 2910 1365 exequiae
2933 1293 3134 1351 multis
3158 1292 3630 1366 plausibusasua

1984 1390 2155 1454 gente
2189 1386 2489 1441 honorata;-
2534 1388 2688 1441 sunt.
2723 1386 2786 1439 In
2828 1383 3035 1440 mediis
3078 1382 3364 1454 siquidem
3410 1383 3632 1455 campis

1987 1473 2138 1529 intra
2175 1474 2487 1530 tentorium
2515 1473 2767 1530 sericum
2800 1472 3115 1542 collocato,
3164 1473 3235 1529 de
3282 1477 3404 1529 tota
3454 1476 3630 1542 gente

1985 1564 2281 1619 Hunorum
2304 1562 2475 1619 electi
2499 1567 2730 1633 equites
2760 1562 3037 1619 cursibus
3089 1560 3232 1619 illud
3283 1560 3625 1631 ambientes,

1986 1653 2544 1724 cantum_funereum
2569 1651 2891 1722 celebrant,
2915 1650 3126 1708 deinde
3151 1651 3430 1721 strabam,
3456 1666 3627 1722 quam

1988 1742 2073 1797 sic
2102 1748 2333 1812 vocant,
2358 1756 2535 1812 super
2567 1741 2852 1798 tumulum
2875 1738 3005 1809 ejus
3030 1738 3250 1809 ingenti
3283 1753 3629 1796 commessa-

1991 1829 2143 1886 tionc
2174 1830 2562 1899 celebrantes,
2598 1833 2655 1885 et
2685 1828 2982 1885 contraria
3011 1828 3255 1885 invicem
3297 1827 3405 1884 sibi
3451 1843 3629 1901 copu-

1990 1918 2199 1988 lantes,
2236 1919 2456 1976 luctum
2482 1919 2782 1976 funereum
2804 1918 2984 1973 mixto
3003 1916 3216 1987 gaudio
3234 1915 3624 1988 explicabunt,

1988 2012 2276 2078 nocteque
2291 2013 2519 2067 secreta
2542 2006 2794 2063 cadaver
2808 2011 2986 2063 terrae
2999 2004 3506 2063 commendabant.
3523 2008 3630 2064 Cu-

1981 2095 2076 2166 jus
2109 2095 2385 2153 ferculam
2417 2095 2666 2167 primum
2699 2111 2862 2165 auro,
2896 2094 3151 2152 secundo
3172 2098 3414 2165 argento
3440 2095 3626 2152 tercio

1988 2184 2127 2239 ferri
2160 2184 2351 2254 rigore
2399 2185 2815 2254 communiunt,
2864 2182 2967 2239 tali
3018 2186 3364 2253 argumento
3408 2181 3629 2253 signifi-

1986 2277 2209 2342 cantes,
2230 2272 2633 2344 potentissimo
2646 2271 2808 2342 regni
2823 2270 3017 2328 omnia
3029 2271 3390 2342 convenisse,
3410 2271 3627 2329 ferrum

1988 2360 2119 2432 quia
2150 2365 2355 2430 gentes
2402 2361 2681 2429 edomuLt,
2738 2375 2940 2417 aurum
2991 2364 3049 2416 et
3099 2363 3424 2431 argentum,
3471 2358 3628 2432 quod

1988 2450 2293 2522 utriusque
2319 2451 2401 2508 rei
2434 2450 2683 2523 publica
2714 2453 3055 2507 ornamenta
3103 2449 3348 2520 accepit.
3392 2447 3627 2507 Addunt

1987 2540 2161 2596 etiam
2175 2556 2332 2596 arma
2355 2540 2610 2597 hostium
2640 2540 2898 2597 caedibus
2926 2538 3211 2610 acquisita
3248 2537 3626 2595 faleramenta

1987 2631 2148 2687 vario
2175 2646 2529 2700 gemmarum
2556 2631 2780 2701 fulgore
2804 2630 3069 2702 preciosa
3094 2628 3433 2700 diversique
3453 2643 3628 2699 gene-

1988 2719 2070 2775 ris
2099 2718 2369 2790 insiguia,
2403 2719 2615 2790 quibus
2635 2717 2852 2775 colitur
2876 2717 3023 2775 aulae
3042 2717 3241 2775 decus.
3266 2719 3337 2774 Et
3359 2721 3422 2774 ut
3444 2717 3626 2774 tantis

1987 2806 2207 2864 divitiis
2238 2808 2482 2864 humana
2512 2807 2827 2865 curiositas
2847 2806 3315 2878 arceretur,huic
3336 2806 3499 2878 operi
3532 2804 3627 2862 de-

1986 2899 2223 2968 putatos
2255 2896 2589 2953 detestabili
2622 2896 2889 2952 mercede
2913 2894 3308 2952 trucidarunt.

2058 2986 2195 3041 Post
2220 2986 2343 3041 haec
2367 2984 2519 3041 inter
2542 2998 2914 3043 successores
2934 2983 3131 3042 Attilae
3145 2984 3216 3040 de
3231 2997 3410 3054 regno
3423 2991 3628 3043 exorta

1988 3079 2085 3130 est
2103 3074 2421 3145 contentio,
2446 3079 2504 3131 et
2525 3073 2658 3131 dum
2679 3073 3008 3131 inconsulte
3031 3073 3323 3145 imperare
3353 3071 3619 3144 cupiunt.

1985 3176 2186 3220 omnes
2215 3163 2386 3219 simul
2419 3162 2726 3235 imperium
2760 3162 3161 3234 perdiderunt.
3182 3162 3320 3218 Nam
3344 3159 3446 3216 ﬁlii
3474 3161 3625 3232 ejus‘

202 3256 378 3298 mano
403 3242 667 3314 pontiﬁci
690 3240 1023 3298 exhibuerit
1049 3240 1326 3310 illumque
1342 3240 1741 3311 respondisse,
1762 3254 1873 3296 non
1907 3216 1958 3280 Ο
1987 3216 3159 3323 ρ’θηρ
3191 3216 3444 3321 ρδρυιυε

198 3346 263 3389 se
288 3331 455 3387 illius
490 3347 793 3403 personam
834 3331 929 3401 qui
960 3330 1276 3387 advenerat
1332 3330 1647 3386 reveritum
1674 3329 1871 3398 fuisse,

202 3421 307 3476 sed
345 3420 528 3477 alium
570 3422 757 3476 virum
785 3420 952 3489 juxta
1000 3434 1131 3475 eum
1173 3420 1229 3474 in
1279 3419 1631 3475 sacerdotali
1671 3419 1875 3476 habitu

201 3510 546 3566 adstantem
583 3509 825 3579 vidisse,
862 3510 960 3580 qui
980 3510 1160 3564 forma
1192 3508 1495 3578 augustior
1525 3508 1872 3579 canicieque

200 3598 621 3670 venerabilior,
654 3600 960 3670 evaginato
988 3599 1183 3669 gladio
1219 3604 1462 3655 mortem
1497 3598 1609 3655 sibi
1643 3599 1875 3654 minita-

198 3689 377 3759 verit,
415 3689 463 3745 si
498 3703 611 3744 non
644 3690 835 3744 omnia
860 3687 1108 3759 qumillc
1132 3689 1447 3759 expetebat
1480 3687 1694 3758 implev
1730 3687 1867 3743 erit.

199 3777 391 3848 Igitur
413 3777 598 3833 Attila
630 3777 735 3831 tali
760 3776 931 3832 modo
963 3792 993 3832 a
1024 3792 1125 3833 sua
1148 3776 1360 3833 sevicia
1379 3791 1714 3848 repressus,
1742 3777 1875 3833 reli‘

197 3872 292 3923 cta
328 3866 522 3939 Italia,
556 3868 884 3922 Pannonias
924 3867 1221 3938 repetivit.
1258 3867 1339 3921 Ad
1381 3881 1551 3937 quem
1589 3867 1866 3937 Honoria,

196 3956 535 4012 Valentiani
568 3955 851 4026 principis
882 3971 1179 4025 germana,
1215 3956 1350 4012 dum
1381 3970 1411 4011 a
1446 3957 1625 4012 fratre
1661 3957 1735 4012 ob
1771 3957 1866 4012 de-

197 4061 303 4103 cu;
354 4046 614 4119 pudicize
665 4045 938 4101 districto
990 4050 1349 4115 servaretur,
1405 4060 1570 4101 suum
1645 4045 1864 4101 direxit

197 4138 554 4207 eunuchum,
583 4135 858 4207 quatinus
873 4134 1138 4206 eamlsibi
1170 4148 1200 4187 a
1233 4134 1413 4189 fratre
1436 4132 1859 4206 deposceretin

196 4225 658 4283 matrimonium.
692 4224 800 4290 Qui
833 4225 1076 4293 accepto
1106 4222 1339 4293 nuncio,
1376 4224 1643 4293 cumjam
1667 4224 1856 4281 Italiae

196 4314 343 4371 lines
361 4314 741 4384 excessisset,
765 4327 869 4369 nec
890 4313 1093 4368 statim
1113 4312 1360 4382 fatigato
1380 4313 1645 4368 exercitu
1663 4328 1856 4382 regre-

197 4402 252 4458 di
271 4403 589 4475 potuisset,
606 4402 835 4458 mandat
860 4399 1263 4456 Valentiniano
1282 4399 1357 4454 im
1365 4401 1849 4472 peratori,pcjora

200 4492 467 4561 proxime
498 4507 562 4547 se
596 4489 895 4546 illaturum
917 4488 1120 4559 ltalim,
1147 4487 1195 4543 si
1220 4502 1352 4544 mox
1375 4488 1489 4544 sibi
1513 4504 1845 4559 germanam

1984 3343 2191 3409 gentes
2210 3340 2319 3396 sibi
2339 3338 2517 3396 dividi
2543 3343 2705 3394 sorte
2729 3338 3071 3410 poscebant,
3092 3341 3157 3394 ut
3179 3336 3358 3393 inslar
3392 3336 3621 3395 familiae

1986 3427 2249 3484 bellicosi
2284 3442 2452 3498 reges
2481 3442 2609 3484 cum
2641 3426 2873 3499 populis
2898 3426 3275 3482 mitterentur
3302 3425 3358 3480 in
3378 3429 3615 3482 sortem.

1984 3516 2055 3571 Ut
2088 3521 2280 3573 autem
2314 3515 2662 3588 Gepidarum
2685 3530 2788 3570 rex
2808 3512 3162 3570 Hardericus
3184 3514 3293 3569 hoc
3310 3514 3616 3585 comperit,

1986 3604 2321 3675 indignatus
2341 3609 2544 3662 contra
2570 3604 2720 3661 ﬁlios
2743 3603 2940 3660 Attila:
2965 3603 3185 3674 primus
3208 3601 3480 3672 insurgit,
3498 3601 3620 3657 illa-

1984 3698 2222 3766 tunique
2242 3693 2531 3751 serviendi
2550 3694 2827 3765 pudorem
2842 3696 3042 3749 secuta
3059 3692 3336 3749 felicitate
3351 3689 3615 3758 detersit,

1981 3797 2088 3840 nec
2118 3783 2305 3840 solum
2338 3797 2499 3841 suam
2527 3788 2760 3854 gentem
2788 3783 2891 3839 sed
2913 3787 2971 3837 et
2994 3785 3226 3839 ceteras
3255 3784 3462 3851 gentes
3488 3793 3617 3851 qua

1980 3872 2202 3943 pariter
2233 3874 2668 3944 premebantur,
2694 3885 2797 3929 sua
2821 3870 3177 3928 discessione
3200 3868 3615 3941 absolvit,quia

1979 3961 2147 4017 facile
2169 3976 2370 4018 omnes
2391 3965 2695 4034 appetunt,
2713 3960 2868 4032 quod
2884 3974 2988 4033 pro
3001 3964 3345 4017 cunctorum
3361 3957 3615 4017 utilitate

1976 4054 2298 4121 temptatur
2331 4051 2719 4107 immutatum.
2742 4050 2928 4119 Igitur
2952 4047 3614 4119 armantur,bellumque

1970 4139 2343 4195 committunt
2370 4138 2426 4193 in
2456 4138 2748 4194 Pannonia
2760 4140 2925 4209 juxta
2952 4136 3161 4192 ﬂumen
3186 4135 3280 4193 cui
3303 4149 3506 4191 nomen
3519 4142 3611 4192 est

1967 4227 2163 4283 Neoda
2182 4245 2196 4293 ;
2217 4226 2358 4283 illuc
2374 4225 2781 4282 “aconcursus
2808 4226 2997 4281 factus
3022 4229 3115 4280 est
3137 4224 3401 4294 gentium
3426 4224 3613 4281 varia-

1967 4331 2115 4387 rum,
2133 4330 2279 4387 quas
2297 4315 2472 4371 Attila
2497 4315 2554 4370 in
2574 4329 2676 4371 sua
2701 4314 2933 4370 tenebat
2961 4312 3199 4369 ditione.
3227 4314 3369 4369 Post
3393 4311 3610 4371 multos

1962 4420 2103 4475 ergo
2136 4405 2444 4466 conﬂictus
2477 4404 2615 4461 favit
2649 4402 2888 4475 Gepidis
2916 4401 2983 4435 ⁸⁶⁴
3009 4402 3305 4474 inopinata
3330 4400 3606 4471 victoria;

1959 4508 2090 4551 nam
2123 4495 2360 4566 triginta
2391 4494 2510 4549 fere
2539 4493 2830 4549 miliatam
2849 4493 3146 4548 Hunorum
3170 4505 3338 4563 quam
3361 4492 3605 4550 aliarum

196 4593 362 4636 suam
395 4595 529 4638 cum
561 4578 845 4649 regalium
874 4594 1045 4650 opum
1092 4576 1362 4649 portione
1410 4592 1523 4633 non
1573 4579 1844 4636 transmi-
1873 4579 1927 4640 D
1955 4584 2238 4655 gentium,
2271 4598 2399 4654 qua:
2431 4582 2611 4640 Hunis
2627 4581 2893 4639 ferebant
2919 4579 3218 4650 auxilium,
3246 4578 3604 4639 Ilardericus
3686 4636 3687 4639 η

194 4668 390 4726 sisset.
427 4672 721 4726 Reversus
753 4673 945 4725 autem
979 4667 1049 4724 ad
1099 4667 1370 4738 proprias
1421 4667 1612 4738 sedes,
1668 4684 1843 4741 super

197 4757 399 4829 plures
424 4774 570 4831 quas
592 4760 843 4815 habebat
866 4772 1081 4814 uxores
1097 4756 1345 4828 puellam
1363 4757 1648 4828 quandam
1671 4758 1840 4818 valde

194 4848 521 4918 speciosam
553 4848 665 4904 sibi
696 4847 1019 4918 conjunxit.
1052 4846 1136 4902 Ob
1157 4845 1327 4916 cujus
1348 4846 1582 4917 nuptias
1599 4848 1838 4919 profusa

193 4949 474 4995 exercens
506 4936 793 5008 convivia,
817 4937 951 4993 dum
971 4940 1200 4993 tantum
1222 4935 1340 4992 vini
1367 4940 1644 5006 quantum
1668 4944 1837 4997 antea

193 5040 507 5100 numquam
538 5025 607 5061 ⁸⁸²
630 5026 687 5081 in
722 5025 901 5082 semel
934 5026 1202 5096 bibisset,
1239 5024 1651 5097 dormiensque
1683 5029 1838 5100 supi-

193 5127 301 5174 nus
329 5118 577 5191 jaceret,
610 5118 784 5175 nimia
809 5116 1110 5189 sanguinis
1139 5115 1468 5190 eruptione,
1527 5116 1624 5188 qui
1668 5118 1723 5174 ei
1764 5119 1834 5177 de

193 5209 435 5267 naribus
456 5211 692 5268 effluere
711 5208 937 5266 solebat
964 5209 1283 5266 suffocatus
1299 5212 1415 5264 est.
1435 5207 1647 5264 Eadem
1663 5214 1834 5267 nocte

193 5301 348 5371 apud
382 5299 948 5373 ConstantinOpolim
976 5300 1264 5356 Marciano
1295 5298 1633 5371 imperatori
1658 5312 1834 5358 arcus

196 5389 394 5451 Attilae
416 5392 639 5453 fractus
658 5392 715 5450 in
738 5389 960 5449 somnis
981 5388 1335 5463 ostenditur,
1361 5403 1475 5463 quo
1497 5387 1833 5450 scilicetar-

1954 4673 2222 4747 peremit,
2254 4672 2551 4743 filiumque
2585 4670 2779 4727 Attila;
2819 4670 3093 4740 majorem
3152 4672 3313 4741 natu,
3366 4669 3598 4728 nomine

1951 4761 2194 4833 Heliam,
2229 4760 2465 4832 occidit,
2485 4775 2655 4832 quem
2671 4764 2839 4832 pater
2853 4773 3030 4831 super
3047 4763 3280 4815 ceteros
3295 4758 3349 4814 in
3365 4761 3594 4816 tantum

1950 4852 2138 4909 fertur
2170 4865 2416 4920 amasse,
2455 4855 2514 4907 ut
2533 4864 2663 4906 eum
2678 4848 2909 4907 cunctis
2927 4847 3058 4904 aliis
3075 4847 3197 4905 suis
3212 4845 3419 4904 liberis
3436 4848 3493 4903 in
3510 4863 3600 4904 re-

1945 4956 2062 5013 gno
2079 4940 2253 4998 vellet
2274 4942 2555 5014 preferre.
2575 4940 2698 5007 Quo
2714 4937 3311 5010 interempto,reliqui
3326 4936 3597 5007 ejusger-

1947 5032 2100 5089 mani
2132 5046 2262 5088 cum
2294 5030 2476 5086 Hunis
2499 5027 2953 5099 fuganturjuxta
2977 5026 3117 5084 litus
3138 5026 3314 5083 maris
3331 5025 3584 5097 Pontici,

1946 5122 2047 5180 ubi
2079 5121 2242 5194 prius
2275 5120 2458 5177 fuisse
2487 5116 2762 5188 leguntur
2795 5116 2982 5172 Gothi.
3017 5118 3151 5173 Haec
3172 5128 3349 5173 causa
3370 5114 3588 5172 Harde-

1945 5210 2046 5270 riti
2077 5209 2216 5267 felix
2252 5209 2362 5266 fuit
2392 5208 2450 5264 in
2501 5207 2753 5265 diversis
2811 5205 3170 5281 nationibus,
3230 5220 3360 5280 quas
3407 5207 3573 5265 Hune

1948 5315 2079 5362 rum
2108 5298 2378 5370 regimini
2410 5296 2841 5359 famulabantur
2874 5296 3091 5371 invitae,
3124 5309 3444 5370 earumque
3473 5296 3593 5355 ani-

1949 5405 2077 5453 mos
2106 5390 2208 5452 diu
2238 5389 2615 5455 moetissimos
2646 5391 2718 5452 ad
2747 5390 3119 5465 hylaritatem
3163 5387 3457 5447 libertatis
3493 5401 3592 5445 vo-

1550 5555 1789 5616 VARI/E
1828 5557 2228 5618 LECTIONES.

257 5686 327 5723 ⁸⁵³
358 5701 414 5747 n.
445 5694 496 5749 5.
528 5689 598 5725 ⁸⁸³
631 5690 772 5750 illuc
798 5695 877 5749 9c.
910 5686 979 5724 ⁴⁸⁴
1006 5687 1170 5750 deest
1194 5693 1270 5748 5°.

462 5791 726 5856 Parnon.
772 5789 982 5857 CLIV.
1815 5836 1843 5873 ,
