3946 6420
145 451 260 511 ⁵749

1020 420 1566 513 (ῊΒΟΝΙοΑέ-
1611 447 2093 513 CHRONICON
2134 405 2665 515 IJNIVERSALE

3423 447 3543 513 750

146 598 303 654 vero,
338 583 612 639 defuncto
648 583 973 653 Walamiro,
1011 583 1081 639 ad
1117 584 1355 640 fratrem
1389 583 1516 655 ejus
1538 584 1786 640 Dietma-
1814 582 1871 643 A
1901 583 2163 656 principe
2213 584 2476 642 directus
2524 599 2655 641 cum
2709 581 2974 641 exercitu
3017 583 3376 640 morabatur.
3430 582 3540 651 Qui

148 687 269 729 rum
293 671 657 741 confugiunt,
683 686 929 742 eumque
954 686 1147 741 regem
1176 672 1563 728 constituunt.
1594 672 1781 743 (Jonn.

146 777 195 817 c.
230 761 297 816 54
326 758 482 831 sqq.)
516 758 621 826 Qui
653 759 917 830 quamvis
950 760 1167 815 dudum
1191 776 1322 817 cum
1350 761 1529 817 fratre
1553 774 1789 831 regnas-

150 852 255 918 set,
286 848 566 905 auctioris
594 847 663 880 87°
691 852 880 903 tamen
925 849 1240 920 potestatis
1288 849 1534 919 insignia
1589 847 1782 919 sumit,

150 936 403 1007 bellique
435 941 600 1008 parte
642 942 902 1007 coactus,
950 952 1080 993 cum
1135 938 1316 993 fratre
1364 938 1665 994 Witimaro
1714 936 1787 994 ad

148 1039 302 1081 arma
336 1024 608 1097 prosiliit,
643 1030 1033 1096 consertoquc
1064 1025 1290 1099 praelio,
1326 1027 1593 1099 superior
1633 1026 1783 1081 facta

147 1118 236 1171 est
268 1129 404 1185 pars
437 1114 774 1185 Gothorum,
811 1115 956 1170 adeo
988 1118 1055 1171 ut
1102 1130 1339 1186 campus
1386 1114 1785 1171 corruentium

148 1201 510 1257 inimicorum
545 1217 753 1258 cruore
787 1203 1147 1259 madefactus
1182 1208 1240 1259 ut
1275 1204 1517 1259 rubrum
1542 1201 1784 1275 pelagus

145 1293 474 1361 appareret,
510 1304 784 1360 armaque
816 1295 871 1345 et
905 1292 1190 1347 cadavera
1225 1291 1356 1363 plus
1389 1305 1558 1362 quam
1585 1292 1783 1348 decem

144 1376 386 1448 milium,
420 1378 474 1432 in
506 1378 735 1434 modum
767 1379 1002 1435 collium
1031 1379 1350 1448 cumulata,
1392 1395 1656 1451 campum
1698 1395 1788 1437 re-

146 1467 391 1539 plerent.
428 1467 566 1522 Inde
599 1468 784 1524 victor
821 1468 892 1524 ad
943 1468 1209 1539 proprias
1259 1468 1432 1525 sedes
1482 1473 1787 1526 revertens

143 1557 475 1613 Dietmarus
505 1571 635 1613 cum
665 1557 883 1629 Gothis,
915 1558 1326 1614 Theodericum
1379 1557 1557 1614 ﬁlium
1592 1573 1781 1630 suum,

145 1661 315 1718 quem
348 1646 610 1702 obsidem
641 1646 903 1716 dederat,
937 1662 966 1703 a
992 1649 1178 1702 Leone
1211 1647 1563 1717 imperatore
1589 1647 1787 1704 remis-

144 1748 269 1791 sum
302 1750 431 1791 cum
466 1735 689 1805 magnis
737 1736 1094 1807 muneribus,
1146 1738 1450 1805 gratanter
1499 1736 1778 1807 suscepit.

142 1822 248 1889 Qui
280 1838 412 1881 cum
439 1824 557 1895 jam
588 1824 788 1880 decem
821 1826 875 1878 et
906 1830 1039 1879 octo
1073 1839 1353 1880 annorum
1386 1828 1562 1894 esset,
1595 1839 1667 1880 ex
1696 1838 1787 1881 sa-

1901 672 2032 729 dum
2068 672 2314 743 videret,
2347 672 2783 731 Thes‘alonicam
2834 672 2990 729 vallo
3041 671 3270 743 muniri,
3323 686 3431 728 nec
3477 686 3541 729 se

1900 776 2075 832 posse
2106 763 2414 818 conatibus
2443 777 2641 819 eorum
2673 762 2973 832 resistere,
3019 760 3196 817 missa
3249 760 3541 837 legatione

1899 849 1969 904 ad
2004 849 2353 906 Dietmarum
2389 864 2579 920 regem
2615 865 2744 907 cum
2775 850 3130 921 muneribus,
3176 848 3423 920 rogavit,
3475 852 3540 905 ut

1898 938 1970 993 ab
1996 938 2224 994 excidio
2264 938 2428 994 urbis
2454 937 2853 1009 detorqueret,
2892 938 3154 1009 initoque
3186 936 3403 993 foedere
3432 936 3542 993 Ro-

1898 1040 2100 1083 manus
2141 1026 2352 1083 ductor
2383 1042 2513 1084 cum
2556 1027 2777 1099 Gothis,
2828 1025 2951 1083 loca
3000 1040 3129 1098 qum
3173 1023 3539 1082 incoluerant

1891 1113 2007 1185 jam
2031 1119 2236 1185 sponte
2256 1115 2502 1172 tradidit
2524 1116 2631 1186 eis,
2659 1116 2855 1186 ibique
2879 1114 3082 1170 Gothis
3105 1128 3233 1169 cum
3260 1126 3395 1183 rege
3409 1127 3536 1184 suo,

1899 1202 2179 1274 depositis
2208 1204 2401 1275 armis,
2430 1206 2485 1260 in
2511 1219 2651 1277 pace
2676 1204 3041 1275 quieverunt.
3069 1205 3183 1259 Nec
3213 1201 3309 1258 diu
3336 1206 3539 1273 postea

1898 1305 2003 1347 rex
2042 1291 2371 1349 Dietmarus
2409 1293 2756 1363 aegritudine
2805 1295 3143 1363 occupatus,
3191 1291 3417 1347 vocatis
3467 1289 3539 1347 ad

1898 1394 1961 1436 se
1991 1380 2210 1450 Gothis,
2253 1381 2669 1438 Theodericum
2721 1381 2899 1437 ﬁlium
2949 1395 3115 1438 suum
3168 1379 3327 1451 regni
3377 1379 3541 1436 here-

1899 1467 2026 1524 dem
2062 1469 2217 1540 fecit,
2250 1474 2307 1524 et
2342 1470 2465 1542 ipse
2495 1486 2625 1527 mox
2655 1469 2724 1503 ⁸⁷³
2756 1470 2932 1526 rebus
2964 1468 3230 1526 humanis
3259 1468 3535 1526 excessit.

1969 1557 2070 1628 (Η.
2094 1560 2163 1615 R.
2181 1563 2238 1614 et
2253 1560 2509 1616 H.m.Cf.
2522 1560 2713 1631 Jonn.)
2734 1560 3085 1630 Eotempore
3097 1572 3337 1628 regnum
3351 1558 3541 1615 orien-

1899 1644 2013 1703 tale
2035 1648 2183 1703 Zeno
2206 1648 2523 1719 imperator
2540 1650 2812 1705 habebat.
2840 1648 2945 1715 Qui
2972 1647 3213 1703 audiens
3233 1645 3539 1703 Theoderi-

1896 1748 2025 1790 cum
2046 1735 2241 1806 gentis
2264 1751 2384 1793 suae
2409 1751 2602 1806 regem
2626 1751 2779 1807 esse,
2803 1740 2969 1806 grate
2992 1734 3059 1768 ⁸⁷⁸
3077 1734 3354 1806 suscepit,
3381 1749 3539 1791 eum-

1898 1837 2010 1893 que
2040 1824 2110 1880 ad
2140 1838 2202 1880 se
2235 1825 2793 1897 Constantinopolim
2818 1824 3013 1881 venire
3035 1824 3319 1895 precepit,
3346 1823 3539 1893 digne-

143 1907 433 1968 tellitibus
452 1916 511 1968 et
530 1927 601 1968 ex
625 1912 838 1984 populo
862 1913 1047 1984 patris
1066 1913 1237 1981 elegit
1262 1912 1373 1969 sibi
1401 1927 1542 1985 pene
1564 1927 1668 1968 sex
1689 1913 1786 1968 mi-
1812 1944 1868 2007 Β
1900 1926 2010 1983 que
2045 1919 2386 1984 susceptum
2419 1914 2573 1970 inter
2593 1928 2867 1986 proceres
2899 1912 3101 1985 palatii
3123 1912 3453 1985 collocavit,
3475 1917 3537 1969 et

141 2000 215 2058 lia
238 2001 522 2073 virorum,
547 2016 677 2058 cum
703 2001 915 2070 quibus
935 2007 1100 2072 patre
1126 2001 1329 2072 inscio,
1357 2015 1665 2073 permenso
1687 2003 1786 2057 Da-

140 2090 339 2161 nubio,
377 2092 769 2147 Sarmatarum
790 2105 983 2160 regem
1007 2090 1277 2161 incurrit,
1303 2104 1547 2162 eumque
1572 2090 1785 2148 intere-

140 2178 264 2251 mit,
298 2178 691 2250 familiamque
721 2192 787 2235 ac
816 2194 1051 2235 censum
1086 2179 1437 2250 depredans,
1465 2178 1536 2234 ad
1558 2180 1784 2249 genito-

139 2282 259 2324 rem
291 2283 458 2324 suum
489 2283 619 2324 cum
642 2268 889 2323 victoria
923 2267 1117 2323 rediit.
1154 2267 1530 2337 Singidunum
1575 2267 1783 2325 dehinc

137 2356 459 2427 civitatem,
494 2372 661 2427 quam
693 2357 842 2413 idem
874 2357 1149 2413 Sarmatae
1191 2357 1588 2428 possidebant,
1627 2357 1784 2414 inva-

139 2444 305 2512 dens,
341 2461 451 2502 non
483 2446 755 2501 Romanis
788 2444 892 2501 sed
927 2460 1048 2501 suae
1079 2445 1337 2501 subdidit
1372 2444 1599 2502 ditioni.

205 2533 625 2591 Deficientibus
658 2533 864 2589 dehinc
895 2534 1214 2589 vicinarum
1246 2533 1507 2602 gentium
1551 2533 1779 2606 spoliis,

138 2624 319 2694 cmpit
342 2628 399 2679 et
425 2623 628 2679 Gothis
652 2623 843 2679 victus
856 2623 1225 2693 vestitusque
1241 2622 1513 2691 deﬁcere,
1530 2626 1588 2678 et
1603 2622 1784 2678 homi-

137 2711 331 2783 nibus,
368 2711 464 2782 qui
497 2711 712 2767 dudum
744 2710 896 2767 bello
928 2710 1219 2781 vivebant,
1264 2726 1377 2782 pax
1426 2711 1607 2782 coepit
1655 2725 1781 2769 esse

134 2801 452 2871 contraria,
487 2813 802 2871 omnesque
834 2815 965 2856 eum
1000 2814 1205 2869 magno
1235 2800 1492 2856 clamore
1527 2800 1596 2857 ad
1629 2800 1783 2858 Diet-

136 2904 361 2948 marum
387 2889 752 2958 accedentes,
788 2894 976 2959 orant,
1012 2894 1077 2945 ut
1109 2888 1165 2944 in
1199 2904 1620 2960 quamcumque
1656 2905 1782 2961 par-

135 2983 248 3036 tem
280 2977 351 3013 ⁶⁷ί
380 2977 559 3035 vellet
590 2978 910 3034 exercitum
942 2978 1204 3048 duceret,
1241 2978 1375 3049 quia
1429 2978 1650 3034 diutius
1701 2978 1779 3034 ibi

135 3082 373 3126 manere
407 3081 518 3124 non
553 3072 752 3139 posset
782 3066 870 3122 ⁸⁷³.
907 3065 1013 3133 Qui
1047 3067 1234 3123 accito
1264 3082 1539 3137 germano
1560 3074 1779 3125 sortem

134 3157 312 3227 misit,
345 3161 405 3212 et
436 3156 738 3212 Witimaro
769 3156 956 3226 Italia,
990 3155 1345 3212 Dietmarum
1377 3156 1656 3213 Illiricum
1680 3172 1781 3229 po-

134 3246 452 3319 pulandum
483 3244 738 3302 obvenit.
772 3245 995 3302 Relicta
1038 3245 1217 3314 igitur
1267 3246 1579 3317 Pannonia,
1630 3246 1782 3303 alter

131 3334 381 3406 Italiam,
416 3333 565 3391 alter
594 3333 871 3389 Illiricum
906 3335 1200 3405 suscepit:
1227 3335 1331 3390 sed
1364 3334 1626 3391 Witimar
1647 3350 1781 3393 mox

131 3429 194 3481 ut
246 3423 473 3480 Italiam
526 3422 787 3492 intravit,
832 3423 1007 3478 rebus
1054 3422 1320 3479 humanis
1366 3424 1641 3496 excessit,
1693 3438 1780 3482 re-

125 3526 424 3583 gnumque
457 3510 574 3566 ﬁlio
607 3526 712 3567 suo
742 3510 850 3567 sibi
875 3510 1176 3582 :equivoco
1201 3511 1462 3583 reliquit.
1489 3512 1669 3578 Quem
1694 3512 1779 3567 Li-

126 3602 347 3672 cerius,
382 3601 477 3671 qui
512 3604 651 3657 tunc
685 3602 834 3656 forte
867 3600 1195 3672 imperavit,
1232 3602 1573 3659 muneribus
1620 3602 1777 3659 datis

132 3691 204 3747 ad
240 3690 484 3748 Galliam
513 3689 842 3760 transtulit,
880 3695 943 3745 ut
976 3704 1078 3761 per
1099 3690 1474 3763 Wisigothas,
1504 3696 1777 3763 parentes

130 3793 289 3850 suos,
326 3782 617 3847 regnaret.
653 3777 945 3843 Witimar,
977 3778 1597 3851 acceptismuneribus
1620 3797 1649 3838 a
1692 3781 1779 3836 Li-

128 3868 306 3938 cerio,
325 3866 566 3923 Galliam
586 3867 792 3939 tendit,
817 3882 1064 3938 seseque
1082 3867 1423 3938 parentibus
1437 3869 1777 3940 Wisigothis

122 3957 397 4028 jungens,
434 3972 606 4013 unum
639 3970 856 4028 corpus
889 3971 1018 4013 cum
1049 3957 1135 4012 eis
1164 3957 1432 4028 eﬁlcitur,
1459 3962 1516 4015 et
1541 3960 1624 4014 sic
1650 3959 1775 4016 Gal-

128 4045 261 4103 liam
295 4045 745 4118 Hispaniamque
779 4052 1001 4117 tenens,
1051 4061 1156 4103 suo
1199 4046 1331 4116 jure
1375 4047 1655 4119 defendit,
1709 4054 1771 4105 ut

126 4134 322 4193 nullus
355 4135 467 4192 sibi
496 4135 646 4192 alius
680 4134 1030 4207 prcvaleret.
1068 4135 1151 4204 (C.
1186 4137 1397 4208 43-47.)
1430 4137 1773 4207 Wisigothis

124 4238 264 4282 vero
298 4228 427 4297 post
457 4224 895 4295 Theodericum,
932 4224 1027 4295 qui
1062 4224 1115 4279 in
1152 4224 1326 4296 bello,
1352 4227 1503 4297 quod
1529 4227 1771 4284 Romani

125 4319 182 4370 et
212 4314 555 4385 Wisigothae
587 4330 717 4370 cum
753 4313 935 4369 Attila
966 4315 1261 4370 Hunorum
1292 4329 1429 4385 rege
1481 4316 1767 4389 fecerunt,

125 4403 425 4473 occubuit,
458 4403 611 4460 ﬁlius
632 4403 757 4473 ejus
780 4403 1159 4460 Thurismund
1172 4417 1238 4459 us
1261 4404 1496 4475 prefuit.
1525 4405 1649 4472 Quo
1674 4405 1771 4462 de-

125 4492 347 4564 functo,
379 4493 793 4563 Theodericus,
822 4493 1003 4549 frater
1032 4491 1180 4563 ejus,
1202 4492 1258 4548 in
1278 4507 1518 4563 regnum
1538 4510 1769 4552 succes-

125 4581 222 4654 sit,
258 4583 507 4655 ipsoque
538 4587 633 4639 13°
656 4582 823 4652 regni
845 4582 935 4639 sui
955 4595 1105 4638 anno
1128 4582 1469 4653 decedente,
1494 4582 1633 4640 item
1658 4585 1770 4642 fra-

1898 2004 2033 2072 post
2048 2001 2282 2073 aliquod
2300 2007 2526 2075 tempus
2540 2003 2594 2059 in
2610 2003 2790 2060 ﬁlium
2806 2002 2916 2059 sibi
2941 2001 3246 2073 adoptans,
3272 2001 3539 2058 consula-

1898 2089 2062 2147 ribus
2079 2090 2493 2164 fascibus,quae
2508 2092 2762 2162 dignitas
2776 2089 3225 2163 postimperiale
3244 2089 3536 2160 fastigium

1894 2177 2079 2249 prima
2124 2184 2231 2251 est,
2280 2193 2409 2235 eum
2459 2179 2814 2251 sublimavit,
2866 2193 2972 2236 nec
3020 2178 3207 2235 solum
3254 2176 3383 2248 hoc,
3433 2176 3537 2236 sed

1893 2267 2066 2323 etiam
2098 2273 2429 2339 equestrem
2462 2273 2714 2325 statuam
2750 2269 2820 2326 ad
2852 2268 3056 2325 famam
3091 2269 3238 2325 tanti
3261 2269 3370 2325 viri
3401 2272 3536 2326 ante

1896 2355 2173 2427 palatium
2207 2371 2370 2413 suum
2399 2357 2449 2412 ei
2471 2356 2805 2413 constituit.
2831 2359 2903 2412 At
2925 2370 3083 2427 vero,
3111 2356 3245 2413 dum
3269 2356 3537 2429 hujusce-

1894 2444 2048 2500 modi
2080 2443 2301 2501 delitiis
2331 2446 2724 2502 Theodericus
2764 2444 2917 2518 apud
2967 2446 3534 2518 Constantinopolim

1895 2531 2173 2604 ﬁuitaret,
2208 2549 2352 2604 gens
2384 2534 2562 2605 illius,
2598 2534 2652 2591 id
2686 2538 2773 2591 est
2821 2534 3208 2606 Ostrogotbaa,
3262 2534 3396 2591 dum
3447 2536 3534 2592 eis

1894 2624 2136 2691 propter
2166 2620 2297 2678 ﬁdei
2331 2622 2691 2678 sanctionem
2726 2622 2939 2694 predas
2970 2637 3141 2692 agere
3175 2637 3334 2679 more
3357 2623 3534 2680 solito

1893 2722 2005 2765 non
2030 2708 2253 2781 liceret,
2279 2725 2382 2767 nec
2405 2714 2597 2768 tamen
2621 2712 2693 2767 ab
2718 2711 3070 2783 imperatore
3097 2710 3291 2768 oblata
3313 2712 3534 2784 stipen-

1893 2796 1985 2854 dia
2019 2799 2125 2855 sibi
2174 2799 2529 2871 sufﬁcerent,
2582 2816 2696 2856 non
2750 2800 2982 2856 minima
3030 2800 3218 2857 coacti
3267 2801 3528 2873 penuria,

1891 2886 2272 2959 compositum
2305 2888 2495 2945 foedus
2527 2893 2897 2961 execrantur,
2932 2888 3197 2946 inutilem
3221 2889 3533 2947 factionem

1890 2976 2248 3049 vituperant,
2283 2978 2640 3051 mittuntque
2672 2979 2950 3036 continuo
2982 2978 3053 3034 ad
3092 2978 3531 3051 Theodericum,

1893 3066 1990 3136 qui
2016 3066 2303 3138 dicerent,
2331 3082 2474 3139 quas
2496 3068 2706 3141 inepiaa
2730 3068 2995 3125 miserias
3017 3067 3126 3140 ipsi
3150 3069 3529 3141 sustinerent,

1894 3153 2028 3211 dum
2060 3154 2157 3212 ille
2189 3157 2509 3215 Grecorum
2537 3158 2730 3231 epulis
2762 3158 3171 3229 superﬂueret,
3197 3158 3534 3216 hortantur-

1892 3257 2023 3316 que,
2060 3248 2143 3315 ut,
2177 3246 2225 3301 si
2254 3247 2376 3302 suis
2405 3247 2632 3318 sibique
2662 3246 2973 3303 consulere
3003 3245 3164 3314 velit,
3218 3246 3396 3303 citius
3446 3262 3533 3306 re'

1892 3334 2047 3404 deat,
2083 3335 2377 3406 quatinus,
2411 3350 2481 3392 ne
2511 3334 2579 3369 ⁸⁷⁸
2610 3340 2824 3392 cuncta
2843 3349 2988 3405 gens
3007 3341 3205 3406 pereat
3230 3339 3287 3390 et
3314 3336 3409 3392 ubi
3434 3351 3531 3394 no-

1890 3436 1992 3479 vas
2031 3423 2100 3479 ad
2152 3424 2529 3481 habitandum
2582 3429 2770 3480 terras
2816 3423 3149 3495 exquirant,
3198 3424 3525 3495 provideat.

1891 3514 2037 3569 Ante
2067 3526 2179 3569 non
2210 3514 2411 3585 plures
2440 3520 2631 3569 autem
2662 3527 2845 3569 annos
2876 3512 3138 3568 Odoacar
3176 3508 3246 3546 97°
3296 3513 3527 3584 quidam

1888 3602 2090 3658 exiens
2120 3602 2192 3657 ab
2222 3602 2504 3659 extremis
2534 3602 2744 3659 ﬁnibus
2774 3602 3083 3658 Pannoniae
3114 3617 3244 3658 cum
3280 3602 3530 3659 fortissi-

1887 3704 1977 3745 ma
1999 3690 2343 3748 Herulorum
2367 3691 2766 3761 multitudine,
2790 3691 2977 3747 fretus
2993 3691 3232 3762 insuper
3252 3691 3531 3747 Turcilin-

1886 3791 2092 3848 gorum
2126 3779 2245 3837 sive
2276 3780 2583 3851 Scyrorum
2612 3778 2865 3849 auxiliis,
2888 3778 3112 3835 Italiam
3136 3780 3314 3850 venit,
3342 3778 3529 3835 nullo-

1887 3881 2000 3939 que
2019 3869 2350 3941 resistente,
2378 3874 2560 3926 totam
2586 3869 2809 3925 Italiam
2832 3868 3184 3939 Romamque
3198 3868 3523 3940 occupavit,

1885 3961 1945 4012 et
1977 3972 2081 4030 per
2113 3961 2180 4013 14
2207 3973 2387 4015 annos
2419 3960 2496 4014 ibi
2531 3957 2813 4030 regnavit.
2835 3957 3229 4015 Theodericus
3249 3971 3407 4030 vero,
3434 3971 3530 4015 co-

1884 4046 2065 4117 gnitis
2094 4062 2332 4104 suorum
2363 4048 2764 4119 querimoniis,
2798 4047 2868 4103 ad
2901 4052 3213 4117 augustum
3243 4046 3529 4106 Zenonem

1885 4136 2132 4207 accedit,
2151 4136 2452 4207 penuriam
2468 4139 2828 4207 questusque
2843 4150 3079 4192 suorum
3093 4135 3529 4206 exponit,abso-

1882 4223 2165 4281 lationem
2197 4224 2497 4294 eﬁlagitat,
2549 4224 2775 4279 Italiam
2830 4224 2942 4279 sibi
2991 4223 3118 4280 dari
3163 4223 3523 4295 expostulat,

1883 4313 2179 4385 adjiciens,
2215 4314 2348 4385 quia
2383 4313 2431 4371 si
2475 4312 2543 4346 ⁸⁷⁷
2594 4328 2874 4384 superare
2920 4318 3121 4385 posset
3169 4313 3524 4371 Odoacarem

1882 4402 2225 4474 Italiamque
2257 4403 2545 4474 obtinere,
2580 4402 2651 4459 ad
2682 4402 2810 4473 ejus
2838 4401 3082 4472 gloriam
3114 4402 3472 4460 redundaret
3494 4419 3523 4460 a

1885 4506 1999 4564 quo
2028 4492 2289 4549 directus
2318 4492 2540 4563 fuisset,
2573 4492 2661 4549 sin
2681 4489 2848 4547 .bello
2881 4495 3196 4563 superatus
3240 4490 3411 4563 foret,
3444 4507 3524 4548 m-

1882 4580 2235 4638 chilominus
2263 4582 2446 4637 lucris
2477 4580 2605 4651 ejus
2633 4584 3019 4651 accresceret,
3055 4580 3524 4652 quandoquidem

122 4674 215 4728 ter
245 4686 448 4728 eorum
471 4671 718 4728 Euricus
740 4686 981 4742 regnum
1006 4685 1331 4743 assumens,
1360 4677 1454 4728 19°
1476 4687 1625 4730 anno
1648 4675 1764 4732 vita
1794 4667 1854 4732 B
1883 4670 2311 4729 cotidianorum
2363 4671 2789 4744 stipendiorum
2847 4670 3226 4727 exactoribus
3270 4676 3519 4727 careret.

122 4774 422 4832 regnoque
454 4762 719 4834 privatus
749 4767 861 4832 est,
891 4760 1229 4833 relinquens
1248 4762 1427 4820 ﬁlium
1451 4764 1615 4835 regni
1639 4779 1769 4822 suc-

122 4862 439 4922 cessorem,
473 4851 701 4907 nomine
731 4850 1048 4921 Alaricum,
1076 4850 1172 4922 qui
1206 4866 1394 4910 nonus
1424 4853 1495 4909 ab
1528 4852 1628 4910 illo
1653 4868 1769 4910 ma-

118 4951 233 5009 gno
266 4938 499 4998 Alarico
533 4955 772 5012 regnum
805 4941 1054 5013 adeptus
1083 4946 1171 4998 est
1200 4942 1674 5012 Wisigotharum.

191 5028 273 5101 (C.
311 5029 422 5102 58.)
466 5030 723 5087 Dietmar
771 5045 911 5087 vero
960 5030 1252 5087 transiens
1299 5034 1470 5089 Saum
1518 5046 1763 5105 amnem,

118 5117 405 5176 Sarmatis
433 5118 652 5177 bellum
680 5119 1011 5194 intentavit,
1048 5121 1095 5178 si
1141 5121 1272 5193 quis
1322 5122 1433 5178 sibi
1477 5122 1761 5196 obstaret,

119 5206 358 5282 illisque
391 5208 830 5285 quiescentibus
865 5226 968 5272 nec
990 5212 1063 5271 ad
1083 5214 1304 5272 tantam
1329 5211 1763 5273 multitudinem

118 5298 581 5375 prevalentibus,
615 5302 832 5359 transit
861 5302 918 5359 in
949 5302 1251 5376 Illiricum,
1285 5308 1346 5361 et
1386 5304 1602 5376 ubique
1634 5318 1766 5377 pro-

120 5404 291 5463 spere
342 5403 521 5461 agens
566 5391 895 5465 multasque
941 5393 1212 5452 civitates
1260 5394 1373 5450 sibi
1422 5393 1760 5468 subjiciens,

121 5479 557 5539 Thesalonicam
589 5481 779 5554 petiit,
810 5482 869 5539 in
902 5496 1013 5556 qua
1040 5482 1389 5542 Helarianus
1415 5484 1701 5558 patricius
1732 5499 1764 5541 a

1882 4761 2037 4819 Talia
2070 4762 2219 4817 Zeno
2248 4760 2510 4833 audiens,
2542 4760 2681 4818 licet
2712 4775 2866 4831 aegre
2910 4760 3091 4816 ferret
3133 4759 3257 4831 ejus
3305 4758 3526 4818 disces-

1883 4866 2030 4923 sum,
2048 4851 2373 4908 deliberato
2392 4855 2582 4908 tamen
2602 4849 2869 4920 consilio,
2899 4849 2983 4905 rei
3006 4849 3253 4922 publica:
3277 4848 3523 4906 utilitati

1882 4941 2275 5017 prospiciens,
2291 4941 2420 5013 ejus
2442 4940 2828 5015 petitionibus
2844 4940 3063 5011 annuit,
3084 4937 3422 5010 Italiamque
3438 4937 3523 4995 illi

1881 5031 2168 5103 tribuens,
2223 5034 2609 5102 senatumque
2659 5045 2727 5087 ac
2777 5028 3056 5103 populum
3104 5030 3421 5085 Romanum
3469 5029 3523 5086 ei

1878 5121 2273 5191 committens,
2308 5120 2532 5191 magnis
2562 5119 2813 5178 ditatum
2842 5118 3184 5176 muneribus
3210 5116 3372 5174 abire
3396 5133 3525 5190 per-

1879 5211 2059 5271 misit.
2095 5212 2379 5282 Egressus
2411 5208 2591 5280 igitur
2622 5224 2653 5265 a
2688 5206 3193 5280 ConstantinOpoli
3219 5206 3527 5263 Theoderi-

1877 5315 2003 5374 cus,
2046 5300 2117 5358 ad
2167 5299 2556 5371 Ostrogothas
2602 5298 2940 5371 revertitur,
2990 5296 3376 5369 hortaturque
3419 5310 3524 5354 eos

1879 5391 2176 5463 continuo,
2211 5396 2278 5450 ut
2327 5404 2499 5465 quam
2548 5389 2799 5466 primum
2847 5387 3040 5466 parati
3088 5387 3204 5448 sint
3248 5390 3308 5445 et
3357 5385 3524 5461 quasi

1879 5482 2210 5560 possessuri
2240 5481 2464 5545 Italiam
2496 5484 2966 5560 proﬁciscantur.
3003 5479 3111 5549 Qui
3148 5493 3280 5538 cum
3324 5489 3525 5537 omnes

1479 5600 1719 5658 VARUE
1758 5598 2163 5662 LECTIONES.

195 5703 270 5740 ³⁷⁰
292 5690 738 5791 ΞΨᾘΡῖίοῖξε
787 5702 854 5791 Ὺ
883 5720 1267 5791 Δίζιιεξρυωειιιθ
1296 5713 1601 5791 Pari-6.9".
1678 5709 1750 5791 37f
1791 5718 2038 5791 possent
2084 5716 2135 5769 δ.
2212 5710 2292 5791 "ﬁ
2316 5711 2607 5791 ῥοαί-9ο.
2684 5708 2753 5791 ⁸7⁸
2796 5706 3102 5791 gratulans
3138 5680 3227 5765 γοα.
3305 5707 3375 5745 ⁸⁷⁸
3423 5720 3527 5766 nec

135 5781 212 5834 9°.
292 5774 365 5811 ⁸⁷⁸
392 5774 683 5835 odoaccar
710 5776 763 5831 4.
796 5781 846 5833 5.
880 5774 956 5835 96.
992 5782 1076 5835 10.
1110 5774 1381 5851 corripe};
1406 5779 1512 5839 sed
1540 5786 1589 5839 1.
1607 5774 1822 5856 posteri
1848 5784 2107 5846 Odoacar
2139 5782 2372 5847 scribit.
2449 5782 2518 5820 ⁸⁷⁷
2545 5781 2715 5857 quasi
2743 5774 2941 5840 eadem
