3946 6424
423 383 536 455 ’751

1573 372 2055 446 EKKEHARDI
2100 367 2656 446 URAUGIENSIS

3728 378 3857 448 ‘75:?

426 525 546 586 laeti
578 520 931 594 oboedirent,
968 522 1269 596 profectus
1302 535 1432 580 cum
1484 518 1637 576 omni
1690 515 2065 576 multitudine
2096 520 2153 581 Α
2186 521 2322 591 ptus
2343 521 2455 588 est,
2493 515 2596 575 sed
2628 522 2759 591 post
2792 516 2865 574 ab
2894 532 2964 573 eo
2994 513 3327 575 trueulente
3357 523 3703 591 peremptus
3727 526 3852 578 est.

428 615 917 685 Ostrogotharum
950 617 1171 670 etcum
1213 612 1367 668 omni
1418 608 1831 682 subpelleetili,
1881 608 2070 680 prius-

428 721 596 777 quam
631 703 701 759 ad
733 702 956 757 Italiam
998 700 1353 772 perveniret,
1400 698 1782 770 Trapestilam
1828 697 2071 769 Gepida-

428 810 552 850 rum
580 808 797 859 regem,
825 788 1065 846 insidias
1090 789 1203 845 sibi
1219 787 1746 861 molientem,|bello
1761 800 2069 857 superans,

316 868 335 879 “
426 882 697 950 extinxit,
720 881 905 935 Busan
932 894 1163 949 quoque
1190 878 1572 947 Bulgarorum
1589 891 1783 946 regem
1799 892 1926 933 cum
1951 874 2075 931 suis

427 969 756 1040 agminibus
787 967 1138 1039 prosternit.
1174 967 1392 1022 Deinde
1421 965 1659 1023 veniens
1690 965 1933 1035 Italiam,
1964 963 2079 1035 pri-

428 1072 697 1129 mumque
724 1058 889 1127 juxta
925 1058 1178 1112 Sonuum
1210 1055 1470 1125 ﬂuvium,
1505 1054 1601 1125 qui
1642 1070 1755 1110 non
1806 1054 1973 1123 longe
2006 1053 2077 1107 ab

428 1146 693 1218 Aquileia
726 1145 963 1214 labitur,
1000 1149 1196 1201 castra
1228 1159 1606 1216 componens,
1657 1159 1786 1200 cum
1835 1143 1903 1199 ad
1951 1139 2080 1196 reﬂ-

427 1235 633 1293 cienda
651 1249 899 1306 corpora
925 1233 1215 1289 hominum
1247 1239 1307 1288 et
1325 1234 1743 1303 jumentorum.
1770 1247 1875 1303 pro
1898 1230 2081 1300 longi-

428 1324 630 1382 tudine
652 1323 883 1379 itineris
911 1323 1083 1387 fessa,
1113 1322 1423 1391 resideret,
1444 1337 1574 1377 cum
1591 1336 1797 1391 magno
1812 1320 2080 1376 exercitu

429 1412 688 1483 totisque
724 1411 903 1467 Italia)
937 1412 1163 1467 viribus
1202 1410 1464 1467 Odoacar
1495 1410 1547 1466 ei
1580 1410 1861 1466 occurrit.
1898 1409 2079 1476 Quem

427 1501 826 1558 Theodericus
854 1500 1133 1555 alacriter
1162 1499 1489 1570 excipiens,
1510 1495 1716 1568 magno
1740 1503 2080 1570 superatum

431 1589 633 1663 prazlio
667 1590 721 1644 in
758 1589 947 1658 fugam
978 1588 1289 1645 convertit.
1327 1587 1547 1643 Exinde
1591 1602 1829 1644 movens
1860 1587 2085 1643 exerci-

433 1684 574 1748 tum,
611 1694 743 1733 cum
776 1680 1060 1732 Veronam
1097 1677 1375 1747 venisset,
1411 1677 1623 1732 iterum
1647 1676 1928 1732 adversus
1950 1690 2078 1732 eum

434 1766 701 1823 Odoacar
733 1781 846 1822 non
880 1765 1087 1820 minori
1123 1780 1252 1821 sese
1296 1765 1431 1821 belli
1483 1770 1767 1836 apparatu
1816 1765 2077 1836 obponit.

435 1857 650 1911 Contra
694 1870 861 1925 quem
908 1853 1297 1910 Theodericus
1340 1854 1482 1946 haut
1524 1854 1731 1924 procul
1778 1870 1806 1910 a
1858 1855 2081 1910 Verona
2111 1886 2166 1946 Β

434 1944 778 2014 conﬂigens,
811 1958 1032 1998 summa
1063 1944 1189 2013 ejus
1220 1942 1540 1998 exercitum
1570 1943 1736 1999 clade
1778 1943 2075 1999 contrivit.

436 2031 544 2098 Qui
575 2033 710 2088 dum
746 2033 894 2100 fuga:
916 2038 1071 2087 metu
1097 2032 1153 2085 in
1180 2032 1397 2087 Atesim
1422 2033 1658 2087 ﬂuvium
1684 2048 1746 2088 se
1764 2032 2084 2103 precipitcs

437 2126 727 2189 mergunt,
762 2135 833 2175 ex
865 2136 1065 2189 magna
1101 2127 1267 2190 parte
1312 2121 1701 2191 rapidissimis
1749 2120 2084 2191 gurgitibus

433 2208 560 2278 ejus
594 2209 874 2279 implicati
911 2208 1291 2264 suﬂ‘ocantur.
1327 2210 1717 2265 Theodericus
1760 2225 1899 2266 vero
1947 2211 2083 2267 dum

434 2294 560 2365 ipso
591 2295 811 2366 impetu
844 2296 1227 2366 subsequitur
1260 2298 1574 2367 fugientes,
1609 2299 1888 2353 Veronam
1924 2297 2079 2365 ilico,

433 2384 661 2440 civibus
692 2399 903 2455 pavore
937 2386 1336 2441 consternatis
1387 2385 1474 2451 ⁸⁷⁸,
1526 2387 1765 2442 invadit.
1822 2387 2085 2443 Odoacar

433 2477 626 2529 autem
661 2488 790 2528 cum
825 2472 914 2527 his
948 2473 1045 2543 qui
1078 2479 1389 2529 evaserant
1414 2474 1661 2545 fugiens,
1691 2476 1926 2530 Romam
1952 2490 2085 2531 con-

432 2561 642 2629 tendit,
676 2561 776 2616 sed
810 2561 1105 2617 obseratis
1124 2562 1403 2618 continuo
1437 2564 1643 2633 portis,
1669 2563 1947 2619 exclusus
1971 2569 2081 2619 est.

432 2651 541 2718 Qui
574 2666 843 2720 cernens,
882 2651 1183 2707 introitum
1219 2651 1331 2707 sibi
1368 2651 1664 2721 denegari,
1713 2654 1905 2709 omnia
1957 2668 2084 2723 quas

430 2740 725 2810 attingere
794 2740 988 2811 potuit
1046 2740 1244 2809 gladio
1294 2743 1635 2813 ﬂammaque
1692 2742 2080 2814 consumpsit,

430 2831 885 2899 Ravennamque
928 2829 1247 2900 ingressus,
1298 2832 1673 2887 munitionem
1717 2832 1827 2887 sibi
1879 2847 2085 2903 prepa-

434 2918 604 2973 ravit.
653 2916 1048 2972 Theodericus
1098 2922 1294 2973 autem
1369 2935 1397 2974 a
1449 2919 1672 2975 Verona
1725 2920 2081 2991 digrediens,

433 3005 817 3061 Mediolanum
841 3006 1126 3076 pervenit,
1145 3011 1203 3061 et
1222 3006 1355 3062 dum
1379 3007 1453 3061 ibi
1480 3008 1850 3075 consisteret,
1879 3024 2083 3078 magna
2123 3043 2134 3053 -

433 3094 506 3150 ad
537 3109 666 3151 eum
704 3095 1021 3151 multitudo
1052 3095 1297 3151 militum
1330 3096 1647 3167 pluresque
1676 3097 1858 3154 Italiae
1884 3096 2082 3169 populi

433 3188 855 3252 convenerunt,
889 3184 991 3239 sed
1024 3184 1225 3255 paucis
1266 3184 1591 3254 interjectis
1627 3185 1834 3242 diebus
1877 3201 2086 3242 rursus

434 3272 747 3329 dediticius
778 3274 1103 3343 exercitus,
1139 3275 1338 3330 Tusfra
1374 3275 1618 3344 quodam
1655 3276 1883 3331 nomine
1919 3275 2085 3332 insti-

430 3367 625 3432 gante,
671 3362 990 3417 Odoacaris
1038 3362 1307 3434 partibus
1356 3380 1416 3419 se
1470 3364 1745 3420 reddidit.
1801 3365 1939 3430 Quae
1991 3380 2085 3420 res

429 3450 846 3507 Theodericum
881 3450 934 3506 in
970 3456 1192 3507 tantum
1226 3453 1567 3524 perterruit,
1606 3458 1670 3509 ut
1702 3467 1765 3510 se
1797 3468 2083 3524 suumque

430 3540 754 3597 exercitum
785 3540 939 3611 apud
971 3540 1333 3597 Ticinensem
1376 3542 1602 3607 urbem,
1639 3557 1766 3613 quae
1798 3558 1949 3599 nunc
1982 3545 2084 3597 Pa-

429 3629 527 3699 pia
558 3628 793 3698 dicitur,
830 3629 1235 3685 communiret.
1280 3630 1497 3686 Talium
1535 3631 2083 3687 rerum"varietatcs

432 3716 867 3773 Gundebaudus
898 3718 1371 3788 Burgundionum
1407 3734 1510 3775 rex
1550 3719 1861 3791 aspiciens,
1915 3722 2083 3793 Ligu-

433 3806 580 3861 riam
612 3822 742 3861 cum
775 3806 993 3875 ingenti
1018 3807 1284 3863 exercitu
1316 3807 1576 3877 intravit,
1601 3813 1929 3880 cunctaque
1955 3827 2083 3881 quze

434 3894 695 3965 reperire
723 3900 975 3966 poterat,
1002 3910 1105 3966 pro
1130 3895 1531 3967 diripientium
1554 3898 1854 3953 voluntate
1879 3900 2085 3972 depre-

435 3982 600 4049 dans,
637 3982 920 4039 infinitam
942 3985 1307 4055 captivorum
1336 3984 1767 4043 multitudinem
1790 4003 1987 4044 secum
2011 3989 2084 4045 ad

436 4072 651 4128 Gallias
694 4072 877 4128 duxit.
932 4074 1323 4131 Theodericus
1372 4076 1570 4145 itaque
1616 4077 1949 4147 aliquandiu
2003 4080 2086 4135 in-

434 4165 522 4217 tra
558 4162 912 4218 munitiones
943 4165 1265 4220 exercitum
1303 4165 1564 4222 retinens
1584 4167 1670 4229 37°,
1698 4168 1927 4223 demum
1952 4168 2085 4224 reli-

434 4252 547 4306 ctis
581 4252 656 4305 ibi
686 4251 755 4283 ⁸δ⁰
785 4253 1089 4309 sororibus
1142 4261 1201 4309 et
1250 4258 1434 4310 matre
1484 4256 1876 4327 universaque
1926 4258 2082 4327 vulgi

436 4338 829 4410 multitudine,
864 4342 1043 4396 nichil
1079 4343 1246 4413 plane
1275 4344 1488 4399 dubius
1525 4343 1595 4399 de
1630 4345 1740 4399 fide
1763 4346 2083 4417 Epyphanii

434 4426 543 4483 viri
568 4428 946 4499 sanctissimi,
973 4430 1233 4499 ejusdem
1256 4431 1518 4487 civitatis
1540 4433 1825 4505 episcopi,
1841 4448 1970 4489 cum
1988 4449 2086 4490 ex-

434 4515 654 4587 peditis
685 4524 1039 4575 armatorum
1069 4521 1271 4576 cuneis
1301 4520 1370 4575 ad
1406 4521 1792 4577 obsidendum
1828 4521 2086 4580 Odoaca-

2184 608 2452 677 Egressis
2482 606 2693 665 deinde
2747 623 2778 665 a
2824 607 3020 663 Ticino
3069 612 3202 678 post
3251 607 3563 664 triennium
3611 609 3850 681 Gothis,

2183 698 2425 753 eandem
2459 712 2591 754 mox
2625 698 2829 754 urbem
2863 697 3132 752 invasere
3162 697 3332 766 Rugi,
3367 703 3577 753 cuncta
3598 713 3709 770 per
3731 701 3853 757 cir-

2185 786 2407 842 cuitum
2426 786 2549 843 loca
2564 787 2855 857 simulque
2869 785 3170 841 civitatem
3188 799 3292 855 per
3318 786 3656 843 continuum
3684 789 3851 846 bien-

2189 875 2343 930 nium
2376 874 2774 946 devastantes,
2811 890 2941 930 cum
2965 873 3151 929 adhuc
3175 874 3544 931 beatissimus
3575 877 3848 949 Epypha-

2188 963 2318 1019 nius
2332 964 2864 1035 superesset,cujus
2878 963 3192 1019 sanctitate
3206 963 3261 1018 in
3274 964 3455 1019 tantis
3471 964 3755 1034 periculis
3790 967 3846 1021 ci

2188 1066 2290 1108 ves
2313 1054 2803 1109 sustentabantur
2821 1051 3040 1107 afflicti.
3068 1052 3169 1107 Hic
3185 1066 3214 1106 a
3237 1051 3588 1109 Theoderico
3617 1053 3848 1111 Gallias

2191 1141 2260 1197 ad
2285 1140 2744 1198 Gundebaudum
2768 1156 2875 1212 pro
2897 1140 3148 1211 captivis
3171 1138 3525 1197 redimendis
3548 1142 3842 1213 directus,

2190 1234 2434 1300 excepta
2469 1229 2768 1286 innumera
2802 1228 3176 1286 multitudine
3209 1228 3442 1285 illorum
3490 1246 3591 1301 pro
3619 1232 3847 1302 quibus

2193 1318 2451 1389 precium
2473 1319 2655 1388 dedit,
2683 1334 2789 1375 sex
2813 1318 2968 1374 milia
2986 1318 3369 1389 captivorum.
3387 1319 3461 1375 ob
3476 1318 3656 1375 solam
3674 1334 3849 1377 sanc-

2191 1409 2384 1464 titatis
2398 1424 2517 1466 suae
2531 1409 2918 1465 reverentiam
2934 1407 3042 1465 sibi
3057 1422 3355 1478 concessa,
3372 1423 3565 1464 secum
3579 1409 3841 1467 reduxit.

2265 1498 2449 1567 igitur
2507 1497 2920 1568 Theodericus,
2992 1497 3252 1553 extincto
3312 1497 3462 1567 apud
3507 1498 3843 1554 Ravennam

2195 1586 2512 1655 Odoacare,
2540 1586 2725 1641 totius
2749 1584 2930 1642 [taliae
2944 1584 3639 1656 potitusestditione,nec
3657 1585 3845 1642 multo

2196 1680 2325 1746 post
2361 1677 2597 1730 Romam
2635 1675 2956 1745 profectus,
2986 1688 3018 1729 a
3041 1673 3313 1729 Romanis
3336 1688 3463 1729 eum
3481 1674 3694 1743 gaudio
3725 1690 3846 1730 ma-

2194 1779 2307 1835 gno
2331 1769 2423 1819 est
2441 1770 2767 1835 susceptus.
2792 1762 3015 1829 Quibus
3039 1761 3135 1818 ille
3158 1761 3402 1833 singulis
3419 1762 3490 1818 ad
3513 1762 3839 1819 subsidium

2194 1852 2387 1910 victus
2417 1858 2652 1909 centum
2685 1852 2890 1921 viginti
2925 1867 3030 1907 sex
3078 1851 3232 1907 milia
3280 1851 3599 1909 modiorum
3652 1851 3840 1908 tritici

2195 1941 2509 1997 concessit.
2540 1942 2753 2013 aeno.)
2777 1943 2916 1996 Post
2939 1940 3061 1995 haec
3079 1940 3641 1997 Theodericusutsui
3673 1940 3839 2010 regni

2195 2030 2352 2086 vires
2383 2029 2810 2101 constabiliret,
2847 2030 3023 2085 missa
3055 2029 3346 2100 legatione
3377 2028 3446 2085 ad
3490 2029 3838 2087 Clodoveum

2197 2119 2545 2175 Francorum
2576 2134 2793 2189 regem,
2830 2117 3005 2173 ﬁliam
3024 2116 3151 2186 ejus
3172 2117 3544 2174 Audoﬂedam
3564 2118 3617 2173 in
3640 2118 3841 2174 matri-

2197 2209 2445 2264 monium
2480 2208 2672 2279 petiit,
2706 2223 2873 2278 quam
2909 2206 3005 2262 ille
3038 2206 3290 2263 libenter
3310 2207 3620 2263 concessit.
3649 2208 3836 2274 (ER.

2196 2302 2252 2353 et
2284 2300 2476 2370 Ione.)
2511 2297 2899 2353 Amalfredam
2920 2300 3111 2353 autem
3134 2310 3462 2366 germanam
3490 2311 3647 2352 suam
3671 2296 3842 2352 Wan-

2197 2388 2463 2444 dalorum
2498 2387 2619 2456 regi
2652 2387 2963 2455 Hunerico,
3001 2385 3277 2441 Geiserici
3328 2385 3465 2455 filio,
3515 2383 3837 2455 conjunxit,

2197 2476 2576 2546 ejusdemque
2611 2475 2957 2531 Amalfreda:
2984 2474 3155 2530 tiliam
3185 2472 3578 2544 Amalbergam
3598 2473 3841 2531 Thurin-

2195 2580 2401 2635 gorum
2434 2564 2555 2634 regi
2601 2564 2968 2620 Ermenfrido
3015 2563 3276 2632 tradidit,
3323 2562 3471 2619 ﬁlias
3512 2578 3647 2619 vero
3677 2577 3834 2632 suas,

2198 2669 2342 2724 quas
2374 2654 2430 2709 in
2462 2653 2659 2709 Moesia
2689 2657 2994 2723 genuerat,
3028 2652 3442 2720 Thiudegotam
3474 2656 3532 2707 et
3562 2652 3839 2721 Ostrogo~

2196 2743 2354 2798 tham
2384 2742 2596 2799 vicinis
2628 2743 2865 2812 regibus
2894 2740 3210 2813 copulavit,
3258 2755 3424 2797 unam
3474 2740 3839 2809 Sigismundo

2198 2832 2319 2901 regi
2356 2831 2853 2901 Burgundionum,
2886 2830 3130 2887 alteram
3164 2830 3393 2886 Alarico
3426 2828 3546 2900 regi
3599 2828 3842 2900 Wisigo-

2198 2921 2449 2976 tharum.
2479 2923 2555 2976 De
2579 2936 2695 2991 quo
2719 2920 2951 2976 Alarico
2984 2925 3158 2975 natus
3179 2923 3267 2975 est
3293 2918 3632 2974 Amalricus.
3659 2917 3839 2983 Quem

2197 3026 2341 3066 avus
2375 3026 2517 3066 suus
2541 3009 2932 3067 Theodericus
2965 3010 3020 3064 in
3049 3008 3216 3065 anuis
3245 3006 3568 3080 puerilibus
3592 3012 3839 3078 utroque

2198 3104 2438 3170 parente
2462 3100 2730 3155 orbatum
2758 3098 2891 3154 dum
2916 3097 3192 3168 nutriret,
3208 3096 3568 3168 comperiens
3591 3096 3838 3153 Bcteriei

2200 3186 2376 3243 tilium
2410 3188 2807 3258 Eutharicum,
2843 3186 3178 3243 Herimundi
3226 3190 3492 3257 nepotem
3540 3189 3599 3242 et
3643 3185 3840 3241 Thuri-

2199 3276 2428 3333 smundi
2454 3278 2825 3349 abnepotem,
2850 3276 2924 3332 de
2939 3276 3269 3333 Amalorum
3286 3276 3470 3346 stirpe
3493 3274 3841 3330 descenden~

2185 3367 2335 3435 'tem,
2370 3365 2426 3420 in
2453 3365 2699 3435 juvenili
2728 3369 2921 3434 aetate,
2957 3365 3263 3437 prudentia
3299 3364 3352 3419 in
3384 3364 3600 3420 virtute
3638 3378 3844 3435 corpo-

2196 3456 2395 3526 risque
2420 3455 2762 3525 integritate
2787 3455 3103 3526 pollentem
3121 3455 3174 3509 in
3192 3454 3498 3525 HySpania,
3520 3452 3587 3508 ad
3602 3468 3662 3509 se
3678 3451 3837 3509 illum

2195 3544 2396 3599 venire
2428 3543 2711 3615 precepit,
2746 3544 2915 3613 eique
2941 3543 3114 3598 tiliam
3140 3558 3301 3600 suam
3327 3539 3753 3598 Amalsuindam
3781 3542 3836 3599 in

2198 3633 2629 3689 matrimonium
2655 3632 2837 3703 dedit,
2868 3648 2994 3703 qua}
3021 3632 3415 3688 Athalaricum
3438 3646 3509 3688 ex
3529 3646 3597 3688 eo
3617 3631 3834 3702 genuit.

2196 3724 2309 3778 Nec
2341 3723 2449 3778 fuit
2480 3722 2671 3793 aliqua
2703 3721 2891 3779 vicina
2925 3720 2992 3754 3“
3031 3737 3176 3791 gens
3196 3721 3400 3791 Italize,
3428 3736 3553 3791 qua:
3587 3719 3837 3776 Theode-

2197 3812 2319 3867 rico
2342 3816 2445 3868 aut
2466 3811 2897 3882 conjunctionis
2916 3812 3194 3867 affinitate
3209 3816 3303 3867 aut
3322 3810 3608 3882 pactionis
3622 3809 3831 3866 fcedere

2196 3915 2309 3957 non
2343 3901 2545 3957 fuisset
2587 3901 2828 3971 sociata,
2879 3902 3108 3957 Zenone
3157 3900 3354 3972 itaque
3406 3903 3651 3969 augusto
3698 3904 3827 3971 post

2198 3990 2397 4046 decem
2431 3994 2490 4046 et
2521 3995 2745 4061 septem
2779 4005 2961 4046 annos
2982 3991 3142 4060 regni
3169 3990 3254 4047 sui
3279 3989 3572 4061 defuncto,
3603 3991 3830 4045 Anasta-

2198 4080 2320 4137 sius
2350 4080 2637 4135 successit
2673 4078 2938 4151 imperio,
2961 4094 3212 4149 regnans
3237 4092 3337 4151 per
3363 4092 3537 4134 annos
3557 4080 3643 4148 27,
3661 4077 3827 4134 Theo-

2198 4167 2434 4226 dericus
2462 4184 2602 4225 vero
2631 4184 2733 4240 per
2765 4168 2913 4224 idem
2944 4172 3177 4239 tempus
3209 4167 3445 4239 paciﬂee
3491 4180 3729 4236 regnans
3773 4165 3824 4222 in

2195 4258 2385 4328 Italia,
2422 4259 2613 4314 Romae
2644 4256 2901 4313 miranda
2936 4257 3069 4313 fecit
3103 4257 3369 4325 aedificia,
3401 4260 3460 4310 et
3492 4270 3593 4327 per
3613 4253 3824 4324 singula

2197 4362 2444 4419 qumque
2467 4347 2591 4403 loca
2619 4346 2945 4403 celebriora
2972 4347 3127 4415 regia
3151 4344 3601 4402 sibieonstruxit
3619 4342 3826 4399 habita-

2198 4436 2347 4492 cula.
2381 4437 2605 4492 Mortuo
2636 4440 2830 4492 autem
2863 4435 3169 4492 Anastasio
3193 4438 3251 4491 et
3282 4434 3410 4506 ipso
3440 4433 3716 4503 heretico,
3739 4433 3824 4489 Ju-

2199 4524 2388 4581 stinus
2419 4524 2726 4596 imperium
2763 4524 3013 4596 adeptus
3044 4528 3151 4581 est.
3181 4524 3285 4590 Qui
3311 4522 3443 4580 dum
3465 4525 3622 4579 esset
3642 4522 3823 4580 ortho-

433 4620 555 4660 rem
590 4607 918 4663 Ravennam
952 4609 1229 4679 perrexit.
1275 4610 1534 4679 Cumque
1582 4610 1638 4665 in
1689 4623 1758 4666 eo
1808 4610 1937 4667 loco
1985 4614 2080 4682 qui
2115 4610 2168 4670 D
2200 4613 2409 4682 doxus,
2444 4628 2695 4670 cernens
2726 4615 2779 4670 in
2808 4614 3077 4691 partibus
3100 4612 3473 4670 Orientisillo
3494 4610 3677 4668 adhuc
3695 4615 3823 4668 tem-

432 4693 700 4752 Pinetum
734 4695 952 4753 dicitur
984 4712 1096 4753 non
1126 4698 1333 4769 procul
1363 4701 1435 4755 ab
1463 4700 1609 4755 urbe
1641 4704 1835 4756 castra
1862 4702 2087 4772 posuis-

435 4787 541 4855 set,
572 4799 673 4855 per
695 4784 1035 4841 continuum
1053 4800 1197 4855 pene
1213 4786 1530 4842 triennium
1546 4786 1903 4844 Odoacarem
1920 4792 2087 4847 obsc-

434 4871 539 4928 dit.
560 4872 835 4942 Qui,cum
863 4874 1501 4944 frequenternoeturno
1524 4881 1788 4948 tempore
1807 4893 1937 4935 cum
1963 4880 2088 4937 suis

432 4975 505 5017 ex
535 4962 681 5017 urbe
711 4963 1039 5031 egrediens,
1074 4964 1395 5020 exercitum
1423 4964 1765 5022 Theoderici
1800 4967 2088 5039 inquieta-

435 5056 546 5119 ret,
582 5050 897 5107 novissime
930 5057 1107 5106 noctu
1141 5051 1372 5109 irruens
1404 5055 1458 5109 in
1492 5059 1709 5128 castra,
1759 5060 2085 5115 exercitum

431 5138 772 5196 Theoderici
796 5154 999 5210 magna
1026 5144 1224 5211 strage
1245 5145 1674 5214 prostravit(H.
1702 5148 1826 5218 R.),
1855 5150 1954 5206 sed
1981 5150 2089 5206 Go-

436 5228 553 5286 this
584 5228 818 5286 fortiter
846 5230 1284 5301 resistentibus,
1320 5232 1391 5289 ad
1423 5239 1750 5293 extremum
1783 5237 1998 5310 victus,
2028 5239 2083 5295 in

440 5320 639 5375 urbem
670 5320 932 5390 confugit
960 5338 974 5387 ;
1008 5335 1114 5377 nec
1146 5320 1331 5378 multo
1365 5329 1501 5395 post
1541 5326 1712 5383 missa
1768 5327 2081 5400 legatione,

436 5407 660 5465 veniam
686 5410 1022 5482 supplicans
1118 5410 1472 5471 Theoderico
1495 5417 1660 5487 quasi
1678 5416 1734 5474 in
1758 5418 1870 5474 fide
1892 5432 2088 5476 susce-

2200 4717 2341 4775 pore
2366 4703 2667 4758 Arrianam
2691 4702 2940 4758 heresim
2968 4717 3070 4774 per
3091 4700 3317 4772 singula
3342 4700 3464 4757 loca
3487 4699 3697 4771 vigere,
3728 4714 3825 4772 pro

2200 4792 2412 4848 ardore
2435 4790 2740 4848 catholicae
2765 4791 2897 4847 fidei
2922 4791 3262 4848 decertabat
3288 4789 3577 4846 hereticos
3603 4788 3827 4861 dissipa-

2202 4896 2283 4951 re,
2302 4885 2589 4951 sextoque
2606 4880 2934 4952 imperiisui
2951 4895 3099 4937 anno
3122 4879 3405 4952 precepit,
3428 4884 3491 4937 ut
3513 4879 3720 4951 ubique
3740 4878 3831 4936 he-

2200 4971 2517 5027 reticorum
2533 4969 3119 5040 aecclesiasfeatholici
3135 4972 3546 5025 consecrarent
3560 4968 3828 5041 episcopi.

2200 5061 2319 5116 Hoc
2354 5060 2598 5117 audiens
2627 5059 3044 5126 Theodericus,
3070 5058 3312 5115 Arriana
3336 5058 3432 5115 lue
3455 5056 3736 5130 pollutus,
3756 5060 3840 5115 Jo~

2201 5149 2449 5206 hannem
2482 5163 2689 5221 papam
2722 5149 3013 5220 simulque
3044 5163 3175 5205 cum
3198 5163 3268 5206 eo
3289 5146 3651 5204 Theodorum
3671 5153 3831 5220 atque

2201 5240 2535 5311 Agapitum,
2553 5238 2896 5296 consulares
2910 5238 3090 5310 viros,
3109 5237 3400 5309 aliumque
3424 5237 3727 5309 Agapitum
3749 5253 3837 5311 pa-

2201 5328 2438 5386 tricium
2465 5328 3028 5402 Constantinopolim
3053 5325 3836 5400 adJustinumimperatorem

2200 5417 2440 5491 direxit,
2479 5418 2761 5478 mandans
2789 5418 2876 5477 illi
2910 5417 3204 5490 minando,
3240 5416 3394 5490 quia,
3428 5415 3540 5477 nisi
3573 5416 3838 5478 bereticis

1801 5585 2039 5643 VARl/E
2084 5586 2484 5647 LECTIONES.

509 5696 578 5735 ⁸⁷⁸
605 5712 656 5757 e.
692 5717 746 5776 p.
783 5706 832 5760 5.
910 5702 980 5739 ³⁷⁸
1010 5707 1219 5764 tenens
1245 5709 1322 5763 9°.
1401 5707 1473 5743 ⁸⁸⁰
1501 5709 1599 5767 ibi.
1630 5725 1680 5768 r.
1712 5713 1763 5767 5.
1841 5709 1909 5745 ⁸⁸⁸
1939 5725 1994 5784 g.
2026 5712 2213 5771 vicina
2248 5718 2297 5774 5ο
