3946 6428
111 504 228 569 758

999 503 1441 572 CHRONICA.
1474 540 1552 553 -—
1583 499 2062 570 CHRONICON
2103 504 2633 572 UNIVERSALE

3404 506 3521 575 754

111 638 411 701 meolesias
444 653 582 699 suas
613 638 962 713 quantocius
981 641 1255 700 redderet
1276 656 1497 713 eosque
1528 641 1583 698 in
1609 655 1748 714 pace
1777 638 1836 701 A
1866 640 2448 715 Constantinopolim,
2486 647 2546 700 ut
2580 657 2685 715 per
2710 657 2842 700 eum
2863 639 3109 713 gratiam
3146 641 3519 718 imperatoris

112 731 322 802 degere
337 730 580 802 sineret,
599 730 905 787 universos
924 730 1105 789 Italiae
1125 733 1372 803 populos
1388 732 1513 804 ipse
1553 730 1748 801 gladio

110 819 500 889 extingueret.
528 817 635 885 Qui
659 818 1069 889 pervenientes
1084 818 1154 874 ad
1170 823 1501 888 augustum,
1525 834 1654 875 cum
1679 819 1751 876 ab

110 922 178 965 eo
201 907 398 977 digne,
422 910 487 963 ut
518 907 912 978 competebat,
957 907 1217 977 suscepti
1261 910 1479 977 essent,
1530 906 1751 976 magnis

111 1010 239 1053 cum
264 994 503 1052 ﬂetibus
528 994 925 1067 postulabant,
952 999 1017 1051 ut
1035 1010 1156 1052 sua)
1181 994 1489 1065 legationis
1518 996 1749 1058 seriem.

111 1083 375 1156 quamvis
402 1088 563 1141 esset
590 1083 828 1153 injusta,
864 1083 1117 1140 libenter
1146 1084 1443 1156 exciperet
1470 1089 1530 1140 et
1568 1084 1751 1140 Italiae

111 1173 390 1245 periturae
421 1171 782 1229 consuleret.
809 1172 1602 1239 Quorumiletibuslustinus
1626 1187 1753 1244 per-

110 1266 322 1332 motus,
355 1261 442 1317 eis
475 1261 631 1332 quod
664 1262 941 1332 petebant
987 1262 1308 1331 concessit,
1361 1260 1753 1333 Arrianosque

111 1366 231 1408 suae
248 1351 533 1421 potestati
558 1350 793 1406 dimisit.
814 1351 1070 1421 Cumque
1091 1351 1146 1405 hi
1173 1352 1227 1406 in
1252 1350 1463 1407 itinere
1495 1350 1756 1408 demora-

111 1439 736 1509 rentur,Theodericus
752 1439 911 1495 rabie
927 1440 1254 1509 iniquitatis
1266 1454 1386 1497 suae
1411 1439 1545 1496 stim
1561 1438 1757 1498 ulatus

111 1528 502 1584 Simmachum
534 1528 842 1599 patricium
872 1532 929 1584 et
945 1529 1208 1585 Boetium
1225 1532 1552 1585 senatorem
1579 1532 1637 1584 et
1661 1543 1757 1585 ex-

110 1615 411 1674 consulem
434 1616 634 1687 gladio
668 1618 1007 1674 trucidavit.

179 1705 278 1762 His
311 1720 545 1776 quoque
565 1705 771 1762 diebus
790 1705 1354 1762 extinctanrancis
1386 1705 1616 1763 Alarico
1644 1706 1758 1762 Wi-

109 1794 468 1865 sigotharum
488 1810 645 1864 rege,
669 1779 1068 1849 Theodericus
1096 1808 1200 1865 per
1220 1793 1463 1850 Hibbam
1485 1794 1755 1850 comitem

111 1898 274 1940 suum
308 1882 445 1954 plus
479 1896 650 1953 quam
683 1885 752 1938 3O
781 1882 933 1938 milia
960 1884 1318 1939 Francorum
1342 1883 1595 1953 cadens,
1621 1886 1753 1953 post

1862 731 2477 802 acquireret.Veniens
2494 732 2963 803 autem'pontil‘cx
2981 732 3051 788 ad
3085 732 3515 804 imperatorem,

1859 820 2037 892 coepit
2071 820 2286 878 habere
2316 819 2681 891 colloquium
2713 820 2780 855 ⁸⁸³
2809 837 2938 878 cum
2968 835 3037 878 eo
3084 819 3151 855 ⁸⁸⁸
3183 823 3254 878 de
3286 822 3416 895 ﬁde,
3459 830 3517 881 et

1861 910 2080 969 invenit
2110 925 2241 966 eum
2271 910 2594 967 doctrinam
2613 911 2899 968 Euticetis
2918 910 3150 968 habere.
3171 911 3349 977 Quem
3388 928 3518 970 cum

1860 1000 2125 1071 pontifex
2156 1016 2260 1071 pro
2289 1016 2489 1056 errore
2519 1000 2873 1071 increparet,
2910 1001 3007 1057 ille
3050 1001 3219 1057 minis
3247 1015 3375 1058 eum
3425 1017 3520 1073 ag-

1861 1104 2107 1159 gressus
2135 1094 2256 1154 est;
2290 1074 2391 1145 sed
2435 1089 2490 1144 in
2534 1089 2645 1145 ﬁde
2674 1089 2963 1145 catholica
3011 1104 3156 1163 papa
3209 1090 3521 1149 immobilis

1865 1178 2158 1249 stabat,et
2188 1178 2260 1234 ad
2293 1179 2702 1249 imperatorem
2734 1179 3001 1235 dicebat:
3027 1180 3152 1249 Ego
3180 1176 3521 1238 desideravi

1860 1268 2066 1324 venire
2079 1265 2163 1324 ad
2178 1265 2597 1325 Martinianum
2624 1267 3032 1338 imperatorem
3076 1267 3519 1326 christianissi-

1861 1356 2427 1425 mum,sedutm’deo,
2446 1357 2653 1414 inveni
2672 1358 3133 1414 Diocletianum.
3181 1357 3395 1414 Videns
3422 1372 3521 1414 au-

1864 1448 1983 1499 tem
2003 1444 2072 1499 im
2086 1450 2321 1514 perator
2336 1444 2723 1501 constantiam
2739 1445 2885 1514 ejus.
2902 1460 2972 1500 ex
2989 1444 3294 1502 voluntate
3311 1446 3408 1502 Dei
3429 1461 3520 1504 ac-

1869 1533 2089 1603 quievit
2105 1534 2340 1589 monitis
2356 1532 2542 1613 illius;
2558 1533 2659 1590 sed
2675 1548 2788 1589 non
2806 1533 2989 1589 multo
3008 1539 3139 1604 post
3156 1533 3306 1589 idem
3333 1535 3520 1604 ponti-

1870 1622 1963 1677 fex
1978 1620 2055 1676 ibi
2072 1621 2382 1679 defunctus
2398 1626 2509 1677 est.
2525 1622 2892 1679 Justinianus
2913 1637 3050 1677 vero
3068 1621 3399 1679 Bilisarium
3424 1638 3519 1695 pa-

1870 1709 2125 1779 tricium,
2150 1709 2268 1779 jam
2297 1710 2367 1766 de
2390 1708 2687 1766 Wandalis
2719 1709 2774 1765 in
2810 1710 3003 1766 Africa
3038 1710 3514 1782 triumphantem,

1870 1802 2071 1853 contra
2100 1799 2453 1855 Theodatum
2484 1797 2553 1831 ⁸⁸⁸
2584 1798 2758 1867 misit,
2788 1803 2850 1855 ut
2881 1803 2935 1853 et
2965 1799 3186 1856 Italiam
3210 1814 3239 1855 a
3265 1799 3512 1857 servitio

1874 1886 2187 1943 Gothorum
2203 1887 2723 1959 1iheraret.(Jonn.)
2741 1886 3021 1942 Veniente
3037 1893 3228 1944 autem
3249 1888 3517 1946 Bilisario

112 1975 354 2027 mortem
387 1970 604 2027 Alarici
633 1971 832 2040 generi
854 1970 921 2003 ⁸⁸²
943 1970 1054 2040 sui,
1083 1971 1378 2042 Thiodem,
1406 1971 1756 2041 armigerum
1788 1998 1842 2058 Β
1875 1974 1928 2029 in
1945 1975 2433 2045 Siciliam,omnes
2449 1976 2543 2045 qui
2564 1974 2638 2029 ibi
2663 1979 2830 2031 erant
2863 1976 3032 2031 Gothi
3067 1991 3195 2031 cum
3232 1975 3378 2032 duce
3411 1992 3518 2034 suo

111 2060 254 2131 ejus,
289 2064 549 2117 tutorem
582 2060 855 2116 Amalrici
890 2060 1120 2132 nepotis
1154 2061 1243 2116 sui
1285 2061 1615 2117 constituit.
1667 2063 1759 2116 Jo-

112 2148 329 2204 hanncs
360 2163 503 2204 vero
539 2164 682 2220 papa
717 2148 949 2204 rediens
980 2163 1010 2204 a
1059 2148 1584 2219 Constantinopoli,
1628 2163 1758 2205 cum

113 2237 547 2299 sociis.itineris
569 2238 655 2294 sui
682 2237 835 2294 venit
862 2238 932 2293 ad
946 2237 1360 2294 Theodericum
1409 2239 1756 2294 Ravennam.

114 2327 211 2383 llle
226 2342 365 2383 vero
382 2341 487 2398 per
501 2325 787 2383 maliciam
804 2326 1125 2397 impietatis
1140 2331 1196 2381 et
1228 2325 1604 2383 crudelitatis
1619 2341 1757 2397 suae,

115 2431 215 2488 pro
245 2431 313 2471 eo
343 2414 500 2486 quod
533 2430 563 2470 a
594 2414 844 2485 Iustino,
881 2415 1189 2471 catholicae
1233 2414 1365 2471 ﬁdei
1428 2414 1756 2484 defensore,

114 2504 430 2561 honoriﬁce
455 2503 716 2574 suscepti
734 2507 951 2573 essent,
971 2503 1194 2560 carceri
1211 2518 1311 2559 eos
1334 2503 1684 2574 mancipavit
1700 2507 1758 2558 et

116 2594 278 2650 famis
300 2592 613 2649 aﬂlictione
633 2593 948 2650 interfecit.
980 2592 1089 2649 Sed
1111 2593 1259 2648 hanc
1289 2592 1758 2647 immanissimum

113 2682 235 2753 ejus
265 2681 677 2739 crudelitatem
710 2680 902 2737 divina
936 2696 1071 2736 mox
1106 2680 1532 2737 animadversio
1553 2685 1758 2736 secuta

114 2778 231 2839 est;
264 2786 394 2829 nam
429 2770 807 2841 nonagesimo
840 2786 990 2827 nono
1016 2774 1143 2841 post
1178 2771 1286 2826 hoc
1314 2770 1537 2826 facinus
1560 2769 1651 2825 die
1667 2783 1761 2825 su-

116 2861 230 2917 bita
256 2866 445 2918 morte
460 2861 772 2917 defunctus
787 2862 898 2915 est.
919 2859 1095 2929 Cujus
1120 2860 1393 2928 animam,
1437 2854 1497 2914 ﬁt
1522 2863 1759 2915 sanctus

115 2948 428 3020 Gregorius
460 2949 516 3004 in
549 2948 780 3018 dialogo
801 2947 1029 3017 scribit,
1066 2946 1371 3003 solitarius
1405 2946 1637 3017 quidam
1672 2947 1761 3003 vir

118 3052 333 3107 magna;
363 3037 608 3093 virtutis
639 3036 791 3108 apud
824 3036 1129 3108 Lipparam
1156 3034 1403 3091 insulam
1426 3034 1570 3091 vidit
1607 3035 1759 3090 inter

114 3126 428 3183 Iohannem
466 3139 668 3197 papam
691 3128 749 3183 et
782 3124 1166 3180 Simmachum
1201 3125 1511 3195 patricium
1551 3123 1761 3180 discin-

116 3218 269 3271 ctum
305 3219 363 3271 et
425 3214 826 3271 discalciatum
843 3213 1121 3270 deduciet
1144 3213 1199 3269 in
1221 3212 1393 3269 ollam
1410 3212 1761 3269 Vulcanide-

116 3304 316 3374 mergi.
352 3304 568 3376 Nono.)
604 3305 750 3359 Ante
781 3306 995 3373 tamen,
1027 3317 1156 3358 cum
1186 3302 1373 3358 adhuc
1389 3301 1629 3371 valeret,
1657 3303 1758 3358 sed

111 3392 226 3461 jam
263 3393 483 3462 senior,
523 3405 852 3449 convocans
884 3390 1101 3447 Cothos
1122 3395 1181 3446 et
1210 3390 1535 3459 gentissuae
1552 3390 1762 3461 prima-

116 3486 224 3551 tes,
250 3481 673 3552 Athalaricum,
702 3478 1090 3536 Amalsuindas
1116 3478 1295 3536 ﬁlium
1318 3479 1413 3534 vix
1437 3478 1633 3534 decem
1667 3494 1764 3534 an-

117 3583 337 3640 norum,
375 3583 573 3640 regem
605 3568 935 3639 constituit,
957 3568 1274 3623 exhortans
1295 3581 1455 3636 suos,
1483 3570 1542 3622 ut
1569 3581 1761 3636 regem

116 3658 393 3728 colerent,
423 3662 692 3714 senatum
720 3657 1110 3729 p0pulumque
1126 3657 1440 3712 Romanum
1461 3655 1760 3727 iamarent,

119 3747 439 3820 principem
467 3746 725 3803 Orientis
755 3745 1049 3817 placatum
1083 3758 1313 3816 semper
1345 3749 1402 3801 et
1438 3745 1762 3817 pr0picium

121 3835 328 3893 habere
358 3838 657 3893 curarent.
692 3834 793 3906 (Η.
828 3835 898 3891 R.
934 3838 992 3890 et
1014 3833 1633 3903 Jonn)Quodefuncto,
1662 3834 1766 3889 Go-

127 3925 223 3996 thi,
261 3923 603 3997 utprecepit
628 3922 1037 3993 Theodericus,
1067 3923 1465 3979 Athalaricum
1488 3938 1618 3979 cum
1650 3938 1765 3978 ma-

126 4020 208 4070 tre
238 4030 337 4070 sua
362 4011 680 4086 preﬁciunt
707 4026 909 4082 regno,
946 4012 1055 4067 hoc
1087 4011 1242 4081 quod
1273 4015 1614 4082 preceptum
1638 4018 1766 4068 erat

125 4103 551 4167 custodientes,
584 4114 753 4172 quam
785 4100 885 4155 diu
917 4098 1290 4155 Athalaricus
1323 4102 1381 4155 et
1416 4103 1602 4155 mater
1637 4100 1765 4169 ejus

125 4190 417 4262 vivebant,
454 4188 550 4260 qui
584 4200 728 4259 pene
758 4201 861 4259 per
890 4192 1025 4243 octo
1058 4201 1243 4242 annos
1276 4187 1624 4255 regnabant.
1671 4189 1766 4244 Ju-

123 4280 275 4336 stino
300 4285 496 4336 autem
520 4280 768 4346 augusto
792 4279 919 4347 post
946 4279 1083 4331 octo
1108 4274 1333 4345 imperii
1359 4290 1446 4331 Slll
1473 4290 1656 4332 annos
1670 4277 1766 4332 de-

122 4368 337 4438 functo,
370 4364 759 4434 Justinianus,
776 4363 998 4420 sororis
1013 4362 1141 4433 ejus
1157 4363 1333 4433 ﬁlius,
1354 4364 1642 4420 successit
1665 4364 1765 4419 im-

123 4456 299 4527 perio.
354 4455 459 4512 Cui
504 4452 879 4510 Athalaricus
925 4456 1044 4508 tam
1094 4466 1254 4508 suam
1305 4452 1761 4509 adolescentiam

123 4558 287 4615 quam
319 4543 525 4600 matris
555 4541 903 4601 viduitatem
936 4539 1382 4609 commendavit,
1436 4540 1538 4597 sed
1597 4542 1760 4597 brevi

119 4638 528 4705 posttempore
541 4630 806 4689 humanis
830 4632 1007 4687 rebus
1021 4630 1300 4686 excessit.
1319 4632 1455 4687 Tum
1482 4634 1759 4686 materna)

1793 3353 1841 3417 C

1876 2065 2167 2120 Sinderith
2203 2064 2359 2120 ultro
2391 2079 2451 2120 se
2485 2064 2752 2120 Bilisario
2779 2064 3521 2122 tradiderunt.Theodatus

1873 2168 2011 2208 vero
2040 2168 2314 2223 generum
2343 2170 2505 2209 suum
2530 2151 3101 2209 Evermundnmcum
3125 2154 3387 2210 exercitu
3421 2153 3522 2210 mi-

1874 2241 1951 2297 sit
1982 2242 2051 2297 ad
2085 2242 2530 2298 custodiendum
2568 2242 2797 2311 fretum,
2834 2241 2931 2297 ubi
2965 2247 3051 2297 est
3076 2242 3522 2313 exitusde,Sici-

1874 2330 1980 2395 lia;
2017 2331 2119 2386 sed
2152 2330 2248 2385 ille
2281 2330 2524 2385 audiens
2553 2334 2821 2385 eventum
2841 2330 3104 2386 rcrumin
3130 2329 3345 2401 Sicilia,
3366 2331 3521 2387 ultro

1872 2432 1933 2475 se
1965 2418 2036 2473 ad
2069 2418 2246 2488 pedes
2274 2417 2638 2474 advenientis
2671 2416 2739 2450 ⁸⁸⁸
2772 2417 3214 2488 Bilisariimisit,
3246 2418 3521 2476 Romanis

1871 2511 2079 2588 optans
2093 2507 2314 2563 servire
2331 2508 2711 2579 principibus.
2732 2506 2893 2572 Quod
2912 2506 3229 2564 Gothorum
3261 2508 3521 2565 sentiens

1870 2595 2902 2664 exercitus,suspectum'l‘heodatum
2920 2610 2947 2651 a
2966 2610 3145 2664 regno
3190 2596 3519 2667 pellendum

1871 2682 2151 2752 clamitat,
2170 2683 2527 2751 etWitigem,
2548 2683 2643 2753 qui
2662 2682 2787 2752 ejus
2801 2683 3052 2753 armiger
3077 2685 3308 2749 erat,ad
3337 2685 3523 2740 rebel-

1873 2772 2103 2829 landum
2138 2773 2190 2827 in
2227 2787 2465 2840 regnum
2495 2771 2705 2842 elevat,
2748 2772 2854 2839 Qui
2888 2770 3115 2828 levatus
3144 2772 3197 2828 in
3233 2788 3492 2843 regnum,

1871 2862 2108 2916 Romam
2143 2860 2490 2930 ingreditur,
2517 2861 2935 2932 premissisquc
2960 2861 3285 2916 Ravennam
3314 2861 3517 2918 ﬁdelis-

1872 2949 2034 3006 simis
2050 2949 2158 3005 sibi
2192 2949 2352 3019 viris,
2384 2948 2939 3005 Theodatumoccidi
2977 2950 3258 3021 precepit,
3285 2949 3523 3020 ipseque

1875 3043 2005 3109 post
2023 3052 2241 3108 paucos
2257 3039 2383 3095 dies
2401 3039 2730 3094 Ravennam
2745 3038 3005 3103 veniens,
3039 3037 3517 3109 Mathesuindam,

1873 3126 2264 3182 Amalsuindze
2281 3127 2537 3193 ﬁliam,vi
2555 3127 2666 3183 sibi
2682 3126 2735 3181 in
2754 3127 3178 3182 matrimonium
3201 3127 3519 3198 copulavit,

1945 3215 2046 3285 (H,
2082 3215 2179 3283 R.)
2214 3214 2669 3271 Bilisariusvero
2698 3217 3015 3284 conceptas
3057 3214 3524 3271 contraTheoda-

1874 3309 1991 3360 tum
2028 3302 2162 3358 belli
2189 3304 2340 3358 vires
2357 3303 2411 3358 in
2427 3303 2691 3371 Witigem
2716 3302 3428 3373 convertit,cgrcssusque
3452 3303 3522 3360 de

1873 3391 2087 3461 Sicilia,
2120 3392 2356 3447 Romam
2389 3390 2566 3447 venit.
2602 3390 2771 3445 Gothi
2806 3395 2998 3445 autem
3044 3390 3139 3459 qui
3183 3389 3258 3444 ibi
3301 3390 3531 3447 habita-

1874 3479 2012 3535 bant
2053 3483 2220 3535 nocte
2268 3479 2640 3548 egredientes
2684 3480 2942 3548 Romam,
2994 3482 3311 3550 portasque
3352 3479 3525 3536 relin-

1874 3567 2406 3638 quentes‘lapertas,
2442 3568 2719 3635 fugerunt
2749 3568 3097 3623 Ravennam.
3150 3567 3379 3635 Witigis
3426 3582 3525 3625 au-

1875 3661 1988 3712 tem
2029 3662 2093 3713 ut
2142 3656 2280 3712 talia
2325 3656 2619 3726 cognovit,
2671 3671 2801 3713 cum
2846 3671 3050 3725 magno
3100 3656 3365 3712 exercitu
3416 3658 3524 3713 Ro-

1877 3760 2023 3800 mam
2053 3744 2244 3811 venit;
2277 3744 2378 3801 sed
2410 3744 2733 3815 Bilisarius,
2763 3759 3010 3799 cernens
3044 3760 3155 3800 non
3180 3748 3378 3816 aptum
3411 3734 3520 3802 sibi

1876 3838 2105 3904 tempus
2135 3835 2203 3890 ad
2240 3833 2632 3905 pugnandum,
2666 3833 2799 3904 quia
2828 3833 3006 3889 fames
3038 3848 3239 3899 magna
3272 3848 3341 3890 eo
3373 3849 3522 3890 anno

1874 3921 2255 3993 obpresserat
2288 3921 2584 3991 mundum,
2621 3922 2859 3978 inclusit
2891 3936 2950 3977 se
2978 3922 3122 3977 infra
3146 3923 3399 3984 Romam.
3427 3939 3526 3995 po-

1876 4010 2006 4066 sitis
2041 4009 2407 4077 custodibus,
2427 4011 2522 4080 qui
2540 4026 2609 4067 ex
2626 4011 2778 4065 omni
2804 4014 2970 4082 parte
2984 4009 3355 4067 custodirent
3375 4027 3519 4068 eam.

1876 4098 2045 4154 Gothi
2079 4114 2218 4154 vero
2248 4099 2442 4154 omnia
2466 4098 2607 4153 foris
2622 4098 3019 4161 devastantes,
3039 4113 3166 4153 cum
3187 4112 3285 4170 per
3314 4113 3523 4155 annum

1877 4188 2165 4255 integrum
2196 4185 2534 4242 obsiderent
2564 4186 2820 4248 Romam.
2854 4185 3114 4242 immisso
3131 4201 3307 4258 super
3335 4202 3393 4243 se
3410 4193 3527 4244 ter-

1876 4290 2030 4343 rore,
2065 4275 2337 4342 fugerunt
2368 4275 2720 4331 Ravennam.
2755 4276 2970 4330 lterum
3000 4274 3232 4345 Witigis
3272 4275 3523 4334 collecto

1874 4363 2136 4419 exercitu
2170 4362 2327 4420 venit
2358 4367 2560 4418 contra
2594 4360 2923 4419 Bilisarium
2956 4362 3011 4417 in
3058 4378 3325 4434 pugnam,
3371 4380 3525 4420 com-

1874 4450 2192 4522 missaque'
2228 4466 2442 4521 pugna,
2494 4449 2658 4507 multi
2702 4465 2774 4505 ex
2823 4454 2991 4521 parte
3038 4451 3266 4519 Witigis
3311 4456 3522 4510 mortui

1876 4546 2030 4609 sunt,
2050 4541 2355 4611 ipsumque
2372 4539 2684 4609 fugientem
2699 4538 2993 4594 Johannes
3008 4539 3229 4595 militiae
3246 4541 3526 4610 magister

1874 4629 2197 4685 insecutus.
2226 4627 2418 4684 vivum
2444 4626 2829 4699 apprehendit
2853 4628 3208 4700 Romamque
3232 4629 3302 4685 ad
3328 4628 3525 4686 Bilisa-

120 4736 292 4778 sexus
315 4719 692 4792 fragilitatem
708 4719 875 4776 Gothi
901 4718 1035 4776 dum
1053 4722 1422 4791 spernerent,
1443 4733 1641 4775 secum
1666 4719 1761 4774 de-
1794 4718 1843 4777 D
1877 4717 2021 4773 rium
2057 4716 2240 4781 duxit,
2288 4730 2457 4786 quem
2512 4715 2610 4771 ille
2685 4730 2882 4772 secum
2963 4716 3524 4788 Constantinopolim

120 4808 395 4881 liberans,
428 4809 554 4881 ipsa
583 4808 937 4866 Theodatum
960 4807 1371 4864 consobrinum
1418 4821 1585 4863 suum
1634 4823 1757 4877 ger-

123 4896 420 4953 manitatis
450 4894 638 4966 gratia
669 4894 1018 4953 accersitum
1041 4909 1069 4951 a
1104 4894 1330 4964 Tuscia,
1369 4894 1464 4950 ubi
1494 4893 1758 4965 privatus

124 4982 177 5037 in
208 4983 467 5056 propriis
498 4982 722 5040 laribus
751 4982 1006 5053 vivebat,
1039 4982 1095 5038 in
1127 4996 1307 5052 regno
1357 4982 1591 5038 locavit.
1651 4982 1757 5049 Qui

125 5072 630 5143 postaliquantum
663 5075 894 5143 tempus
938 5071 1264 5141 ,immemor
1288 5070 1762 5141 consanguinita-

122 5159 198 5216 tis
219 5166 276 5215 et
302 5160 588 5231 beneﬁcii,
617 5176 647 5216 a
672 5159 890 5232 palatio
910 5173 1034 5216 eam
1049 5159 1475 5216 abstractamin
1510 5159 1758 5216 insulam

119 5246 229 5305 laci
258 5246 484 5306 Vulsini
508 5248 808 5319 relegavit,
830 5247 927 5305 ubi
952 5247 1335 5319 paucissimos
1355 5247 1480 5303 dies
1499 5247 1554 5303 in
1577 5247 1761 5304 tristi-

122 5335 210 5393 cia
243 5335 484 5408 degens,
518 5339 587 5393 ab
618 5337 744 5407 ejus
768 5335 1074 5394 satellibus
1096 5336 1151 5393 in
1166 5335 1374 5393 balneo
1397 5336 1760 5407 strangulata

121 5428 229 5481 est.
263 5416 724 5490 Quod‘audiens
780 5426 1122 5497 imperator,
1172 5425 1508 5495 magna'ira
1556 5428 1757 5483 contra

117 5512 470 5587 Theodatum
502 5504 922 5573 accensus'est.
959 5514 1059 5586 (Η.
1108 5516 1204 5586 R.)
1250 5516 1518 5572 Sentiens
1564 5521 1759 5572 autem

119 5600 228 5659 hoc
253 5601 599 5676 Theodatus,
633 5605 866 5661 beatum
889 5604 1197 5680 Agapitum
1224 5619 1427 5678 papam
1455 5605 1666 5663 direxit
1689 5606 1760 5661 ad

1874 4807 2052 4862 vexit.
2072 4806 2252 4872 Quem
2270 4804 3248 4875 vidensJustinianus,gavisusest,
3312 4808 3369 4860 et
3411 4821 3521 4861 non

1874 4898 2005 4964 post
2039 4893 2281 4950 multum
2298 4893 2825 4964 tempusfeciteum
2846 4891 3409 4965 patricium,illeque
3446 4894 3523 4950 ibi

1873 4983 2005 5053 plus
2025 4998 2193 5053 quam
2213 4980 2507 5039 biennium
2529 4986 2806 5049 moratus,
2828 4982 3138 5038 defunctus
3161 4990 3268 5038 est.
3314 4981 3523 5055 Ocno.)

1873 5071 2047 5142 Cujus
2072 5085 2309 5127 uxorem
2337 5069 2798 5126 Mathesuindam
2823 5069 3145 5142 imperator
3168 5070 3325 5126 dedit
3360 5070 3524 5128 fratri

1872 5174 1978 5216 suo
2010 5161 2295 5216 Germano
2329 5158 2597 5230 patricio,
2644 5158 2716 5214 de
2769 5159 2983 5229 quibus
3035 5163 3208 5215 natus
3249 5164 3341 5215 est
3372 5159 3526 5216 illius

1872 5249 2100 5305 nomine
2130 5249 2473 5317 Germanus,
2501 5248 2556 5303 in
2583 5262 2716 5318 quo,
2754 5246 3065 5316 conjuncta
3092 5248 3274 5321 stirpe
3300 5250 3529 5305 Anicio-

1874 5354 1996 5393 rum
2029 5336 2613 5407 etAmalorum,spes
2634 5336 2942 5407 utriusque
2969 5335 3203 5407 generis
3233 5341 3295 5394 et
3330 5337 3525 5408 gentis

1872 5426 2063 5500 posita
2097 5425 2321 5489 est.(H.
2356 5426 2454 5498 R.)
2486 5426 2803 5495 Postquam
2828 5429 3023 5481 autem
3056 5425 3284 5498 Witigis
3317 5431 3526 5499 captus

1871 5522 1979 5585 est,
2014 5515 2180 5573 Gothi
2212 5514 2603 5587 Transpadani
2626 5512 3028 5571 Heldebadnm
3044 5514 3366 5585 sihi‘regcm
3391 5531 3524 5575 con-

1872 5606 2149 5677 stituunt,
2187 5604 2283 5676 qui
2315 5602 2516 5661 eodem
2539 5617 2688 5660 anno
2715 5601 3107 5675 interemptus
3129 5609 3243 5661 est.
3272 5605 3373 5663 Cui
3398 5620 3530 5663 suc-

1490 5719 1727 5777 VARIIE
1770 5722 2171 5777 LECTIONES.

196 5812 264 5848 ⁸⁸⁸
288 5813 523 5886 generis
548 5819 598 5871 5.
633 5814 781 5872 “te.
818 5815 871 5870 h.
906 5821 954 5870 5.
989 5815 1055 5851 ⁸⁸⁸
1084 5817 1172 5875 eis
1197 5820 1270 5873 9ο.
1295 5815 1363 5850 ⁸⁸⁸
1387 5817 1696 5875 όυωᾱθῐιιηι
1731 5821 1779 5872 5.
1814 5817 1883 5852 ⁸⁸⁵
1911 5819 2198 5875 venientis
2227 5825 2302 5875 9ο.
