  <div class='ocr_page' id='page_1' title='image "/cluster/home/n/w/nwhite01/storage/ocr_20150623/153-154/uc1.31175019678096/971.png"; bbox 0 0 3946 6426; ppageno 0'>
   <div class='ocr_carea' id='block_1_1' title="bbox 322 469 444 536">
    <p class='ocr_par' dir='ltr' id='par_1_1' title="bbox 322 469 444 536">
     <span class='ocr_line' id='line_1_1' title="bbox 322 469 444 536; baseline -0.008 0"><span class='ocrx_word' id='word_1_1' title='bbox 322 469 444 536; x_wconf 81' lang='grc'><strong>’759</strong></span> 
     </span>
    </p>
   </div>
   <div class='ocr_carea' id='block_1_2' title="bbox 1496 442 2554 522">
    <p class='ocr_par' dir='ltr' id='par_1_2' title="bbox 1496 442 2554 522">
     <span class='ocr_line' id='line_1_2' title="bbox 1496 442 2554 522; baseline -0.011 1"><span class='ocrx_word' id='word_1_2' title='bbox 1496 444 1982 522; x_wconf 84' lang='lat' dir='ltr'><strong>EKKEHARDI</strong></span> <span class='ocrx_word' id='word_1_3' title='bbox 2022 442 2554 511; x_wconf 82' lang='lat' dir='ltr'><strong>URAUGENSIS</strong></span> 
     </span>
    </p>
   </div>
   <div class='ocr_carea' id='block_1_3' title="bbox 3617 445 3757 513">
    <p class='ocr_par' dir='ltr' id='par_1_3' title="bbox 3617 445 3757 513">
     <span class='ocr_line' id='line_1_3' title="bbox 3617 445 3757 513; baseline 0 0"><span class='ocrx_word' id='word_1_4' title='bbox 3617 445 3757 513; x_wconf 81' lang='lat'><strong>760</strong></span> 
     </span>
    </p>
   </div>
   <div class='ocr_carea' id='block_1_4' title="bbox 328 575 2001 685">
    <p class='ocr_par' dir='ltr' id='par_1_4' title="bbox 328 588 1976 681">
     <span class='ocr_line' id='line_1_4' title="bbox 328 588 1976 681; baseline -0.014 -13"><span class='ocrx_word' id='word_1_5' title='bbox 328 606 677 668; x_wconf 69' lang='lat' dir='ltr'><strong>contrudere</strong></span> <span class='ocrx_word' id='word_1_6' title='bbox 707 623 722 677; x_wconf 91' lang='lat'><strong>;</strong></span> <span class='ocrx_word' id='word_1_7' title='bbox 755 605 872 680; x_wconf 70' lang='lat' dir='ltr'><strong>hic,</strong></span> <span class='ocrx_word' id='word_1_8' title='bbox 894 602 950 667; x_wconf 73' lang='lat' dir='ltr'><strong>si</strong></span> <span class='ocrx_word' id='word_1_9' title='bbox 968 602 1189 681; x_wconf 71' lang='lat' dir='ltr'><strong>placet,</strong></span> <span class='ocrx_word' id='word_1_10' title='bbox 1212 601 1432 675; x_wconf 70' lang='lat' dir='ltr'><strong>occide,</strong></span> <span class='ocrx_word' id='word_1_11' title='bbox 1460 600 1566 662; x_wconf 77' lang='lat' dir='ltr'><strong>hoc</strong></span> <span class='ocrx_word' id='word_1_12' title='bbox 1587 598 1707 661; x_wconf 86' lang='lat' dir='ltr'><strong>loco</strong></span> <span class='ocrx_word' id='word_1_13' title='bbox 1734 588 1976 655; x_wconf 74' lang='lat' dir='ltr'><strong>mortem</strong></span> 
     </span>
    </p>
   </div>
   <div class='ocr_carea' id='block_1_5' title="bbox 2125 575 3751 685">
    <p class='ocr_par' dir='ltr' id='par_1_5' title="bbox 2131 609 3751 681">
     <span class='ocr_line' id='line_1_5' title="bbox 2131 609 3751 681; baseline -0.001 -12"><span class='ocrx_word' id='word_1_14' title='bbox 2131 612 2358 670; x_wconf 91' lang='lat' dir='ltr'><strong>artibus</strong></span> <span class='ocrx_word' id='word_1_15' title='bbox 2387 626 2487 667; x_wconf 85' lang='lat' dir='ltr'><strong>sex</strong></span> <span class='ocrx_word' id='word_1_16' title='bbox 2510 609 2678 669; x_wconf 89' lang='lat' dir='ltr'><strong>annis</strong></span> <span class='ocrx_word' id='word_1_17' title='bbox 2709 610 2983 668; x_wconf 89' lang='lat' dir='ltr'><strong>Gratiano</strong></span> <span class='ocrx_word' id='word_1_18' title='bbox 3016 609 3249 668; x_wconf 78' lang='lat' dir='ltr'><strong>vivente</strong></span> <span class='ocrx_word' id='word_1_19' title='bbox 3276 612 3600 681; x_wconf 79' lang='lat' dir='ltr'><strong>regnasset,</strong></span> <span class='ocrx_word' id='word_1_20' title='bbox 3627 609 3751 667; x_wconf 85' lang='lat' dir='ltr'><strong>Va-</strong></span> 
     </span>
    </p>
   </div>
   <div class='ocr_carea' id='block_1_6' title="bbox 325 698 1222 774">
    <p class='ocr_par' dir='ltr' id='par_1_6' title="bbox 325 698 1222 774">
     <span class='ocr_line' id='line_1_6' title="bbox 325 698 1222 774; baseline -0.004 -17"><span class='ocrx_word' id='word_1_21' title='bbox 325 714 515 774; x_wconf 75' lang='lat' dir='ltr'><strong>prona</strong></span> <span class='ocrx_word' id='word_1_22' title='bbox 541 700 869 771; x_wconf 72' lang='lat' dir='ltr'><strong>suscipiam</strong></span> <span class='ocrx_word' id='word_1_23' title='bbox 897 698 1222 755; x_wconf 73' lang='lat' dir='ltr'><strong>voluntate.</strong></span> 
     </span>
    </p>
   </div>
   <div class='ocr_carea' id='block_1_7' title="bbox 400 783 1979 861">
    <p class='ocr_par' dir='ltr' id='par_1_7' title="bbox 400 783 1979 861">
     <span class='ocr_line' id='line_1_7' title="bbox 400 783 1979 861; baseline -0.008 -14"><span class='ocrx_word' id='word_1_24' title='bbox 400 791 477 847; x_wconf 89' lang='lat' dir='ltr'><strong>Ea</strong></span> <span class='ocrx_word' id='word_1_25' title='bbox 503 792 855 861; x_wconf 78' lang='lat' dir='ltr'><strong>tempestate</strong></span> <span class='ocrx_word' id='word_1_26' title='bbox 881 787 1182 856; x_wconf 85' lang='lat' dir='ltr'><strong>Maximus,</strong></span> <span class='ocrx_word' id='word_1_27' title='bbox 1207 784 1297 842; x_wconf 89' lang='lat' dir='ltr'><strong>vir</strong></span> <span class='ocrx_word' id='word_1_28' title='bbox 1328 784 1561 856; x_wconf 83' lang='lat' dir='ltr'><strong>quidem</strong></span> <span class='ocrx_word' id='word_1_29' title='bbox 1584 788 1861 840; x_wconf 79' lang='lat' dir='ltr'><strong>strenuus</strong></span> <span class='ocrx_word' id='word_1_30' title='bbox 1893 783 1979 836; x_wconf 90' lang='lat' dir='ltr'><strong>at-</strong></span> 
     </span>
    </p>
   </div>
   <div class='ocr_carea' id='block_1_8' title="bbox 334 872 1980 951">
    <p class='ocr_par' dir='ltr' id='par_1_8' title="bbox 334 872 1980 951">
     <span class='ocr_line' id='line_1_8' title="bbox 334 872 1980 951; baseline -0.007 -15"><span class='ocrx_word' id='word_1_31' title='bbox 334 893 445 951; x_wconf 91' lang='lat' dir='ltr'><strong>que</strong></span> <span class='ocrx_word' id='word_1_32' title='bbox 468 878 711 949; x_wconf 89' lang='lat' dir='ltr'><strong>imperio</strong></span> <span class='ocrx_word' id='word_1_33' title='bbox 742 877 970 947; x_wconf 81' lang='lat' dir='ltr'><strong>dignus,</strong></span> <span class='ocrx_word' id='word_1_34' title='bbox 995 876 1041 933; x_wconf 92' lang='lat' dir='ltr'><strong>si</strong></span> <span class='ocrx_word' id='word_1_35' title='bbox 1066 879 1269 932; x_wconf 90' lang='lat' dir='ltr'><strong>contra</strong></span> <span class='ocrx_word' id='word_1_36' title='bbox 1295 872 1647 931; x_wconf 88' lang='lat' dir='ltr'><strong>sacramenti</strong></span> <span class='ocrx_word' id='word_1_37' title='bbox 1672 872 1838 927; x_wconf 83' lang='lat' dir='ltr'><strong>fidem</strong></span> <span class='ocrx_word' id='word_1_38' title='bbox 1875 884 1980 942; x_wconf 91' lang='lat' dir='ltr'><strong>per</strong></span> 
     </span>
    </p>
   </div>
   <div class='ocr_carea' id='block_1_9' title="bbox 330 960 1979 1041">
    <p class='ocr_par' dir='ltr' id='par_1_9' title="bbox 330 960 1979 1041">
     <span class='ocr_line' id='line_1_9' title="bbox 330 960 1979 1041; baseline -0.005 -16"><span class='ocrx_word' id='word_1_39' title='bbox 330 967 699 1041; x_wconf 74' lang='lat' dir='ltr'><strong>tyrannidem</strong></span> <span class='ocrx_word' id='word_1_40' title='bbox 734 981 845 1022; x_wconf 91' lang='lat' dir='ltr'><strong>non</strong></span> <span class='ocrx_word' id='word_1_41' title='bbox 878 965 1242 1035; x_wconf 86' lang='lat' dir='ltr'><strong>emersisset,</strong></span> <span class='ocrx_word' id='word_1_42' title='bbox 1276 964 1496 1020; x_wconf 90' lang='lat' dir='ltr'><strong>invitus</strong></span> <span class='ocrx_word' id='word_1_43' title='bbox 1529 963 1601 1018; x_wconf 91' lang='lat' dir='ltr'><strong>ab</strong></span> <span class='ocrx_word' id='word_1_44' title='bbox 1632 960 1897 1018; x_wconf 88' lang='lat' dir='ltr'><strong>exercitu</strong></span> <span class='ocrx_word' id='word_1_45' title='bbox 1923 961 1979 1016; x_wconf 92' lang='lat' dir='ltr'><strong>in</strong></span> 
     </span>
    </p>
   </div>
   <div class='ocr_carea' id='block_1_10' title="bbox 333 1051 1982 1127">
    <p class='ocr_par' dir='ltr' id='par_1_10' title="bbox 333 1051 1982 1127">
     <span class='ocr_line' id='line_1_10' title="bbox 333 1051 1982 1127; baseline -0.004 -13"><span class='ocrx_word' id='word_1_46' title='bbox 333 1056 630 1114; x_wconf 88' lang='lat' dir='ltr'><strong>Britannia</strong></span> <span class='ocrx_word' id='word_1_47' title='bbox 670 1055 989 1127; x_wconf 85' lang='lat' dir='ltr'><strong>imperator</strong></span> <span class='ocrx_word' id='word_1_48' title='bbox 1021 1055 1210 1110; x_wconf 90' lang='lat' dir='ltr'><strong>factus</strong></span> <span class='ocrx_word' id='word_1_49' title='bbox 1241 1054 1295 1109; x_wconf 92' lang='lat' dir='ltr'><strong>in</strong></span> <span class='ocrx_word' id='word_1_50' title='bbox 1317 1052 1556 1109; x_wconf 88' lang='lat' dir='ltr'><strong>Galliam</strong></span> <span class='ocrx_word' id='word_1_51' title='bbox 1589 1051 1846 1121; x_wconf 85' lang='lat' dir='ltr'><strong>transiit,</strong></span> <span class='ocrx_word' id='word_1_52' title='bbox 1886 1064 1982 1107; x_wconf 83' lang='lat' dir='ltr'><strong>ex-</strong></span> 
     </span>
    </p>
   </div>
   <div class='ocr_carea' id='block_1_11' title="bbox 332 1141 1979 1220">
    <p class='ocr_par' dir='ltr' id='par_1_11' title="bbox 332 1141 1979 1220">
     <span class='ocr_line' id='line_1_11' title="bbox 332 1141 1979 1220; baseline -0.006 -16"><span class='ocrx_word' id='word_1_53' title='bbox 332 1150 661 1220; x_wconf 88' lang='lat' dir='ltr'><strong>ceptusque</strong></span> <span class='ocrx_word' id='word_1_54' title='bbox 691 1161 720 1202; x_wconf 91' lang='lat' dir='ltr'><strong>a</strong></span> <span class='ocrx_word' id='word_1_55' title='bbox 754 1144 1086 1215; x_wconf 76' lang='lat' dir='ltr'><strong>legionibus</strong></span> <span class='ocrx_word' id='word_1_56' title='bbox 1117 1143 1391 1199; x_wconf 91' lang='lat' dir='ltr'><strong>Gratiano</strong></span> <span class='ocrx_word' id='word_1_57' title='bbox 1423 1141 1686 1211; x_wconf 86' lang='lat' dir='ltr'><strong>infensis,</strong></span> <span class='ocrx_word' id='word_1_58' title='bbox 1710 1141 1979 1210; x_wconf 90' lang='lat' dir='ltr'><strong>eundem,</strong></span> 
     </span>
    </p>
   </div>
   <div class='ocr_carea' id='block_1_12' title="bbox 334 1230 1986 1305">
    <p class='ocr_par' dir='ltr' id='par_1_12' title="bbox 334 1230 1986 1305">
     <span class='ocr_line' id='line_1_12' title="bbox 334 1230 1986 1305; baseline -0.005 -10"><span class='ocrx_word' id='word_1_59' title='bbox 334 1237 528 1295; x_wconf 89' lang='lat' dir='ltr'><strong>subita</strong></span> <span class='ocrx_word' id='word_1_60' title='bbox 547 1234 879 1292; x_wconf 90' lang='lat' dir='ltr'><strong>incursione</strong></span> <span class='ocrx_word' id='word_1_61' title='bbox 896 1232 1276 1305; x_wconf 90' lang='lat' dir='ltr'><strong>perterritum</strong></span> <span class='ocrx_word' id='word_1_62' title='bbox 1292 1237 1466 1304; x_wconf 90' lang='lat' dir='ltr'><strong>atque</strong></span> <span class='ocrx_word' id='word_1_63' title='bbox 1482 1232 1536 1287; x_wconf 93' lang='lat' dir='ltr'><strong>in</strong></span> <span class='ocrx_word' id='word_1_64' title='bbox 1552 1230 1776 1288; x_wconf 82' lang='lat' dir='ltr'><strong>italiam</strong></span> <span class='ocrx_word' id='word_1_65' title='bbox 1793 1236 1986 1288; x_wconf 90' lang='lat' dir='ltr'><strong>trans-</strong></span> 
     </span>
    </p>
   </div>
   <div class='ocr_carea' id='block_1_13' title="bbox 332 1319 1986 1393">
    <p class='ocr_par' dir='ltr' id='par_1_13' title="bbox 332 1319 1986 1393">
     <span class='ocr_line' id='line_1_13' title="bbox 332 1319 1986 1393; baseline -0.003 -11"><span class='ocrx_word' id='word_1_66' title='bbox 332 1325 419 1382; x_wconf 90' lang='lat' dir='ltr'><strong>ire</strong></span> <span class='ocrx_word' id='word_1_67' title='bbox 442 1321 987 1393; x_wconf 87' lang='lat' dir='ltr'><strong>meditantem,dolo</strong></span> <span class='ocrx_word' id='word_1_68' title='bbox 1010 1320 1391 1379; x_wconf 85' lang='lat' dir='ltr'><strong>circumvenit</strong></span> <span class='ocrx_word' id='word_1_69' title='bbox 1423 1325 1483 1377; x_wconf 90' lang='lat' dir='ltr'><strong>et</strong></span> <span class='ocrx_word' id='word_1_70' title='bbox 1514 1320 1729 1377; x_wconf 90' lang='lat' dir='ltr'><strong>occidit</strong></span> <span class='ocrx_word' id='word_1_71' title='bbox 1762 1319 1986 1391; x_wconf 90' lang='lat' dir='ltr'><strong>Lugdu-</strong></span> 
     </span>
    </p>
   </div>
   <div class='ocr_carea' id='block_1_14' title="bbox 333 1411 1988 1487">
    <p class='ocr_par' dir='ltr' id='par_1_14' title="bbox 333 1411 1988 1487">
     <span class='ocr_line' id='line_1_14' title="bbox 333 1411 1988 1487; baseline -0.004 -14"><span class='ocrx_word' id='word_1_72' title='bbox 333 1415 799 1487; x_wconf 86' lang='lat' dir='ltr'><strong>uo,fratremque</strong></span> <span class='ocrx_word' id='word_1_73' title='bbox 814 1411 1566 1481; x_wconf 85' lang='lat' dir='ltr'><strong>ejusValentinianumcum</strong></span> <span class='ocrx_word' id='word_1_74' title='bbox 1596 1414 1780 1466; x_wconf 88' lang='lat' dir='ltr'><strong>matre</strong></span> <span class='ocrx_word' id='word_1_75' title='bbox 1809 1411 1988 1466; x_wconf 84' lang='lat' dir='ltr'><strong>Justi-</strong></span> 
     </span>
    </p>
   </div>
   <div class='ocr_carea' id='block_1_15' title="bbox 335 1499 1986 1576">
    <p class='ocr_par' dir='ltr' id='par_1_15' title="bbox 335 1499 1986 1576">
     <span class='ocr_line' id='line_1_15' title="bbox 335 1499 1986 1576; baseline -0.004 -15"><span class='ocrx_word' id='word_1_76' title='bbox 335 1519 407 1561; x_wconf 90' lang='lat' dir='ltr'><strong>na</strong></span> <span class='ocrx_word' id='word_1_77' title='bbox 427 1503 656 1576; x_wconf 86' lang='lat' dir='ltr'><strong>expulit</strong></span> <span class='ocrx_word' id='word_1_78' title='bbox 680 1502 752 1558; x_wconf 89' lang='lat' dir='ltr'><strong>ab</strong></span> <span class='ocrx_word' id='word_1_79' title='bbox 774 1500 958 1558; x_wconf 82' lang='lat' dir='ltr'><strong>italia.</strong></span> <span class='ocrx_word' id='word_1_80' title='bbox 988 1500 1207 1575; x_wconf 73' lang='lat' dir='ltr'><strong>(nam).</strong></span> <span class='ocrx_word' id='word_1_81' title='bbox 1237 1499 1343 1567; x_wconf 88' lang='lat' dir='ltr'><strong>Qui</strong></span> <span class='ocrx_word' id='word_1_82' title='bbox 1378 1506 1569 1557; x_wconf 89' lang='lat' dir='ltr'><strong>tamen</strong></span> <span class='ocrx_word' id='word_1_83' title='bbox 1598 1500 1986 1570; x_wconf 89' lang='lat' dir='ltr'><strong>justissimam</strong></span> 
     </span>
    </p>
   </div>
   <div class='ocr_carea' id='block_1_16' title="bbox 339 1589 1988 1663">
    <p class='ocr_par' dir='ltr' id='par_1_16' title="bbox 339 1589 1988 1663">
     <span class='ocr_line' id='line_1_16' title="bbox 339 1589 1988 1663; baseline -0.003 -12"><span class='ocrx_word' id='word_1_84' title='bbox 339 1607 468 1651; x_wconf 91' lang='lat' dir='ltr'><strong>cum</strong></span> <span class='ocrx_word' id='word_1_85' title='bbox 500 1596 686 1649; x_wconf 86' lang='lat' dir='ltr'><strong>matre</strong></span> <span class='ocrx_word' id='word_1_86' title='bbox 718 1605 824 1648; x_wconf 90' lang='lat' dir='ltr'><strong>sua</strong></span> <span class='ocrx_word' id='word_1_87' title='bbox 853 1590 963 1647; x_wconf 91' lang='lat' dir='ltr'><strong>luit</strong></span> <span class='ocrx_word' id='word_1_88' title='bbox 995 1604 1382 1663; x_wconf 74' lang='lat' dir='ltr'><strong>pcenam,qua3</strong></span> <span class='ocrx_word' id='word_1_89' title='bbox 1413 1595 1473 1646; x_wconf 92' lang='lat' dir='ltr'><strong>et</strong></span> <span class='ocrx_word' id='word_1_90' title='bbox 1514 1590 1702 1661; x_wconf 90' lang='lat' dir='ltr'><strong>ipsum</strong></span> <span class='ocrx_word' id='word_1_91' title='bbox 1745 1589 1988 1646; x_wconf 84' lang='lat' dir='ltr'><strong>Arriana</strong></span> 
     </span>
    </p>
   </div>
   <div class='ocr_carea' id='block_1_17' title="bbox 335 1678 1987 1754">
    <p class='ocr_par' dir='ltr' id='par_1_17' title="bbox 335 1678 1987 1754">
     <span class='ocr_line' id='line_1_17' title="bbox 335 1678 1987 1754; baseline -0.002 -16"><span class='ocrx_word' id='word_1_92' title='bbox 335 1681 527 1739; x_wconf 82' lang='lat' dir='ltr'><strong>heresi</strong></span> <span class='ocrx_word' id='word_1_93' title='bbox 577 1680 788 1754; x_wconf 90' lang='lat' dir='ltr'><strong>polluit</strong></span> <span class='ocrx_word' id='word_1_94' title='bbox 818 1685 876 1737; x_wconf 92' lang='lat' dir='ltr'><strong>et</strong></span> <span class='ocrx_word' id='word_1_95' title='bbox 926 1678 1449 1736; x_wconf 85' lang='lat' dir='ltr'><strong>eminentissimum</strong></span> <span class='ocrx_word' id='word_1_96' title='bbox 1499 1678 1804 1735; x_wconf 71' lang='lat' dir='ltr'><strong>catholicae</strong></span> <span class='ocrx_word' id='word_1_97' title='bbox 1854 1678 1987 1734; x_wconf 86' lang='lat' dir='ltr'><strong>fidei</strong></span> 
     </span>
    </p>
   </div>
   <div class='ocr_carea' id='block_1_18' title="bbox 337 1766 1990 1840">
    <p class='ocr_par' dir='ltr' id='par_1_18' title="bbox 337 1766 1990 1840">
     <span class='ocr_line' id='line_1_18' title="bbox 337 1766 1990 1840; baseline -0.002 -13"><span class='ocrx_word' id='word_1_98' title='bbox 337 1770 641 1827; x_wconf 88' lang='lat' dir='ltr'><strong>doctorem</strong></span> <span class='ocrx_word' id='word_1_99' title='bbox 668 1768 1037 1826; x_wconf 85' lang='lat' dir='ltr'><strong>Ambrosium</strong></span> <span class='ocrx_word' id='word_1_100' title='bbox 1071 1767 1413 1839; x_wconf 89' lang='lat' dir='ltr'><strong>episcopum</strong></span> <span class='ocrx_word' id='word_1_101' title='bbox 1441 1766 1659 1840; x_wconf 85' lang='lat' dir='ltr'><strong>perfida</strong></span> <span class='ocrx_word' id='word_1_102' title='bbox 1688 1767 1990 1825; x_wconf 84' lang='lat' dir='ltr'><strong>obsidione</strong></span> 
     </span>
    </p>
   </div>
   <div class='ocr_carea' id='block_1_19' title="bbox 336 1857 1993 1931">
    <p class='ocr_par' dir='ltr' id='par_1_19' title="bbox 336 1857 1993 1931">
     <span class='ocr_line' id='line_1_19' title="bbox 336 1857 1993 1931; baseline -0.002 -15"><span class='ocrx_word' id='word_1_103' title='bbox 336 1859 590 1916; x_wconf 87' lang='lat' dir='ltr'><strong>vexavit.</strong></span> <span class='ocrx_word' id='word_1_104' title='bbox 610 1860 829 1931; x_wconf 80' lang='lat' dir='ltr'><strong>(H,m.)</strong></span> <span class='ocrx_word' id='word_1_105' title='bbox 844 1857 1283 1915; x_wconf 88' lang='lat' dir='ltr'><strong>Valentinianus</strong></span> <span class='ocrx_word' id='word_1_106' title='bbox 1296 1862 1488 1913; x_wconf 90' lang='lat' dir='ltr'><strong>autem</strong></span> <span class='ocrx_word' id='word_1_107' title='bbox 1505 1857 1993 1927; x_wconf 87' lang='lat' dir='ltr'><strong>Constantinopo-</strong></span> 
     </span>
    </p>
   </div>
   <div class='ocr_carea' id='block_1_20' title="bbox 2088 699 3744 771">
    <p class='ocr_par' dir='ltr' id='par_1_20' title="bbox 2088 699 3744 771">
     <span class='ocr_line' id='line_1_20' title="bbox 2088 699 3744 771; baseline -0.002 -13"><span class='ocrx_word' id='word_1_108' title='bbox 2088 702 2469 760; x_wconf 89' lang='lat' dir='ltr'><strong>lentinianum</strong></span> <span class='ocrx_word' id='word_1_109' title='bbox 2485 705 2698 771; x_wconf 88' lang='lat' dir='ltr'><strong>tamen,</strong></span> <span class='ocrx_word' id='word_1_110' title='bbox 2718 702 2955 757; x_wconf 90' lang='lat' dir='ltr'><strong>fratrem</strong></span> <span class='ocrx_word' id='word_1_111' title='bbox 2976 700 3537 771; x_wconf 89' lang='lat' dir='ltr'><strong>Gratiani,quamdiu</strong></span> <span class='ocrx_word' id='word_1_112' title='bbox 3561 699 3744 765; x_wconf 84' lang='lat' dir='ltr'><strong>vixit,</strong></span> 
     </span>
    </p>
   </div>
   <div class='ocr_carea' id='block_1_21' title="bbox 2091 788 3750 863">
    <p class='ocr_par' dir='ltr' id='par_1_21' title="bbox 2091 788 3750 863">
     <span class='ocr_line' id='line_1_21' title="bbox 2091 788 3750 863; baseline -0.002 -15"><span class='ocrx_word' id='word_1_113' title='bbox 2091 807 2335 862; x_wconf 87' lang='lat' dir='ltr'><strong>regnare</strong></span> <span class='ocrx_word' id='word_1_114' title='bbox 2362 791 2622 863; x_wconf 89' lang='lat' dir='ltr'><strong>permisit</strong></span> <span class='ocrx_word' id='word_1_115' title='bbox 2651 808 2664 857; x_wconf 93' lang='lat'>;</span> <span class='ocrx_word' id='word_1_116' title='bbox 2697 791 2819 862; x_wconf 88' lang='lat' dir='ltr'><strong>ipse</strong></span> <span class='ocrx_word' id='word_1_117' title='bbox 2841 806 2981 846; x_wconf 90' lang='lat' dir='ltr'><strong>vero</strong></span> <span class='ocrx_word' id='word_1_118' title='bbox 3010 790 3221 846; x_wconf 87' lang='lat' dir='ltr'><strong>bellmn</strong></span> <span class='ocrx_word' id='word_1_119' title='bbox 3248 790 3528 847; x_wconf 91' lang='lat' dir='ltr'><strong>adversus</strong></span> <span class='ocrx_word' id='word_1_120' title='bbox 3558 788 3750 845; x_wconf 84' lang='lat' dir='ltr'><strong>Maxi-</strong></span> 
     </span>
    </p>
   </div>
   <div class='ocr_carea' id='block_1_22' title="bbox 2090 877 3741 951">
    <p class='ocr_par' dir='ltr' id='par_1_22' title="bbox 2090 877 3741 951">
     <span class='ocr_line' id='line_1_22' title="bbox 2090 877 3741 951; baseline -0.002 -15"><span class='ocrx_word' id='word_1_121' title='bbox 2090 896 2264 951; x_wconf 91' lang='lat' dir='ltr'><strong>mum,</strong></span> <span class='ocrx_word' id='word_1_122' title='bbox 2297 880 2393 951; x_wconf 89' lang='lat' dir='ltr'><strong>qui</strong></span> <span class='ocrx_word' id='word_1_123' title='bbox 2444 884 2583 936; x_wconf 91' lang='lat' dir='ltr'><strong>tunc</strong></span> <span class='ocrx_word' id='word_1_124' title='bbox 2637 878 2919 951; x_wconf 61' lang='lat' dir='ltr'><strong>Aquileiae</strong></span> <span class='ocrx_word' id='word_1_125' title='bbox 2966 877 3035 913; x_wconf 69' lang='grc'><strong>⁸⁸⁸</strong></span> <span class='ocrx_word' id='word_1_126' title='bbox 3083 877 3397 949; x_wconf 75' lang='lat' dir='ltr'><strong>insidebat,</strong></span> <span class='ocrx_word' id='word_1_127' title='bbox 3444 878 3741 950; x_wconf 83' lang='lat' dir='ltr'><strong>suscepit,</strong></span> 
     </span>
    </p>
   </div>
   <div class='ocr_carea' id='block_1_23' title="bbox 2090 967 3739 1041">
    <p class='ocr_par' dir='ltr' id='par_1_23' title="bbox 2090 967 3739 1041">
     <span class='ocr_line' id='line_1_23' title="bbox 2090 967 3739 1041; baseline -0.002 -16"><span class='ocrx_word' id='word_1_128' title='bbox 2090 970 2370 1041; x_wconf 88' lang='lat' dir='ltr'><strong>illumque</strong></span> <span class='ocrx_word' id='word_1_129' title='bbox 2395 984 2423 1025; x_wconf 90' lang='lat' dir='ltr'><strong>a</strong></span> <span class='ocrx_word' id='word_1_130' title='bbox 2446 968 2728 1025; x_wconf 88' lang='lat' dir='ltr'><strong>militibus</strong></span> <span class='ocrx_word' id='word_1_131' title='bbox 2752 968 3030 1040; x_wconf 90' lang='lat' dir='ltr'><strong>propriis,</strong></span> <span class='ocrx_word' id='word_1_132' title='bbox 3056 982 3186 1024; x_wconf 89' lang='lat' dir='ltr'><strong>cum</strong></span> <span class='ocrx_word' id='word_1_133' title='bbox 3219 967 3331 1024; x_wconf 89' lang='lat' dir='ltr'><strong>vim</strong></span> <span class='ocrx_word' id='word_1_134' title='bbox 3357 967 3739 1039; x_wconf 84' lang='lat' dir='ltr'><strong>imperatoris</strong></span> 
     </span>
    </p>
   </div>
   <div class='ocr_carea' id='block_1_24' title="bbox 2091 1056 3742 1130">
    <p class='ocr_par' dir='ltr' id='par_1_24' title="bbox 2091 1056 3742 1130">
     <span class='ocr_line' id='line_1_24' title="bbox 2091 1056 3742 1130; baseline -0.004 -14"><span class='ocrx_word' id='word_1_135' title='bbox 2091 1060 2382 1116; x_wconf 88' lang='lat' dir='ltr'><strong>sustinere</strong></span> <span class='ocrx_word' id='word_1_136' title='bbox 2408 1073 2519 1115; x_wconf 92' lang='lat' dir='ltr'><strong>non</strong></span> <span class='ocrx_word' id='word_1_137' title='bbox 2538 1061 2800 1130; x_wconf 83' lang='lat' dir='ltr'><strong>possent,</strong></span> <span class='ocrx_word' id='word_1_138' title='bbox 2819 1061 3054 1129; x_wconf 88' lang='lat' dir='ltr'><strong>captum</strong></span> <span class='ocrx_word' id='word_1_139' title='bbox 3069 1057 3425 1113; x_wconf 89' lang='lat' dir='ltr'><strong>actraditum</strong></span> <span class='ocrx_word' id='word_1_140' title='bbox 3450 1056 3695 1128; x_wconf 87' lang='lat' dir='ltr'><strong>peremit</strong></span> <span class='ocrx_word' id='word_1_141' title='bbox 3725 1074 3742 1121; x_wconf 93' lang='lat'>;</span> 
     </span>
    </p>
   </div>
   <div class='ocr_carea' id='block_1_25' title="bbox 2091 1145 3745 1219">
    <p class='ocr_par' dir='ltr' id='par_1_25' title="bbox 2091 1145 3745 1219">
     <span class='ocr_line' id='line_1_25' title="bbox 2091 1145 3745 1219; baseline -0.002 -15"><span class='ocrx_word' id='word_1_142' title='bbox 2091 1149 2386 1205; x_wconf 87' lang='lat' dir='ltr'><strong>Victorem</strong></span> <span class='ocrx_word' id='word_1_143' title='bbox 2420 1163 2649 1219; x_wconf 88' lang='lat' dir='ltr'><strong>quoque</strong></span> <span class='ocrx_word' id='word_1_144' title='bbox 2680 1146 2767 1215; x_wconf 65' lang='lat'><strong>9“,</strong></span> <span class='ocrx_word' id='word_1_145' title='bbox 2797 1146 2974 1203; x_wconf 87' lang='lat' dir='ltr'><strong>filium</strong></span> <span class='ocrx_word' id='word_1_146' title='bbox 2999 1146 3144 1217; x_wconf 89' lang='lat' dir='ltr'><strong>ejus,</strong></span> <span class='ocrx_word' id='word_1_147' title='bbox 3173 1161 3340 1217; x_wconf 89' lang='lat' dir='ltr'><strong>quem</strong></span> <span class='ocrx_word' id='word_1_148' title='bbox 3368 1151 3529 1218; x_wconf 89' lang='lat' dir='ltr'><strong>pater</strong></span> <span class='ocrx_word' id='word_1_149' title='bbox 3553 1145 3745 1201; x_wconf 89' lang='lat' dir='ltr'><strong>Gallis</strong></span> 
     </span>
    </p>
   </div>
   <div class='ocr_carea' id='block_1_26' title="bbox 2093 1235 3741 1308">
    <p class='ocr_par' dir='ltr' id='par_1_26' title="bbox 2093 1235 3741 1308">
     <span class='ocr_line' id='line_1_26' title="bbox 2093 1235 3741 1308; baseline -0.002 -14"><span class='ocrx_word' id='word_1_150' title='bbox 2093 1237 2804 1294; x_wconf 67' lang='lat' dir='ltr'><strong>adhucintetateinfantili</strong></span> <span class='ocrx_word' id='word_1_151' title='bbox 2831 1238 3178 1308; x_wconf 86' lang='lat' dir='ltr'><strong>profecerat,</strong></span> <span class='ocrx_word' id='word_1_152' title='bbox 3196 1235 3462 1291; x_wconf 82' lang='lat' dir='ltr'><strong>extinxit.</strong></span> <span class='ocrx_word' id='word_1_153' title='bbox 3489 1237 3741 1292; x_wconf 88' lang='lat' dir='ltr'><strong>Peracta</strong></span> 
     </span>
    </p>
   </div>
   <div class='ocr_carea' id='block_1_27' title="bbox 2092 1324 3744 1396">
    <p class='ocr_par' dir='ltr' id='par_1_27' title="bbox 2092 1324 3744 1396">
     <span class='ocr_line' id='line_1_27' title="bbox 2092 1324 3744 1396; baseline -0.002 -13"><span class='ocrx_word' id='word_1_154' title='bbox 2092 1326 2729 1396; x_wconf 88' lang='lat' dir='ltr'><strong>victoria,Theodosius</strong></span> <span class='ocrx_word' id='word_1_155' title='bbox 2750 1341 2878 1382; x_wconf 91' lang='lat' dir='ltr'><strong>cum</strong></span> <span class='ocrx_word' id='word_1_156' title='bbox 2893 1324 3291 1383; x_wconf 83' lang='lat' dir='ltr'><strong>Valentiniano</strong></span> <span class='ocrx_word' id='word_1_157' title='bbox 3306 1324 3460 1382; x_wconf 87' lang='lat' dir='ltr'><strong>venit</strong></span> <span class='ocrx_word' id='word_1_158' title='bbox 3474 1325 3744 1393; x_wconf 82' lang='lat' dir='ltr'><strong>Romam,</strong></span> 
     </span>
    </p>
   </div>
   <div class='ocr_carea' id='block_1_28' title="bbox 2094 1412 3748 1488">
    <p class='ocr_par' dir='ltr' id='par_1_28' title="bbox 2094 1412 3748 1488">
     <span class='ocr_line' id='line_1_28' title="bbox 2094 1412 3748 1488; baseline -0.001 -17"><span class='ocrx_word' id='word_1_159' title='bbox 2094 1421 2340 1488; x_wconf 86' lang='lat' dir='ltr'><strong>eratque</strong></span> <span class='ocrx_word' id='word_1_160' title='bbox 2372 1432 2500 1473; x_wconf 92' lang='lat' dir='ltr'><strong>cum</strong></span> <span class='ocrx_word' id='word_1_161' title='bbox 2534 1416 2618 1473; x_wconf 89' lang='lat' dir='ltr'><strong>eis</strong></span> <span class='ocrx_word' id='word_1_162' title='bbox 2644 1414 2868 1487; x_wconf 91' lang='lat' dir='ltr'><strong>pariter</strong></span> <span class='ocrx_word' id='word_1_163' title='bbox 2917 1419 2976 1471; x_wconf 90' lang='lat' dir='ltr'><strong>et</strong></span> <span class='ocrx_word' id='word_1_164' title='bbox 3026 1415 3312 1472; x_wconf 86' lang='lat' dir='ltr'><strong>Honorius</strong></span> <span class='ocrx_word' id='word_1_165' title='bbox 3359 1412 3520 1470; x_wconf 87' lang='lat' dir='ltr'><strong>valde</strong></span> <span class='ocrx_word' id='word_1_166' title='bbox 3569 1428 3748 1486; x_wconf 84' lang='lat' dir='ltr'><strong>puer,</strong></span> 
     </span>
    </p>
   </div>
   <div class='ocr_carea' id='block_1_29' title="bbox 2098 1504 3751 1577">
    <p class='ocr_par' dir='ltr' id='par_1_29' title="bbox 2098 1504 3751 1577">
     <span class='ocr_line' id='line_1_29' title="bbox 2098 1504 3751 1577; baseline -0.002 -15"><span class='ocrx_word' id='word_1_167' title='bbox 2098 1522 2266 1577; x_wconf 90' lang='lat' dir='ltr'><strong>quem</strong></span> <span class='ocrx_word' id='word_1_168' title='bbox 2291 1511 2458 1577; x_wconf 90' lang='lat' dir='ltr'><strong>pater</strong></span> <span class='ocrx_word' id='word_1_169' title='bbox 2484 1511 2618 1577; x_wconf 91' lang='lat' dir='ltr'><strong>post</strong></span> <span class='ocrx_word' id='word_1_170' title='bbox 2642 1510 2828 1563; x_wconf 90' lang='lat' dir='ltr'><strong>actam</strong></span> <span class='ocrx_word' id='word_1_171' title='bbox 2852 1504 3157 1561; x_wconf 81' lang='lat' dir='ltr'><strong>victoriam</strong></span> <span class='ocrx_word' id='word_1_172' title='bbox 3184 1520 3212 1560; x_wconf 92' lang='lat' dir='ltr'><strong>a</strong></span> <span class='ocrx_word' id='word_1_173' title='bbox 3239 1504 3751 1575; x_wconf 88' lang='lat' dir='ltr'><strong>Constantinopoli</strong></span> 
     </span>
    </p>
   </div>
   <div class='ocr_carea' id='block_1_30' title="bbox 2097 1591 3759 1665">
    <p class='ocr_par' dir='ltr' id='par_1_30' title="bbox 2097 1591 3759 1665">
     <span class='ocr_line' id='line_1_30' title="bbox 2097 1591 3759 1665; baseline -0.003 -13"><span class='ocrx_word' id='word_1_174' title='bbox 2097 1598 2463 1652; x_wconf 85' lang='lat' dir='ltr'><strong>evocaverat.</strong></span> <span class='ocrx_word' id='word_1_175' title='bbox 2490 1595 2846 1651; x_wconf 83' lang='lat' dir='ltr'><strong>Theodosius</strong></span> <span class='ocrx_word' id='word_1_176' title='bbox 2874 1594 3051 1663; x_wconf 84' lang='lat' dir='ltr'><strong>igitur</strong></span> <span class='ocrx_word' id='word_1_177' title='bbox 3081 1595 3295 1663; x_wconf 64' lang='lat' dir='ltr'><strong>Roma),</strong></span> <span class='ocrx_word' id='word_1_178' title='bbox 3316 1593 3556 1665; x_wconf 88' lang='lat' dir='ltr'><strong>positus,</strong></span> <span class='ocrx_word' id='word_1_179' title='bbox 3600 1591 3759 1649; x_wconf 79' lang='lat' dir='ltr'><strong>mul-</strong></span> 
     </span>
    </p>
   </div>
   <div class='ocr_carea' id='block_1_31' title="bbox 2097 1681 3757 1757">
    <p class='ocr_par' dir='ltr' id='par_1_31' title="bbox 2097 1681 3757 1757">
     <span class='ocr_line' id='line_1_31' title="bbox 2097 1681 3757 1757; baseline -0.002 -17"><span class='ocrx_word' id='word_1_180' title='bbox 2097 1688 2221 1743; x_wconf 91' lang='lat' dir='ltr'><strong>tum</strong></span> <span class='ocrx_word' id='word_1_181' title='bbox 2239 1684 2635 1757; x_wconf 91' lang='lat' dir='ltr'><strong>profuitUrbi,</strong></span> <span class='ocrx_word' id='word_1_182' title='bbox 2656 1684 2763 1739; x_wconf 89' lang='lat' dir='ltr'><strong>alia</strong></span> <span class='ocrx_word' id='word_1_183' title='bbox 2786 1682 3100 1755; x_wconf 90' lang='lat' dir='ltr'><strong>prehendo,</strong></span> <span class='ocrx_word' id='word_1_184' title='bbox 3118 1682 3227 1739; x_wconf 91' lang='lat' dir='ltr'><strong>alia</strong></span> <span class='ocrx_word' id='word_1_185' title='bbox 3253 1681 3583 1740; x_wconf 88' lang='lat' dir='ltr'><strong>auferendo.</strong></span> <span class='ocrx_word' id='word_1_186' title='bbox 3605 1683 3757 1739; x_wconf 90' lang='lat' dir='ltr'><strong>Post</strong></span> 
     </span>
    </p>
   </div>
   <div class='ocr_carea' id='block_1_32' title="bbox 2102 1771 3755 1843">
    <p class='ocr_par' dir='ltr' id='par_1_32' title="bbox 2102 1771 3755 1843">
     <span class='ocr_line' id='line_1_32' title="bbox 2102 1771 3755 1843; baseline -0.002 -13"><span class='ocrx_word' id='word_1_187' title='bbox 2102 1774 2225 1830; x_wconf 71' lang='lat' dir='ltr'><strong>hzec</strong></span> <span class='ocrx_word' id='word_1_188' title='bbox 2261 1774 2472 1830; x_wconf 89' lang='lat' dir='ltr'><strong>relicto</strong></span> <span class='ocrx_word' id='word_1_189' title='bbox 2506 1772 2907 1829; x_wconf 86' lang='lat' dir='ltr'><strong>Valentiniano</strong></span> <span class='ocrx_word' id='word_1_190' title='bbox 2939 1774 3153 1829; x_wconf 64' lang='lat' dir='ltr'><strong>Roma).</strong></span> <span class='ocrx_word' id='word_1_191' title='bbox 3190 1772 3314 1843; x_wconf 90' lang='lat' dir='ltr'><strong>ipse</strong></span> <span class='ocrx_word' id='word_1_192' title='bbox 3330 1787 3459 1829; x_wconf 90' lang='lat' dir='ltr'><strong>cum</strong></span> <span class='ocrx_word' id='word_1_193' title='bbox 3491 1771 3755 1827; x_wconf 83' lang='lat' dir='ltr'><strong>Honorio</strong></span> 
     </span>
    </p>
   </div>
   <div class='ocr_carea' id='block_1_33' title="bbox 2105 1861 3757 1935">
    <p class='ocr_par' dir='ltr' id='par_1_33' title="bbox 2105 1861 3757 1935">
     <span class='ocr_line' id='line_1_33' title="bbox 2105 1861 3757 1935; baseline -0.002 -16"><span class='ocrx_word' id='word_1_194' title='bbox 2105 1861 2674 1935; x_wconf 86' lang='lat' dir='ltr'><strong>Constantinopolim</strong></span> <span class='ocrx_word' id='word_1_195' title='bbox 2701 1861 2978 1917; x_wconf 87' lang='lat' dir='ltr'><strong>remeavit</strong></span> <span class='ocrx_word' id='word_1_196' title='bbox 3002 1861 3441 1918; x_wconf 87' lang='lat' dir='ltr'><strong>Valentinianus</strong></span> <span class='ocrx_word' id='word_1_197' title='bbox 3456 1875 3591 1917; x_wconf 85' lang='lat' dir='ltr'><strong>vero</strong></span> <span class='ocrx_word' id='word_1_198' title='bbox 3615 1875 3757 1917; x_wconf 89' lang='lat' dir='ltr'><strong>cum</strong></span> 
     </span>
    </p>
   </div>
   <div class='ocr_carea' id='block_1_34' title="bbox 340 1943 3752 2022">
    <p class='ocr_par' dir='ltr' id='par_1_34' title="bbox 340 1943 3752 2022">
     <span class='ocr_line' id='line_1_34' title="bbox 340 1943 3752 2022; baseline 0.001 -18"><span class='ocrx_word' id='word_1_199' title='bbox 340 1947 437 2004; x_wconf 92' lang='lat' dir='ltr'><strong>lim</strong></span> <span class='ocrx_word' id='word_1_200' title='bbox 469 1948 733 2018; x_wconf 90' lang='lat' dir='ltr'><strong>veniens,</strong></span> <span class='ocrx_word' id='word_1_201' title='bbox 766 1962 797 2004; x_wconf 93' lang='lat' dir='ltr'><strong>a</strong></span> <span class='ocrx_word' id='word_1_202' title='bbox 829 1947 1156 2004; x_wconf 91' lang='lat' dir='ltr'><strong>Theodosio</strong></span> <span class='ocrx_word' id='word_1_203' title='bbox 1189 1952 1430 2019; x_wconf 89' lang='lat' dir='ltr'><strong>paterna</strong></span> <span class='ocrx_word' id='word_1_204' title='bbox 1463 1946 1683 2019; x_wconf 85' lang='lat' dir='ltr'><strong>pietate</strong></span> <span class='ocrx_word' id='word_1_205' title='bbox 1723 1950 1813 2003; x_wconf 91' lang='lat' dir='ltr'><strong>est</strong></span> <span class='ocrx_word' id='word_1_206' title='bbox 1867 1962 1994 2003; x_wconf 89' lang='lat' dir='ltr'><strong>sus-</strong></span> <span class='ocrx_word' id='word_1_207' title='bbox 2021 1943 2076 2006; x_wconf 88' lang='grc' dir='ltr'>Β</span> <span class='ocrx_word' id='word_1_208' title='bbox 2104 1952 2385 2009; x_wconf 89' lang='lat' dir='ltr'><strong>transiret</strong></span> <span class='ocrx_word' id='word_1_209' title='bbox 2414 1952 2467 2007; x_wconf 92' lang='lat' dir='ltr'><strong>in</strong></span> <span class='ocrx_word' id='word_1_210' title='bbox 2502 1951 2743 2008; x_wconf 88' lang='lat' dir='ltr'><strong>Galliam</strong></span> <span class='ocrx_word' id='word_1_211' title='bbox 2778 1966 2949 2007; x_wconf 89' lang='lat' dir='ltr'><strong>causa</strong></span> <span class='ocrx_word' id='word_1_212' title='bbox 2981 1950 3316 2006; x_wconf 73' lang='lat' dir='ltr'><strong>ordinandze</strong></span> <span class='ocrx_word' id='word_1_213' title='bbox 3350 1950 3430 2007; x_wconf 90' lang='lat' dir='ltr'><strong>rei</strong></span> <span class='ocrx_word' id='word_1_214' title='bbox 3474 1949 3752 2022; x_wconf 77' lang='lat' dir='ltr'><strong>publicae,</strong></span> 
     </span>
    </p>
   </div>
   <div class='ocr_carea' id='block_1_35' title="bbox 338 2035 1995 2111">
    <p class='ocr_par' dir='ltr' id='par_1_35' title="bbox 338 2035 1995 2111">
     <span class='ocr_line' id='line_1_35' title="bbox 338 2035 1995 2111; baseline -0.002 -16"><span class='ocrx_word' id='word_1_215' title='bbox 338 2043 570 2111; x_wconf 88' lang='lat' dir='ltr'><strong>ceptus,</strong></span> <span class='ocrx_word' id='word_1_216' title='bbox 595 2042 652 2093; x_wconf 87' lang='lat' dir='ltr'><strong>et</strong></span> <span class='ocrx_word' id='word_1_217' title='bbox 694 2036 941 2110; x_wconf 88' lang='lat' dir='ltr'><strong>imperio</strong></span> <span class='ocrx_word' id='word_1_218' title='bbox 965 2040 1056 2093; x_wconf 91' lang='lat' dir='ltr'><strong>est</strong></span> <span class='ocrx_word' id='word_1_219' title='bbox 1088 2036 1445 2102; x_wconf 90' lang='lat' dir='ltr'><strong>restitutus;</strong></span> <span class='ocrx_word' id='word_1_220' title='bbox 1489 2036 1591 2092; x_wconf 91' lang='lat' dir='ltr'><strong>sed</strong></span> <span class='ocrx_word' id='word_1_221' title='bbox 1616 2036 1688 2092; x_wconf 90' lang='lat' dir='ltr'><strong>ab</strong></span> <span class='ocrx_word' id='word_1_222' title='bbox 1736 2035 1995 2106; x_wconf 88' lang='lat' dir='ltr'><strong>Eugenio</strong></span> 
     </span>
    </p>
   </div>
   <div class='ocr_carea' id='block_1_36' title="bbox 340 2124 1994 2199">
    <p class='ocr_par' dir='ltr' id='par_1_36' title="bbox 340 2124 1994 2199">
     <span class='ocr_line' id='line_1_36' title="bbox 340 2124 1994 2199; baseline -0.002 -15"><span class='ocrx_word' id='word_1_223' title='bbox 340 2127 612 2199; x_wconf 88' lang='lat' dir='ltr'><strong>quodam,</strong></span> <span class='ocrx_word' id='word_1_224' title='bbox 632 2127 799 2199; x_wconf 89' lang='lat' dir='ltr'><strong>prius</strong></span> <span class='ocrx_word' id='word_1_225' title='bbox 817 2125 1221 2197; x_wconf 90' lang='lat' dir='ltr'><strong>grammatico,</strong></span> <span class='ocrx_word' id='word_1_226' title='bbox 1246 2129 1391 2182; x_wconf 92' lang='lat' dir='ltr'><strong>tunc</strong></span> <span class='ocrx_word' id='word_1_227' title='bbox 1418 2129 1609 2181; x_wconf 88' lang='lat' dir='ltr'><strong>autem</strong></span> <span class='ocrx_word' id='word_1_228' title='bbox 1640 2124 1913 2180; x_wconf 90' lang='lat' dir='ltr'><strong>militanti</strong></span> <span class='ocrx_word' id='word_1_229' title='bbox 1937 2125 1994 2181; x_wconf 92' lang='lat' dir='ltr'><strong>in</strong></span> 
     </span>
    </p>
   </div>
   <div class='ocr_carea' id='block_1_37' title="bbox 340 2214 1997 2290">
    <p class='ocr_par' dir='ltr' id='par_1_37' title="bbox 340 2214 1997 2290">
     <span class='ocr_line' id='line_1_37' title="bbox 340 2214 1997 2290; baseline -0.001 -18"><span class='ocrx_word' id='word_1_230' title='bbox 340 2216 732 2290; x_wconf 90' lang='lat' dir='ltr'><strong>palatio,etab</strong></span> <span class='ocrx_word' id='word_1_231' title='bbox 749 2216 1075 2286; x_wconf 82' lang='lat' dir='ltr'><strong>Arbogasto</strong></span> <span class='ocrx_word' id='word_1_232' title='bbox 1091 2215 1341 2286; x_wconf 88' lang='lat' dir='ltr'><strong>quodam</strong></span> <span class='ocrx_word' id='word_1_233' title='bbox 1358 2214 1687 2271; x_wconf 91' lang='lat' dir='ltr'><strong>facinoroso</strong></span> <span class='ocrx_word' id='word_1_234' title='bbox 1701 2214 1997 2287; x_wconf 90' lang='lat' dir='ltr'><strong>corruptis</strong></span> 
     </span>
    </p>
   </div>
   <div class='ocr_carea' id='block_1_38' title="bbox 339 2302 1995 2374">
    <p class='ocr_par' dir='ltr' id='par_1_38' title="bbox 339 2302 1995 2374">
     <span class='ocr_line' id='line_1_38' title="bbox 339 2302 1995 2374; baseline -0.002 -12"><span class='ocrx_word' id='word_1_235' title='bbox 339 2303 719 2362; x_wconf 89' lang='lat' dir='ltr'><strong>cubiculariis</strong></span> <span class='ocrx_word' id='word_1_236' title='bbox 744 2305 838 2373; x_wconf 92' lang='lat' dir='ltr'><strong>,ab</strong></span> <span class='ocrx_word' id='word_1_237' title='bbox 862 2304 1082 2361; x_wconf 90' lang='lat' dir='ltr'><strong>eisdem</strong></span> <span class='ocrx_word' id='word_1_238' title='bbox 1107 2303 1405 2359; x_wconf 90' lang='lat' dir='ltr'><strong>dormiens</strong></span> <span class='ocrx_word' id='word_1_239' title='bbox 1438 2302 1842 2374; x_wconf 84' lang='lat' dir='ltr'><strong>strangulatus</strong></span> <span class='ocrx_word' id='word_1_240' title='bbox 1880 2308 1995 2374; x_wconf 92' lang='lat' dir='ltr'><strong>est,</strong></span> 
     </span>
    </p>
   </div>
   <div class='ocr_carea' id='block_1_39' title="bbox 339 2391 2000 2465">
    <p class='ocr_par' dir='ltr' id='par_1_39' title="bbox 339 2391 2000 2465">
     <span class='ocr_line' id='line_1_39' title="bbox 339 2391 2000 2465; baseline 0 -15"><span class='ocrx_word' id='word_1_241' title='bbox 339 2396 514 2465; x_wconf 87' lang='lat' dir='ltr'><strong>atque</strong></span> <span class='ocrx_word' id='word_1_242' title='bbox 572 2396 637 2451; x_wconf 89' lang='lat' dir='ltr'><strong>ut</strong></span> <span class='ocrx_word' id='word_1_243' title='bbox 695 2392 1085 2451; x_wconf 89' lang='lat' dir='ltr'><strong>voluntariam</strong></span> <span class='ocrx_word' id='word_1_244' title='bbox 1148 2391 1260 2448; x_wconf 89' lang='lat' dir='ltr'><strong>sibi</strong></span> <span class='ocrx_word' id='word_1_245' title='bbox 1327 2395 1577 2449; x_wconf 91' lang='lat' dir='ltr'><strong>mortem</strong></span> <span class='ocrx_word' id='word_1_246' title='bbox 1635 2391 2000 2450; x_wconf 85' lang='lat' dir='ltr'><strong>conscivisse</strong></span> 
     </span>
    </p>
   </div>
   <div class='ocr_carea' id='block_1_40' title="bbox 344 2481 1418 2555">
    <p class='ocr_par' dir='ltr' id='par_1_40' title="bbox 344 2481 1418 2555">
     <span class='ocr_line' id='line_1_40' title="bbox 344 2481 1418 2555; baseline -0.001 -18"><span class='ocrx_word' id='word_1_247' title='bbox 344 2485 676 2554; x_wconf 88' lang='lat' dir='ltr'><strong>putaretur,</strong></span> <span class='ocrx_word' id='word_1_248' title='bbox 708 2481 917 2555; x_wconf 92' lang='lat' dir='ltr'><strong>laqueo</strong></span> <span class='ocrx_word' id='word_1_249' title='bbox 949 2495 1274 2555; x_wconf 87' lang='lat' dir='ltr'><strong>suspensus</strong></span> <span class='ocrx_word' id='word_1_250' title='bbox 1310 2485 1418 2538; x_wconf 92' lang='lat' dir='ltr'><strong>est.</strong></span> 
     </span>
    </p>
   </div>
   <div class='ocr_carea' id='block_1_41' title="bbox 414 2604 2002 2677">
    <p class='ocr_par' dir='ltr' id='par_1_41' title="bbox 414 2604 2002 2677">
     <span class='ocr_line' id='line_1_41' title="bbox 414 2604 2002 2677; baseline 0.001 -17"><span class='ocrx_word' id='word_1_251' title='bbox 414 2608 466 2661; x_wconf 80' lang='lat'><strong>2.</strong></span> <span class='ocrx_word' id='word_1_252' title='bbox 504 2604 673 2676; x_wconf 78' lang='lat' dir='ltr'><strong>(0hr.</strong></span> <span class='ocrx_word' id='word_1_253' title='bbox 718 2606 828 2677; x_wconf 90' lang='lat' dir='ltr'><strong>W.)</strong></span> <span class='ocrx_word' id='word_1_254' title='bbox 863 2607 1027 2663; x_wconf 82' lang='lat' dir='ltr'><strong>Anno</strong></span> <span class='ocrx_word' id='word_1_255' title='bbox 1061 2604 1369 2662; x_wconf 63' lang='lat' dir='ltr'><strong>dominica)</strong></span> <span class='ocrx_word' id='word_1_256' title='bbox 1405 2604 1828 2663; x_wconf 90' lang='lat' dir='ltr'><strong>incarnationis</strong></span> <span class='ocrx_word' id='word_1_257' title='bbox 1849 2607 2002 2672; x_wconf 88' lang='lat'><strong>383°,</strong></span> 
     </span>
    </p>
   </div>
   <div class='ocr_carea' id='block_1_42' title="bbox 360 2692 2011 2766">
    <p class='ocr_par' dir='ltr' id='par_1_42' title="bbox 360 2692 2011 2766">
     <span class='ocr_line' id='line_1_42' title="bbox 360 2692 2011 2766; baseline 0.001 -16"><span class='ocrx_word' id='word_1_258' title='bbox 360 2693 459 2764; x_wconf 91' lang='lat' dir='ltr'><strong>qui</strong></span> <span class='ocrx_word' id='word_1_259' title='bbox 482 2698 577 2751; x_wconf 91' lang='lat' dir='ltr'><strong>est</strong></span> <span class='ocrx_word' id='word_1_260' title='bbox 595 2694 854 2752; x_wconf 89' lang='lat' dir='ltr'><strong>Gratiani</strong></span> <span class='ocrx_word' id='word_1_261' title='bbox 879 2693 1194 2764; x_wconf 90' lang='lat' dir='ltr'><strong>secundus,</strong></span> <span class='ocrx_word' id='word_1_262' title='bbox 1209 2692 1563 2766; x_wconf 89' lang='lat' dir='ltr'><strong>Theophilus</strong></span> <span class='ocrx_word' id='word_1_263' title='bbox 1577 2695 1599 2717; x_wconf 75' lang='grc'><strong><em>⁶</em></strong></span> <span class='ocrx_word' id='word_1_264' title='bbox 1616 2693 1885 2766; x_wconf 89' lang='lat' dir='ltr'><strong>pascales</strong></span> <span class='ocrx_word' id='word_1_265' title='bbox 1905 2694 2011 2751; x_wconf 87' lang='lat' dir='ltr'><strong>cir-</strong></span> 
     </span>
    </p>
   </div>
   <div class='ocr_carea' id='block_1_43' title="bbox 344 2780 881 2840">
    <p class='ocr_par' dir='ltr' id='par_1_43' title="bbox 344 2780 881 2840">
     <span class='ocr_line' id='line_1_43' title="bbox 344 2780 881 2840; baseline 0.002 -2"><span class='ocrx_word' id='word_1_266' title='bbox 344 2780 514 2840; x_wconf 88' lang='lat' dir='ltr'><strong>culos</strong></span> <span class='ocrx_word' id='word_1_267' title='bbox 545 2782 841 2840; x_wconf 89' lang='lat' dir='ltr'><strong>inchoavit</strong></span> <span class='ocrx_word' id='word_1_268' title='bbox 869 2800 881 2839; x_wconf 94' lang='lat'><strong>:</strong></span> 
     </span>
    </p>
   </div>
   <div class='ocr_carea' id='block_1_44' title="bbox 491 2904 2005 2978">
    <p class='ocr_par' dir='ltr' id='par_1_44' title="bbox 491 2904 2005 2978">
     <span class='ocr_line' id='line_1_44' title="bbox 491 2904 2005 2978; baseline 0.001 -18"><span class='ocrx_word' id='word_1_269' title='bbox 491 2906 741 2978; x_wconf 85' lang='lat' dir='ltr'><strong>Sanctus</strong></span> <span class='ocrx_word' id='word_1_270' title='bbox 772 2904 1025 2963; x_wconf 88' lang='lat' dir='ltr'><strong>Basilius</strong></span> <span class='ocrx_word' id='word_1_271' title='bbox 1060 2905 1439 2978; x_wconf 66' lang='lat' dir='ltr'><strong>Ctesariensis</strong></span> <span class='ocrx_word' id='word_1_272' title='bbox 1477 2906 1792 2978; x_wconf 88' lang='lat' dir='ltr'><strong>episcopus</strong></span> <span class='ocrx_word' id='word_1_273' title='bbox 1839 2907 2005 2964; x_wconf 89' lang='lat' dir='ltr'><strong>obiit.</strong></span> 
     </span>
    </p>
   </div>
   <div class='ocr_carea' id='block_1_45' title="bbox 492 2976 1301 3047">
    <p class='ocr_par' dir='ltr' id='par_1_45' title="bbox 492 2976 1301 3047">
     <span class='ocr_line' id='line_1_45' title="bbox 492 2976 1301 3047; baseline 0.001 -16"><span class='ocrx_word' id='word_1_274' title='bbox 492 2977 578 3031; x_wconf 86' lang='lat' dir='ltr'><strong>D?</strong></span> <span class='ocrx_word' id='word_1_275' title='bbox 609 2978 669 3033; x_wconf 90' lang='lat' dir='ltr'><strong>E.</strong></span> <span class='ocrx_word' id='word_1_276' title='bbox 707 2980 740 3032; x_wconf 78' lang='grc'><strong>4</strong></span> <span class='ocrx_word' id='word_1_277' title='bbox 773 3007 835 3016; x_wconf 89' lang='grc'><strong>-</strong></span> <span class='ocrx_word' id='word_1_278' title='bbox 871 2981 955 3033; x_wconf 84' lang='grc'><strong>10.</strong></span> <span class='ocrx_word' id='word_1_279' title='bbox 992 2990 1067 3033; x_wconf 76' lang='lat' dir='ltr'><strong>ea:</strong></span> <span class='ocrx_word' id='word_1_280' title='bbox 1091 2976 1301 3047; x_wconf 74' lang='lat' dir='ltr'><strong>Sigeb,</strong></span> 
     </span>
    </p>
   </div>
   <div class='ocr_carea' id='block_1_46' title="bbox 420 3098 1987 3173">
    <p class='ocr_par' dir='ltr' id='par_1_46' title="bbox 420 3098 1987 3173">
     <span class='ocr_line' id='line_1_46' title="bbox 420 3098 1987 3173; baseline 0.003 -19"><span class='ocrx_word' id='word_1_281' title='bbox 420 3102 471 3154; x_wconf 90' lang='lat'><strong>3.</strong></span> <span class='ocrx_word' id='word_1_282' title='bbox 512 3102 572 3155; x_wconf 81' lang='grc' dir='ltr'><strong>Α.</strong></span> <span class='ocrx_word' id='word_1_283' title='bbox 606 3100 670 3156; x_wconf 92' lang='lat' dir='ltr'><strong>D.</strong></span> <span class='ocrx_word' id='word_1_284' title='bbox 706 3101 828 3169; x_wconf 78' lang='grc'><strong>384,</strong></span> <span class='ocrx_word' id='word_1_285' title='bbox 866 3098 1133 3171; x_wconf 82' lang='lat' dir='ltr'><strong>Synodus</strong></span> <span class='ocrx_word' id='word_1_286' title='bbox 1167 3104 1272 3156; x_wconf 79' lang='lat'><strong>150</strong></span> <span class='ocrx_word' id='word_1_287' title='bbox 1296 3099 1707 3173; x_wconf 89' lang='lat' dir='ltr'><strong>episcoporum</strong></span> <span class='ocrx_word' id='word_1_288' title='bbox 1735 3102 1987 3160; x_wconf 90' lang='lat' dir='ltr'><strong>Constan</strong></span> 
     </span>
    </p>
   </div>
   <div class='ocr_carea' id='block_1_47' title="bbox 348 3187 2015 3272">
    <p class='ocr_par' dir='ltr' id='par_1_47' title="bbox 348 3187 2015 3272">
     <span class='ocr_line' id='line_1_47' title="bbox 348 3187 2015 3272; baseline 0.003 -28"><span class='ocrx_word' id='word_1_289' title='bbox 348 3187 594 3261; x_wconf 89' lang='lat' dir='ltr'><strong>tinopoli</strong></span> <span class='ocrx_word' id='word_1_290' title='bbox 618 3188 904 3247; x_wconf 91' lang='lat' dir='ltr'><strong>adversus</strong></span> <span class='ocrx_word' id='word_1_291' title='bbox 928 3189 1328 3247; x_wconf 88' lang='lat' dir='ltr'><strong>Macedonium</strong></span> <span class='ocrx_word' id='word_1_292' title='bbox 1351 3196 1749 3263; x_wconf 82' lang='lat' dir='ltr'><strong>congregatur</strong></span> <span class='ocrx_word' id='word_1_293' title='bbox 1774 3193 1886 3249; x_wconf 92' lang='lat' dir='ltr'><strong>sub</strong></span> <span class='ocrx_word' id='word_1_294' title='bbox 1908 3188 2015 3272; x_wconf 66' lang='lat' dir='ltr'><strong>Da:</strong></span> 
     </span>
    </p>
   </div>
   <div class='ocr_carea' id='block_1_48' title="bbox 350 3278 1939 3351">
    <p class='ocr_par' dir='ltr' id='par_1_48' title="bbox 350 3278 1939 3351">
     <span class='ocr_line' id='line_1_48' title="bbox 350 3278 1939 3351; baseline 0.003 -16"><span class='ocrx_word' id='word_1_295' title='bbox 350 3292 508 3336; x_wconf 88' lang='lat' dir='ltr'><strong>maso</strong></span> <span class='ocrx_word' id='word_1_296' title='bbox 536 3293 708 3351; x_wconf 89' lang='lat' dir='ltr'><strong>papa,</strong></span> <span class='ocrx_word' id='word_1_297' title='bbox 744 3278 767 3302; x_wconf 76' lang='lat'>&#39;</span> <span class='ocrx_word' id='word_1_298' title='bbox 798 3279 894 3351; x_wconf 88' lang='lat' dir='ltr'><strong>qui</strong></span> <span class='ocrx_word' id='word_1_299' title='bbox 927 3283 996 3336; x_wconf 83' lang='lat'><strong>26</strong></span> <span class='ocrx_word' id='word_1_300' title='bbox 1018 3278 1085 3314; x_wconf 79' lang='grc'><strong>⁹¹¹</strong></span> <span class='ocrx_word' id='word_1_301' title='bbox 1114 3281 1283 3337; x_wconf 87' lang='lat' dir='ltr'><strong>annis</strong></span> <span class='ocrx_word' id='word_1_302' title='bbox 1312 3282 1559 3351; x_wconf 89' lang='lat' dir='ltr'><strong>regebat</strong></span> <span class='ocrx_word' id='word_1_303' title='bbox 1589 3282 1939 3340; x_wconf 69' lang='lat' dir='ltr'><strong>aacclesiam.</strong></span> 
     </span>
    </p>
   </div>
   <div class='ocr_carea' id='block_1_49' title="bbox 420 3385 2011 3462">
    <p class='ocr_par' dir='ltr' id='par_1_49' title="bbox 420 3385 2011 3462">
     <span class='ocr_line' id='line_1_49' title="bbox 420 3385 2011 3462; baseline 0.004 -20"><span class='ocrx_word' id='word_1_304' title='bbox 420 3388 440 3407; x_wconf 85' lang='lat'>&#39;</span> <span class='ocrx_word' id='word_1_305' title='bbox 468 3387 565 3462; x_wconf 85' lang='lat' dir='ltr'><strong>D_?</strong></span> <span class='ocrx_word' id='word_1_306' title='bbox 590 3387 650 3444; x_wconf 91' lang='lat' dir='ltr'><strong>E.</strong></span> <span class='ocrx_word' id='word_1_307' title='bbox 686 3386 796 3458; x_wconf 74' lang='lat' dir='ltr'><strong>qui</strong></span> <span class='ocrx_word' id='word_1_308' title='bbox 824 3385 946 3446; x_wconf 77' lang='grc' dir='ltr'><strong>Ιιωσ</strong></span> <span class='ocrx_word' id='word_1_309' title='bbox 974 3402 1031 3446; x_wconf 83' lang='lat' dir='ltr'><strong>a.</strong></span> <span class='ocrx_word' id='word_1_310' title='bbox 1082 3391 1185 3445; x_wconf 88' lang='lat'><strong>386</strong></span> <span class='ocrx_word' id='word_1_311' title='bbox 1241 3388 1480 3462; x_wconf 74' lang='lat' dir='ltr'><strong>habent.</strong></span> <span class='ocrx_word' id='word_1_312' title='bbox 1536 3390 1798 3462; x_wconf 75' lang='lat' dir='ltr'><strong>pergunt</strong></span> <span class='ocrx_word' id='word_1_313' title='bbox 1847 3410 1859 3446; x_wconf 94' lang='lat'><strong>:</strong></span> <span class='ocrx_word' id='word_1_314' title='bbox 1908 3392 2011 3449; x_wconf 88' lang='lat' dir='ltr'><strong>Hic</strong></span> 
     </span>
    </p>
   </div>
   <div class='ocr_carea' id='block_1_50' title="bbox 492 3457 2005 3533">
    <p class='ocr_par' dir='ltr' id='par_1_50' title="bbox 492 3457 2005 3533">
     <span class='ocr_line' id='line_1_50' title="bbox 492 3457 2005 3533; baseline 0.003 -20"><span class='ocrx_word' id='word_1_315' title='bbox 492 3457 793 3533; x_wconf 79' lang='lat' dir='ltr'><strong>decretum</strong></span> <span class='ocrx_word' id='word_1_316' title='bbox 819 3464 948 3533; x_wconf 81' lang='lat' dir='ltr'><strong>_est,_</strong></span> <span class='ocrx_word' id='word_1_317' title='bbox 974 3464 1056 3533; x_wconf 67' lang='lat' dir='ltr'><strong>ut</strong></span> <span class='ocrx_word' id='word_1_318' title='bbox 1071 3457 1767 3533; x_wconf 41' lang='lat' dir='ltr'><strong>constantinopo’lita&#39;nus</strong></span> <span class='ocrx_word' id='word_1_319' title='bbox 1782 3468 1918 3533; x_wconf 91' lang='lat' dir='ltr'><strong>post</strong></span> <span class='ocrx_word' id='word_1_320' title='bbox 1940 3464 2005 3518; x_wconf 79' lang='grc' dir='ltr'><strong>Β.</strong></span> 
     </span>
    </p>
   </div>
   <div class='ocr_carea' id='block_1_51' title="bbox 493 3529 2009 3605">
    <p class='ocr_par' dir='ltr' id='par_1_51' title="bbox 493 3529 2009 3605">
     <span class='ocr_line' id='line_1_51' title="bbox 493 3529 2009 3605; baseline 0.001 -18"><span class='ocrx_word' id='word_1_321' title='bbox 493 3543 552 3605; x_wconf 81' lang='lat' dir='ltr'><strong>p_.</strong></span> <span class='ocrx_word' id='word_1_322' title='bbox 608 3529 695 3605; x_wconf 83' lang='lat' dir='ltr'><strong>h._</strong></span> <span class='ocrx_word' id='word_1_323' title='bbox 726 3545 780 3600; x_wconf 92' lang='lat' dir='ltr'><strong>p.</strong></span> <span class='ocrx_word' id='word_1_324' title='bbox 818 3530 877 3585; x_wconf 86' lang='lat' dir='ltr'><strong>In</strong></span> <span class='ocrx_word' id='word_1_325' title='bbox 911 3529 1093 3605; x_wconf 74' lang='lat' dir='ltr'><strong>Gallia</strong></span> <span class='ocrx_word' id='word_1_326' title='bbox 1125 3529 1534 3605; x_wconf 73' lang='lat' dir='ltr'><strong>Priscillianus</strong></span> <span class='ocrx_word' id='word_1_327' title='bbox 1568 3529 1890 3605; x_wconf 85' lang='lat' dir='ltr'><strong>episcopus</strong></span> <span class='ocrx_word' id='word_1_328' title='bbox 1937 3549 2009 3589; x_wconf 87' lang='lat' dir='ltr'><strong>ex</strong></span> 
     </span>
    </p>
   </div>
   <div class='ocr_carea' id='block_1_52' title="bbox 495 3599 2007 3673">
    <p class='ocr_par' dir='ltr' id='par_1_52' title="bbox 495 3599 2007 3673">
     <span class='ocr_line' id='line_1_52' title="bbox 495 3599 2007 3673; baseline 0.003 -17"><span class='ocrx_word' id='word_1_329' title='bbox 495 3599 937 3673; x_wconf 63' lang='lat' dir='ltr'><strong>Manichaeorum</strong></span> <span class='ocrx_word' id='word_1_330' title='bbox 951 3606 1013 3656; x_wconf 92' lang='lat' dir='ltr'><strong>et</strong></span> <span class='ocrx_word' id='word_1_331' title='bbox 1027 3602 1438 3673; x_wconf 87' lang='lat' dir='ltr'><strong>Gnosticorum</strong></span> <span class='ocrx_word' id='word_1_332' title='bbox 1456 3599 1728 3673; x_wconf 85' lang='lat' dir='ltr'><strong>dogmate</strong></span> <span class='ocrx_word' id='word_1_333' title='bbox 1747 3599 2007 3660; x_wconf 77' lang='lat' dir='ltr'><strong>errorem</strong></span> 
     </span>
    </p>
   </div>
   <div class='ocr_carea' id='block_1_53' title="bbox 497 3670 2008 3745">
    <p class='ocr_par' dir='ltr' id='par_1_53' title="bbox 497 3670 2008 3745">
     <span class='ocr_line' id='line_1_53' title="bbox 497 3670 2008 3745; baseline 0.003 -18"><span class='ocrx_word' id='word_1_334' title='bbox 497 3670 925 3745; x_wconf 35' lang='lat' dir='ltr'><strong>suimuominis</strong></span> <span class='ocrx_word' id='word_1_335' title='bbox 982 3671 1259 3745; x_wconf 78' lang='lat' dir='ltr'><strong>condens,</strong></span> <span class='ocrx_word' id='word_1_336' title='bbox 1296 3670 2008 3745; x_wconf 77' lang='lat' dir='ltr'><strong>conciliisepiscoporum</strong></span> 
     </span>
    </p>
   </div>
   <div class='ocr_carea' id='block_1_54' title="bbox 502 3740 2009 3813">
    <p class='ocr_par' dir='ltr' id='par_1_54' title="bbox 502 3740 2009 3813">
     <span class='ocr_line' id='line_1_54' title="bbox 502 3740 2009 3813; baseline 0.005 -17"><span class='ocrx_word' id='word_1_337' title='bbox 502 3740 740 3813; x_wconf 83' lang='lat' dir='ltr'><strong>auditus</strong></span> <span class='ocrx_word' id='word_1_338' title='bbox 758 3773 816 3781; x_wconf 92' lang='lat'><strong>—</strong></span> <span class='ocrx_word' id='word_1_339' title='bbox 833 3757 964 3813; x_wconf 90' lang='lat' dir='ltr'><strong>cum</strong></span> <span class='ocrx_word' id='word_1_340' title='bbox 981 3742 1114 3798; x_wconf 91' lang='lat' dir='ltr'><strong>aliis</strong></span> <span class='ocrx_word' id='word_1_341' title='bbox 1130 3743 1479 3813; x_wconf 88' lang='lat' dir='ltr'><strong>sequacibus</strong></span> <span class='ocrx_word' id='word_1_342' title='bbox 1497 3740 1917 3802; x_wconf 65' lang='lat' dir='ltr'><strong>suisIltachius</strong></span> <span class='ocrx_word' id='word_1_343' title='bbox 1940 3778 2009 3789; x_wconf 94' lang='lat'><strong><em>—</em></strong></span> 
     </span>
    </p>
   </div>
   <div class='ocr_carea' id='block_1_55' title="bbox 497 3810 1881 3888">
    <p class='ocr_par' dir='ltr' id='par_1_55' title="bbox 497 3810 1881 3888">
     <span class='ocr_line' id='line_1_55' title="bbox 497 3810 1881 3888; baseline 0.005 -21"><span class='ocrx_word' id='word_1_344' title='bbox 497 3810 702 3869; x_wconf 90' lang='lat' dir='ltr'><strong>nolens</strong></span> <span class='ocrx_word' id='word_1_345' title='bbox 734 3812 1050 3869; x_wconf 90' lang='lat' dir='ltr'><strong>Itachianis</strong></span> <span class='ocrx_word' id='word_1_346' title='bbox 1081 3810 1533 3872; x_wconf 83' lang='lat' dir='ltr'><strong>communicare.</strong></span> <span class='ocrx_word' id='word_1_347' title='bbox 1571 3829 1646 3872; x_wconf 76' lang='lat' dir='ltr'><strong>ea:</strong></span> <span class='ocrx_word' id='word_1_348' title='bbox 1673 3816 1881 3888; x_wconf 72' lang='lat' dir='ltr'><strong>Sigeb.</strong></span> 
     </span>
    </p>
   </div>
   <div class='ocr_carea' id='block_1_56' title="bbox 430 3901 889 3957">
    <p class='ocr_par' dir='ltr' id='par_1_56' title="bbox 430 3901 889 3957">
     <span class='ocr_line' id='line_1_56' title="bbox 430 3901 889 3957; baseline -0.002 -1"><span class='ocrx_word' id='word_1_349' title='bbox 430 3903 479 3956; x_wconf 74' lang='grc'><strong>4.</strong></span> <span class='ocrx_word' id='word_1_350' title='bbox 517 3902 580 3956; x_wconf 84' lang='grc' dir='ltr'><strong>Α.</strong></span> <span class='ocrx_word' id='word_1_351' title='bbox 612 3901 674 3956; x_wconf 87' lang='grc' dir='ltr'><strong>Ι).</strong></span> <span class='ocrx_word' id='word_1_352' title='bbox 710 3901 889 3957; x_wconf 77' lang='lat'><strong>385&#39;.</strong></span> 
     </span>
    </p>
   </div>
   <div class='ocr_carea' id='block_1_57' title="bbox 429 4005 2011 4090">
    <p class='ocr_par' dir='ltr' id='par_1_57' title="bbox 429 4005 2011 4090">
     <span class='ocr_line' id='line_1_57' title="bbox 429 4005 2011 4090; baseline 0.004 -28"><span class='ocrx_word' id='word_1_353' title='bbox 429 4005 518 4090; x_wconf 60' lang='grc'><strong>’4.</strong></span> <span class='ocrx_word' id='word_1_354' title='bbox 552 4039 622 4048; x_wconf 93' lang='grc'><strong>-</strong></span> <span class='ocrx_word' id='word_1_355' title='bbox 687 4010 781 4089; x_wconf 40' lang='grc'><strong>11..</strong></span> <span class='ocrx_word' id='word_1_356' title='bbox 825 4005 1099 4090; x_wconf 61' lang='grc' dir='ltr'><strong>αᾷάιῳιις</strong></span> <span class='ocrx_word' id='word_1_357' title='bbox 1166 4008 1432 4090; x_wconf 59' lang='lat' dir='ltr'><strong>Priamus</strong></span> <span class='ocrx_word' id='word_1_358' title='bbox 1457 4009 1715 4090; x_wconf 72' lang='lat' dir='ltr'><strong>quidam</strong></span> <span class='ocrx_word' id='word_1_359' title='bbox 1764 4016 1824 4067; x_wconf 93' lang='lat' dir='ltr'><strong>et</strong></span> <span class='ocrx_word' id='word_1_360' title='bbox 1900 4012 2011 4068; x_wconf 83' lang='lat' dir='ltr'><strong>An-</strong></span> 
     </span>
    </p>
   </div>
   <div class='ocr_carea' id='block_1_58' title="bbox 498 4080 2013 4221">
    <p class='ocr_par' dir='ltr' id='par_1_58' title="bbox 498 4080 2013 4221">
     <span class='ocr_line' id='line_1_58' title="bbox 498 4080 2013 4221; baseline 0.003 -87"><span class='ocrx_word' id='word_1_361' title='bbox 498 4080 1181 4221; x_wconf 47' lang='lat' dir='ltr'><strong>geigoegprincipabantur</strong></span> <span class='ocrx_word' id='word_1_362' title='bbox 1200 4080 1435 4138; x_wconf 83' lang='lat' dir='ltr'><strong>Francis</strong></span> <span class='ocrx_word' id='word_1_363' title='bbox 1457 4080 1566 4140; x_wconf 86' lang='lat' dir='ltr'><strong>hoc</strong></span> <span class='ocrx_word' id='word_1_364' title='bbox 1608 4087 1898 4154; x_wconf 89' lang='lat' dir='ltr'><strong>tempore.</strong></span> <span class='ocrx_word' id='word_1_365' title='bbox 1937 4097 2013 4141; x_wconf 78' lang='lat' dir='ltr'><strong>ea:</strong></span> 
     </span>
    </p>
   </div>
   <div class='ocr_carea' id='block_1_59' title="bbox 433 4255 2014 4331">
    <p class='ocr_par' dir='ltr' id='par_1_59' title="bbox 433 4255 2014 4331">
     <span class='ocr_line' id='line_1_59' title="bbox 433 4255 2014 4331; baseline 0.004 -19"><span class='ocrx_word' id='word_1_366' title='bbox 433 4261 483 4313; x_wconf 76' lang='lat'><strong>5.</strong></span> <span class='ocrx_word' id='word_1_367' title='bbox 515 4255 742 4331; x_wconf 73' lang='grc' dir='ltr'><strong>(Βεω.)</strong></span> <span class='ocrx_word' id='word_1_368' title='bbox 776 4258 841 4314; x_wconf 80' lang='grc' dir='ltr'><strong>Α.</strong></span> <span class='ocrx_word' id='word_1_369' title='bbox 875 4259 937 4314; x_wconf 90' lang='lat' dir='ltr'><strong>D.</strong></span> <span class='ocrx_word' id='word_1_370' title='bbox 973 4258 1095 4315; x_wconf 88' lang='lat'><strong>386.</strong></span> <span class='ocrx_word' id='word_1_371' title='bbox 1142 4257 1492 4317; x_wconf 84' lang='lat' dir='ltr'><strong>Archadium</strong></span> <span class='ocrx_word' id='word_1_372' title='bbox 1541 4258 1610 4293; x_wconf 68' lang='grc' dir='ltr'><strong>ἰ’</strong></span> <span class='ocrx_word' id='word_1_373' title='bbox 1654 4260 2014 4319; x_wconf 87' lang='lat' dir='ltr'><strong>Theodosius</strong></span> 
     </span>
    </p>
   </div>
   <div class='ocr_carea' id='block_1_60' title="bbox 364 4347 1276 4418">
    <p class='ocr_par' dir='ltr' id='par_1_60' title="bbox 364 4347 1276 4418">
     <span class='ocr_line' id='line_1_60' title="bbox 364 4347 1276 4418; baseline 0.003 -17"><span class='ocrx_word' id='word_1_374' title='bbox 364 4349 532 4418; x_wconf 86' lang='lat' dir='ltr'><strong>pater</strong></span> <span class='ocrx_word' id='word_1_375' title='bbox 560 4350 891 4403; x_wconf 88' lang='lat' dir='ltr'><strong>consortem</strong></span> <span class='ocrx_word' id='word_1_376' title='bbox 925 4347 1084 4418; x_wconf 89' lang='lat' dir='ltr'><strong>regni</strong></span> <span class='ocrx_word' id='word_1_377' title='bbox 1121 4348 1276 4404; x_wconf 90' lang='lat' dir='ltr'><strong>facit.</strong></span> 
     </span>
    </p>
   </div>
   <div class='ocr_carea' id='block_1_61' title="bbox 433 4433 2011 4506">
    <p class='ocr_par' dir='ltr' id='par_1_61' title="bbox 433 4433 2011 4506">
     <span class='ocr_line' id='line_1_61' title="bbox 433 4433 2011 4506; baseline 0.003 -15"><span class='ocrx_word' id='word_1_378' title='bbox 433 4438 485 4491; x_wconf 84' lang='lat'><strong>6.</strong></span> <span class='ocrx_word' id='word_1_379' title='bbox 513 4433 682 4504; x_wconf 75' lang='grc' dir='ltr'><strong>(σΙιν.</strong></span> <span class='ocrx_word' id='word_1_380' title='bbox 729 4435 836 4506; x_wconf 89' lang='lat' dir='ltr'><strong>W.)</strong></span> <span class='ocrx_word' id='word_1_381' title='bbox 870 4437 932 4491; x_wconf 82' lang='lat' dir='ltr'><strong>A.</strong></span> <span class='ocrx_word' id='word_1_382' title='bbox 969 4437 1030 4492; x_wconf 91' lang='lat' dir='ltr'><strong>D.</strong></span> <span class='ocrx_word' id='word_1_383' title='bbox 1067 4439 1189 4493; x_wconf 92' lang='lat'><strong>387.</strong></span> <span class='ocrx_word' id='word_1_384' title='bbox 1226 4436 1504 4495; x_wconf 80' lang='lat' dir='ltr'><strong>Maximus</strong></span> <span class='ocrx_word' id='word_1_385' title='bbox 1536 4452 1605 4495; x_wconf 92' lang='lat' dir='ltr'><strong>ex</strong></span> <span class='ocrx_word' id='word_1_386' title='bbox 1630 4439 1926 4496; x_wconf 90' lang='lat' dir='ltr'><strong>Britannia</strong></span> <span class='ocrx_word' id='word_1_387' title='bbox 1954 4440 2011 4497; x_wconf 91' lang='lat' dir='ltr'><strong>in</strong></span> 
     </span>
    </p>
   </div>
   <div class='ocr_carea' id='block_1_62' title="bbox 365 4522 2010 4599">
    <p class='ocr_par' dir='ltr' id='par_1_62' title="bbox 365 4522 2010 4599">
     <span class='ocr_line' id='line_1_62' title="bbox 365 4522 2010 4599; baseline 0.004 -20"><span class='ocrx_word' id='word_1_388' title='bbox 365 4522 581 4581; x_wconf 91' lang='lat' dir='ltr'><strong>Gallias</strong></span> <span class='ocrx_word' id='word_1_389' title='bbox 597 4524 834 4581; x_wconf 91' lang='lat' dir='ltr'><strong>veniens</strong></span> <span class='ocrx_word' id='word_1_390' title='bbox 849 4539 1208 4597; x_wconf 86' lang='lat' dir='ltr'><strong>regnumque</strong></span> <span class='ocrx_word' id='word_1_391' title='bbox 1222 4526 1333 4582; x_wconf 89' lang='lat' dir='ltr'><strong>sibi</strong></span> <span class='ocrx_word' id='word_1_392' title='bbox 1353 4528 2010 4599; x_wconf 87' lang='lat' dir='ltr'><strong>usurpans,Gratianum</strong></span> 
     </span>
    </p>
   </div>
   <div class='ocr_carea' id='block_1_63' title="bbox 364 4612 2016 4687">
    <p class='ocr_par' dir='ltr' id='par_1_63' title="bbox 364 4612 2016 4687">
     <span class='ocr_line' id='line_1_63' title="bbox 364 4612 2016 4687; baseline 0.004 -18"><span class='ocrx_word' id='word_1_393' title='bbox 364 4612 518 4686; x_wconf 91' lang='lat' dir='ltr'><strong>apud</strong></span> <span class='ocrx_word' id='word_1_394' title='bbox 550 4612 888 4684; x_wconf 87' lang='lat' dir='ltr'><strong>Lugdunum</strong></span> <span class='ocrx_word' id='word_1_395' title='bbox 920 4614 1157 4686; x_wconf 89' lang='lat' dir='ltr'><strong>occidit,</strong></span> <span class='ocrx_word' id='word_1_396' title='bbox 1182 4615 1419 4673; x_wconf 83' lang='lat' dir='ltr'><strong>fratrem</strong></span> <span class='ocrx_word' id='word_1_397' title='bbox 1443 4631 1583 4673; x_wconf 92' lang='lat' dir='ltr'><strong>vero</strong></span> <span class='ocrx_word' id='word_1_398' title='bbox 1606 4616 1734 4687; x_wconf 89' lang='lat' dir='ltr'><strong>ejus</strong></span> <span class='ocrx_word' id='word_1_399' title='bbox 1759 4618 2016 4676; x_wconf 86' lang='lat' dir='ltr'><strong>Valenti-</strong></span> 
     </span>
    </p>
   </div>
   <div class='ocr_carea' id='block_1_64' title="bbox 364 4701 1074 4776">
    <p class='ocr_par' dir='ltr' id='par_1_64' title="bbox 364 4701 1074 4776">
     <span class='ocr_line' id='line_1_64' title="bbox 364 4701 1074 4776; baseline 0.003 -19"><span class='ocrx_word' id='word_1_400' title='bbox 364 4701 599 4759; x_wconf 90' lang='lat' dir='ltr'><strong>nianum</strong></span> <span class='ocrx_word' id='word_1_401' title='bbox 630 4701 797 4759; x_wconf 87' lang='lat' dir='ltr'><strong>Italia</strong></span> <span class='ocrx_word' id='word_1_402' title='bbox 827 4703 1074 4776; x_wconf 87' lang='lat' dir='ltr'><strong>expulit.</strong></span> 
     </span>
    </p>
   </div>
   <div class='ocr_carea' id='block_1_65' title="bbox 508 4790 1015 4847">
    <p class='ocr_par' dir='ltr' id='par_1_65' title="bbox 508 4790 1015 4847">
     <span class='ocr_line' id='line_1_65' title="bbox 508 4790 1015 4847; baseline 0 0"><span class='ocrx_word' id='word_1_403' title='bbox 508 4790 654 4847; x_wconf 83' lang='lat' dir='ltr'><strong>Anni</strong></span> <span class='ocrx_word' id='word_1_404' title='bbox 686 4790 1015 4847; x_wconf 88' lang='lat' dir='ltr'><strong>Theodosii.</strong></span> 
     </span>
    </p>
   </div>
   <div class='ocr_carea' id='block_1_66' title="bbox 438 4877 2016 4953">
    <p class='ocr_par' dir='ltr' id='par_1_66' title="bbox 438 4877 2016 4953">
     <span class='ocr_line' id='line_1_66' title="bbox 438 4877 2016 4953; baseline 0.005 -19"><span class='ocrx_word' id='word_1_405' title='bbox 438 4884 487 4934; x_wconf 85' lang='lat'><strong>1.</strong></span> <span class='ocrx_word' id='word_1_406' title='bbox 516 4877 619 4949; x_wconf 82' lang='lat' dir='ltr'><strong>(H.</strong></span> <span class='ocrx_word' id='word_1_407' title='bbox 647 4880 717 4937; x_wconf 71' lang='grc' dir='ltr'><strong>Β.</strong></span> <span class='ocrx_word' id='word_1_408' title='bbox 744 4884 802 4936; x_wconf 89' lang='lat' dir='ltr'><strong>et</strong></span> <span class='ocrx_word' id='word_1_409' title='bbox 828 4880 907 4937; x_wconf 84' lang='grc' dir='ltr'><strong>Η.</strong></span> <span class='ocrx_word' id='word_1_410' title='bbox 930 4881 1036 4953; x_wconf 84' lang='lat' dir='ltr'><strong>m.)</strong></span> <span class='ocrx_word' id='word_1_411' title='bbox 1062 4882 1224 4938; x_wconf 87' lang='lat' dir='ltr'><strong>Anno</strong></span> <span class='ocrx_word' id='word_1_412' title='bbox 1255 4880 1560 4939; x_wconf 64' lang='lat' dir='ltr'><strong>dominica;</strong></span> <span class='ocrx_word' id='word_1_413' title='bbox 1594 4881 2016 4942; x_wconf 89' lang='lat' dir='ltr'><strong>incarnationis</strong></span> 
     </span>
    </p>
   </div>
   <div class='ocr_carea' id='block_1_67' title="bbox 366 4968 2013 5045">
    <p class='ocr_par' dir='ltr' id='par_1_67' title="bbox 366 4968 2013 5045">
     <span class='ocr_line' id='line_1_67' title="bbox 366 4968 2013 5045; baseline 0.004 -21"><span class='ocrx_word' id='word_1_414' title='bbox 366 4970 490 5038; x_wconf 91' lang='lat'><strong>388,</strong></span> <span class='ocrx_word' id='word_1_415' title='bbox 524 4969 698 5026; x_wconf 87' lang='lat' dir='ltr'><strong>Urbis</strong></span> <span class='ocrx_word' id='word_1_416' title='bbox 722 4982 862 5026; x_wconf 84' lang='lat' dir='ltr'><strong>vero</strong></span> <span class='ocrx_word' id='word_1_417' title='bbox 885 4968 1135 5025; x_wconf 72' lang='lat' dir='ltr'><strong>conditae</strong></span> <span class='ocrx_word' id='word_1_418' title='bbox 1159 4969 1464 5027; x_wconf 88' lang='lat' dir='ltr'><strong>millesimo</strong></span> <span class='ocrx_word' id='word_1_419' title='bbox 1489 4975 1608 5043; x_wconf 77' lang='lat'><strong>139,</strong></span> <span class='ocrx_word' id='word_1_420' title='bbox 1633 4971 2013 5045; x_wconf 89' lang='lat' dir='ltr'><strong>Theodosius,</strong></span> 
     </span>
    </p>
   </div>
   <div class='ocr_carea' id='block_1_68' title="bbox 366 5056 2015 5134">
    <p class='ocr_par' dir='ltr' id='par_1_68' title="bbox 366 5056 2015 5134">
     <span class='ocr_line' id='line_1_68' title="bbox 366 5056 2015 5134; baseline -0.001 -19"><span class='ocrx_word' id='word_1_421' title='bbox 366 5056 601 5128; x_wconf 83' lang='lat' dir='ltr'><strong>genitus</strong></span> <span class='ocrx_word' id='word_1_422' title='bbox 648 5062 816 5130; x_wconf 91' lang='lat' dir='ltr'><strong>patre</strong></span> <span class='ocrx_word' id='word_1_423' title='bbox 859 5057 1201 5128; x_wconf 88' lang='lat' dir='ltr'><strong>Theodosio,</strong></span> <span class='ocrx_word' id='word_1_424' title='bbox 1255 5063 1441 5116; x_wconf 89' lang='lat' dir='ltr'><strong>matre</strong></span> <span class='ocrx_word' id='word_1_425' title='bbox 1498 5060 1863 5118; x_wconf 88' lang='lat' dir='ltr'><strong>Thermantia</strong></span> <span class='ocrx_word' id='word_1_426' title='bbox 1926 5062 2015 5134; x_wconf 67' lang='lat'><strong>9“,</strong></span> 
     </span>
    </p>
   </div>
   <div class='ocr_carea' id='block_1_69' title="bbox 368 5144 2021 5221">
    <p class='ocr_par' dir='ltr' id='par_1_69' title="bbox 368 5144 2021 5221">
     <span class='ocr_line' id='line_1_69' title="bbox 368 5144 2021 5221; baseline 0.006 -23"><span class='ocrx_word' id='word_1_427' title='bbox 368 5147 495 5203; x_wconf 68' lang='grc' dir='ltr'><strong>ιδυ</strong></span> <span class='ocrx_word' id='word_1_428' title='bbox 521 5144 591 5180; x_wconf 67' lang='grc' dir='ltr'><strong>ἰι</strong></span> <span class='ocrx_word' id='word_1_429' title='bbox 617 5147 690 5204; x_wconf 86' lang='lat' dir='ltr'><strong>ab</strong></span> <span class='ocrx_word' id='word_1_430' title='bbox 722 5148 1005 5218; x_wconf 82' lang='lat' dir='ltr'><strong>Augusto,</strong></span> <span class='ocrx_word' id='word_1_431' title='bbox 1040 5146 1351 5203; x_wconf 90' lang='lat' dir='ltr'><strong>interfecto</strong></span> <span class='ocrx_word' id='word_1_432' title='bbox 1383 5162 1487 5221; x_wconf 87' lang='lat' dir='ltr'><strong>per</strong></span> <span class='ocrx_word' id='word_1_433' title='bbox 1534 5150 1839 5207; x_wconf 83' lang='lat' dir='ltr'><strong>Maximum</strong></span> <span class='ocrx_word' id='word_1_434' title='bbox 1883 5152 2021 5208; x_wconf 90' lang='lat' dir='ltr'><strong>Gra-</strong></span> 
     </span>
    </p>
   </div>
   <div class='ocr_carea' id='block_1_70' title="bbox 369 5233 2024 5309">
    <p class='ocr_par' dir='ltr' id='par_1_70' title="bbox 369 5233 2024 5309">
     <span class='ocr_line' id='line_1_70' title="bbox 369 5233 2024 5309; baseline 0.003 -19"><span class='ocrx_word' id='word_1_435' title='bbox 369 5233 547 5306; x_wconf 87' lang='lat' dir='ltr'><strong>tiano,</strong></span> <span class='ocrx_word' id='word_1_436' title='bbox 583 5233 892 5308; x_wconf 88' lang='lat' dir='ltr'><strong>imperium</strong></span> <span class='ocrx_word' id='word_1_437' title='bbox 927 5234 1246 5293; x_wconf 79' lang='lat' dir='ltr'><strong>Romanum</strong></span> <span class='ocrx_word' id='word_1_438' title='bbox 1277 5235 1437 5293; x_wconf 91' lang='lat' dir='ltr'><strong>solus</strong></span> <span class='ocrx_word' id='word_1_439' title='bbox 1466 5235 1536 5271; x_wconf 62' lang='lat'><strong>’1&#39;</strong></span> <span class='ocrx_word' id='word_1_440' title='bbox 1561 5238 1839 5309; x_wconf 92' lang='lat' dir='ltr'><strong>obtinuit,</strong></span> <span class='ocrx_word' id='word_1_441' title='bbox 1864 5254 2024 5295; x_wconf 90' lang='lat' dir='ltr'><strong>man-</strong></span> 
     </span>
    </p>
   </div>
   <div class='ocr_carea' id='block_1_71' title="bbox 371 5320 2020 5397">
    <p class='ocr_par' dir='ltr' id='par_1_71' title="bbox 371 5320 2020 5397">
     <span class='ocr_line' id='line_1_71' title="bbox 371 5320 2020 5397; baseline 0.003 -19"><span class='ocrx_word' id='word_1_442' title='bbox 371 5320 565 5394; x_wconf 88' lang='lat' dir='ltr'><strong>sitque</strong></span> <span class='ocrx_word' id='word_1_443' title='bbox 591 5322 661 5359; x_wconf 71' lang='grc'><strong>⁸⁸⁸</strong></span> <span class='ocrx_word' id='word_1_444' title='bbox 691 5324 748 5381; x_wconf 93' lang='lat' dir='ltr'><strong>in</strong></span> <span class='ocrx_word' id='word_1_445' title='bbox 779 5338 850 5383; x_wconf 87' lang='lat' dir='ltr'><strong>eo</strong></span> <span class='ocrx_word' id='word_1_446' title='bbox 881 5323 1049 5382; x_wconf 87' lang='lat' dir='ltr'><strong>annis</strong></span> <span class='ocrx_word' id='word_1_447' title='bbox 1082 5328 1141 5382; x_wconf 84' lang='grc'>11</span> <span class='ocrx_word' id='word_1_448' title='bbox 1173 5322 1263 5397; x_wconf 73' lang='grc'><strong>⁸³⁷,</strong></span> <span class='ocrx_word' id='word_1_449' title='bbox 1314 5338 1444 5383; x_wconf 89' lang='lat' dir='ltr'><strong>cum</strong></span> <span class='ocrx_word' id='word_1_450' title='bbox 1491 5324 1608 5397; x_wconf 90' lang='lat' dir='ltr'><strong>jam</strong></span> <span class='ocrx_word' id='word_1_451' title='bbox 1653 5325 1710 5383; x_wconf 93' lang='lat' dir='ltr'><strong>in</strong></span> <span class='ocrx_word' id='word_1_452' title='bbox 1762 5326 2020 5384; x_wconf 84' lang='lat' dir='ltr'><strong>Orientis</strong></span> 
     </span>
    </p>
   </div>
   <div class='ocr_carea' id='block_1_72' title="bbox 2042 4672 2095 4732">
    <p class='ocr_par' dir='ltr' id='par_1_72' title="bbox 2042 4672 2095 4732">
     <span class='ocr_line' id='line_1_72' title="bbox 2042 4672 2095 4732; baseline 0 0"><span class='ocrx_word' id='word_1_453' title='bbox 2042 4672 2095 4732; x_wconf 94' lang='lat' dir='ltr'><strong>D</strong></span> 
     </span>
    </p>
   </div>
   <div class='ocr_carea' id='block_1_73' title="bbox 2107 2038 3725 2110">
    <p class='ocr_par' dir='ltr' id='par_1_73' title="bbox 2107 2038 3725 2110">
     <span class='ocr_line' id='line_1_73' title="bbox 2107 2038 3725 2110; baseline -0.002 -13"><span class='ocrx_word' id='word_1_454' title='bbox 2107 2041 2311 2097; x_wconf 87' lang='lat' dir='ltr'><strong>fraude</strong></span> <span class='ocrx_word' id='word_1_455' title='bbox 2337 2040 2653 2110; x_wconf 82' lang='lat' dir='ltr'><strong>Arbogasti</strong></span> <span class='ocrx_word' id='word_1_456' title='bbox 2676 2040 2908 2095; x_wconf 85' lang='lat' dir='ltr'><strong>comitis</strong></span> <span class='ocrx_word' id='word_1_457' title='bbox 2929 2040 3015 2095; x_wconf 92' lang='lat' dir='ltr'><strong>sui</strong></span> <span class='ocrx_word' id='word_1_458' title='bbox 3033 2044 3088 2094; x_wconf 91' lang='lat' dir='ltr'><strong>et</strong></span> <span class='ocrx_word' id='word_1_459' title='bbox 3106 2038 3725 2108; x_wconf 86' lang='lat' dir='ltr'><strong>Eugeniigrammatici</strong></span> 
     </span>
    </p>
   </div>
   <div class='ocr_carea' id='block_1_74' title="bbox 2108 2127 3756 2199">
    <p class='ocr_par' dir='ltr' id='par_1_74' title="bbox 2108 2127 3756 2199">
     <span class='ocr_line' id='line_1_74' title="bbox 2108 2127 3756 2199; baseline -0.002 -12"><span class='ocrx_word' id='word_1_460' title='bbox 2108 2131 2403 2187; x_wconf 88' lang='lat' dir='ltr'><strong>dormiens</strong></span> <span class='ocrx_word' id='word_1_461' title='bbox 2417 2131 2488 2186; x_wconf 90' lang='lat' dir='ltr'><strong>ab</strong></span> <span class='ocrx_word' id='word_1_462' title='bbox 2502 2129 2784 2187; x_wconf 89' lang='lat' dir='ltr'><strong>eunuchis</strong></span> <span class='ocrx_word' id='word_1_463' title='bbox 2799 2128 3175 2186; x_wconf 86' lang='lat' dir='ltr'><strong>cubiculariis</strong></span> <span class='ocrx_word' id='word_1_464' title='bbox 3194 2128 3437 2199; x_wconf 89' lang='lat' dir='ltr'><strong>pecunia</strong></span> <span class='ocrx_word' id='word_1_465' title='bbox 3452 2127 3756 2199; x_wconf 74' lang='lat' dir='ltr'><strong>corruptis</strong></span> 
     </span>
    </p>
   </div>
   <div class='ocr_carea' id='block_1_75' title="bbox 2110 2215 3760 2288">
    <p class='ocr_par' dir='ltr' id='par_1_75' title="bbox 2110 2215 3760 2288">
     <span class='ocr_line' id='line_1_75' title="bbox 2110 2215 3760 2288; baseline -0.003 -11"><span class='ocrx_word' id='word_1_466' title='bbox 2110 2220 2432 2277; x_wconf 71' lang='lat' dir='ltr'><strong>suffocatus</strong></span> <span class='ocrx_word' id='word_1_467' title='bbox 2456 2223 2567 2288; x_wconf 89' lang='lat' dir='ltr'><strong>est,</strong></span> <span class='ocrx_word' id='word_1_468' title='bbox 2587 2231 2835 2288; x_wconf 85' lang='lat' dir='ltr'><strong>moxque</strong></span> <span class='ocrx_word' id='word_1_469' title='bbox 2854 2218 3108 2287; x_wconf 88' lang='lat' dir='ltr'><strong>Eugenio</strong></span> <span class='ocrx_word' id='word_1_470' title='bbox 3130 2217 3183 2272; x_wconf 91' lang='lat' dir='ltr'><strong>in</strong></span> <span class='ocrx_word' id='word_1_471' title='bbox 3203 2215 3760 2287; x_wconf 64' lang='lat' dir='ltr'><strong>principatum&#39;elec-</strong></span> 
     </span>
    </p>
   </div>
   <div class='ocr_carea' id='block_1_76' title="bbox 2111 2305 3759 2377">
    <p class='ocr_par' dir='ltr' id='par_1_76' title="bbox 2111 2305 3759 2377">
     <span class='ocr_line' id='line_1_76' title="bbox 2111 2305 3759 2377; baseline -0.001 -14"><span class='ocrx_word' id='word_1_472' title='bbox 2111 2311 2170 2364; x_wconf 93' lang='lat' dir='ltr'><strong>to</strong></span> <span class='ocrx_word' id='word_1_473' title='bbox 2189 2308 2260 2364; x_wconf 91' lang='lat' dir='ltr'><strong>ab</strong></span> <span class='ocrx_word' id='word_1_474' title='bbox 2281 2308 2624 2377; x_wconf 81' lang='lat' dir='ltr'><strong>Arbogasto,</strong></span> <span class='ocrx_word' id='word_1_475' title='bbox 2688 2306 2933 2363; x_wconf 90' lang='lat' dir='ltr'><strong>collecta</strong></span> <span class='ocrx_word' id='word_1_476' title='bbox 2973 2305 3356 2363; x_wconf 89' lang='lat' dir='ltr'><strong>multidudine</strong></span> <span class='ocrx_word' id='word_1_477' title='bbox 3384 2307 3759 2376; x_wconf 85' lang='lat' dir='ltr'><strong>|Francorum</strong></span> 
     </span>
    </p>
   </div>
   <div class='ocr_carea' id='block_1_77' title="bbox 2113 2385 3761 2468">
    <p class='ocr_par' dir='ltr' id='par_1_77' title="bbox 2113 2385 3761 2468">
     <span class='ocr_line' id='line_1_77' title="bbox 2113 2385 3761 2468; baseline -0.002 -15"><span class='ocrx_word' id='word_1_478' title='bbox 2113 2401 2288 2468; x_wconf 90' lang='lat' dir='ltr'><strong>atque</strong></span> <span class='ocrx_word' id='word_1_479' title='bbox 2313 2396 2610 2453; x_wconf 88' lang='lat' dir='ltr'><strong>Gallorum</strong></span> <span class='ocrx_word' id='word_1_480' title='bbox 2640 2385 3097 2468; x_wconf 76' lang='lat' dir='ltr'><strong>preparaverunt</strong></span> <span class='ocrx_word' id='word_1_481' title='bbox 3116 2409 3177 2451; x_wconf 90' lang='lat' dir='ltr'><strong>se</strong></span> <span class='ocrx_word' id='word_1_482' title='bbox 3201 2394 3252 2450; x_wconf 94' lang='lat' dir='ltr'><strong>in</strong></span> <span class='ocrx_word' id='word_1_483' title='bbox 3281 2409 3525 2466; x_wconf 87' lang='lat' dir='ltr'><strong>pugnam</strong></span> <span class='ocrx_word' id='word_1_484' title='bbox 3549 2398 3761 2450; x_wconf 88' lang='lat' dir='ltr'><strong>contra</strong></span> 
     </span>
    </p>
   </div>
   <div class='ocr_carea' id='block_1_78' title="bbox 2110 2482 3765 2554">
    <p class='ocr_par' dir='ltr' id='par_1_78' title="bbox 2110 2482 3765 2554">
     <span class='ocr_line' id='line_1_78' title="bbox 2110 2482 3765 2554; baseline -0.003 -12"><span class='ocrx_word' id='word_1_485' title='bbox 2110 2484 2517 2543; x_wconf 88' lang='lat' dir='ltr'><strong>Theodosium.</strong></span> <span class='ocrx_word' id='word_1_486' title='bbox 2552 2483 2713 2551; x_wconf 87' lang='lat' dir='ltr'><strong>Quod</strong></span> <span class='ocrx_word' id='word_1_487' title='bbox 2750 2483 2846 2540; x_wconf 91' lang='lat' dir='ltr'><strong>ille</strong></span> <span class='ocrx_word' id='word_1_488' title='bbox 2878 2484 3140 2553; x_wconf 89' lang='lat' dir='ltr'><strong>audiens,</strong></span> <span class='ocrx_word' id='word_1_489' title='bbox 3167 2482 3541 2554; x_wconf 87' lang='lat' dir='ltr'><strong>congregavit</strong></span> <span class='ocrx_word' id='word_1_490' title='bbox 3563 2483 3765 2541; x_wconf 89' lang='lat' dir='ltr'><strong>multi-</strong></span> 
     </span>
    </p>
   </div>
   <div class='ocr_carea' id='block_1_79' title="bbox 2112 2572 3767 2644">
    <p class='ocr_par' dir='ltr' id='par_1_79' title="bbox 2112 2572 3767 2644">
     <span class='ocr_line' id='line_1_79' title="bbox 2112 2572 3767 2644; baseline -0.002 -14"><span class='ocrx_word' id='word_1_491' title='bbox 2112 2575 2377 2632; x_wconf 85' lang='lat' dir='ltr'><strong>tudinem</strong></span> <span class='ocrx_word' id='word_1_492' title='bbox 2402 2573 2735 2644; x_wconf 75' lang='lat' dir='ltr'><strong>militarem,</strong></span> <span class='ocrx_word' id='word_1_493' title='bbox 2764 2572 3059 2644; x_wconf 87' lang='lat' dir='ltr'><strong>filiumque</strong></span> <span class='ocrx_word' id='word_1_494' title='bbox 3084 2588 3246 2629; x_wconf 91' lang='lat' dir='ltr'><strong>suum</strong></span> <span class='ocrx_word' id='word_1_495' title='bbox 3267 2573 3579 2630; x_wconf 83' lang='lat' dir='ltr'><strong>Honorium</strong></span> <span class='ocrx_word' id='word_1_496' title='bbox 3620 2588 3767 2629; x_wconf 89' lang='lat' dir='ltr'><strong>con-</strong></span> 
     </span>
    </p>
   </div>
   <div class='ocr_carea' id='block_1_80' title="bbox 2116 2661 3762 2735">
    <p class='ocr_par' dir='ltr' id='par_1_80' title="bbox 2116 2661 3762 2735">
     <span class='ocr_line' id='line_1_80' title="bbox 2116 2661 3762 2735; baseline -0.002 -15"><span class='ocrx_word' id='word_1_497' title='bbox 2116 2664 2312 2721; x_wconf 88' lang='lat' dir='ltr'><strong>stituit</strong></span> <span class='ocrx_word' id='word_1_498' title='bbox 2345 2663 2780 2735; x_wconf 87' lang='lat' dir='ltr'><strong>imperatorem.</strong></span> <span class='ocrx_word' id='word_1_499' title='bbox 2808 2662 2962 2718; x_wconf 88' lang='lat' dir='ltr'><strong>Misit</strong></span> <span class='ocrx_word' id='word_1_500' title='bbox 2985 2666 3176 2718; x_wconf 91' lang='lat' dir='ltr'><strong>autem</strong></span> <span class='ocrx_word' id='word_1_501' title='bbox 3195 2661 3528 2734; x_wconf 88' lang='lat' dir='ltr'><strong>Eutropium</strong></span> <span class='ocrx_word' id='word_1_502' title='bbox 3569 2662 3762 2718; x_wconf 86' lang='lat' dir='ltr'><strong>Eunu.</strong></span> 
     </span>
    </p>
   </div>
   <div class='ocr_carea' id='block_1_81' title="bbox 2118 2751 3772 2811">
    <p class='ocr_par' dir='ltr' id='par_1_81' title="bbox 2118 2751 3772 2811">
     <span class='ocr_line' id='line_1_81' title="bbox 2118 2751 3772 2811; baseline -0.003 0"><span class='ocrx_word' id='word_1_503' title='bbox 2118 2756 2287 2811; x_wconf 90' lang='lat' dir='ltr'><strong>chum</strong></span> <span class='ocrx_word' id='word_1_504' title='bbox 2322 2754 2435 2810; x_wconf 88' lang='lat' dir='ltr'><strong>sibi</strong></span> <span class='ocrx_word' id='word_1_505' title='bbox 2470 2753 2868 2810; x_wconf 88' lang='lat' dir='ltr'><strong>fidelissimum</strong></span> <span class='ocrx_word' id='word_1_506' title='bbox 2899 2752 2969 2785; x_wconf 81' lang='grc'><strong>⁹⁹⁰</strong></span> <span class='ocrx_word' id='word_1_507' title='bbox 3001 2752 3056 2807; x_wconf 93' lang='lat' dir='ltr'><strong>in</strong></span> <span class='ocrx_word' id='word_1_508' title='bbox 3085 2751 3430 2808; x_wconf 88' lang='lat' dir='ltr'><strong>Thebaidam</strong></span> <span class='ocrx_word' id='word_1_509' title='bbox 3454 2751 3522 2807; x_wconf 92' lang='lat' dir='ltr'><strong>ad</strong></span> <span class='ocrx_word' id='word_1_510' title='bbox 3551 2751 3772 2807; x_wconf 82' lang='lat' dir='ltr'><strong>Johan-</strong></span> 
     </span>
    </p>
   </div>
   <div class='ocr_carea' id='block_1_82' title="bbox 2120 2840 3771 2914">
    <p class='ocr_par' dir='ltr' id='par_1_82' title="bbox 2120 2840 3771 2914">
     <span class='ocr_line' id='line_1_82' title="bbox 2120 2840 3771 2914; baseline -0.002 -14"><span class='ocrx_word' id='word_1_511' title='bbox 2120 2859 2247 2900; x_wconf 91' lang='lat' dir='ltr'><strong>nem</strong></span> <span class='ocrx_word' id='word_1_512' title='bbox 2279 2843 2621 2899; x_wconf 88' lang='lat' dir='ltr'><strong>monachum</strong></span> <span class='ocrx_word' id='word_1_513' title='bbox 2655 2840 3025 2914; x_wconf 75' lang='lat' dir='ltr'><strong>przescientia</strong></span> <span class='ocrx_word' id='word_1_514' title='bbox 3048 2840 3266 2897; x_wconf 88' lang='lat' dir='ltr'><strong>clarum</strong></span> <span class='ocrx_word' id='word_1_515' title='bbox 3299 2840 3369 2897; x_wconf 90' lang='lat' dir='ltr'><strong>de</strong></span> <span class='ocrx_word' id='word_1_516' title='bbox 3402 2856 3512 2912; x_wconf 92' lang='lat' dir='ltr'><strong>quo</strong></span> <span class='ocrx_word' id='word_1_517' title='bbox 3542 2840 3771 2910; x_wconf 87' lang='lat' dir='ltr'><strong>legitur</strong></span> 
     </span>
    </p>
   </div>
   <div class='ocr_carea' id='block_1_83' title="bbox 2121 2929 3772 3004">
    <p class='ocr_par' dir='ltr' id='par_1_83' title="bbox 2121 2929 3772 3004">
     <span class='ocr_line' id='line_1_83' title="bbox 2121 2929 3772 3004; baseline -0.002 -15"><span class='ocrx_word' id='word_1_518' title='bbox 2121 2933 2176 2989; x_wconf 91' lang='lat' dir='ltr'><strong>in</strong></span> <span class='ocrx_word' id='word_1_519' title='bbox 2210 2933 2339 2989; x_wconf 88' lang='lat' dir='ltr'><strong>Vita</strong></span> <span class='ocrx_word' id='word_1_520' title='bbox 2376 2936 2627 3004; x_wconf 87' lang='lat' dir='ltr'><strong>patrum,</strong></span> <span class='ocrx_word' id='word_1_521' title='bbox 2664 2936 2725 2987; x_wconf 92' lang='lat' dir='ltr'><strong>ut</strong></span> <span class='ocrx_word' id='word_1_522' title='bbox 2760 2935 2859 2987; x_wconf 92' lang='lat' dir='ltr'><strong>aut</strong></span> <span class='ocrx_word' id='word_1_523' title='bbox 2892 2946 3022 2988; x_wconf 88' lang='lat' dir='ltr'><strong>eum</strong></span> <span class='ocrx_word' id='word_1_524' title='bbox 3053 2930 3251 2986; x_wconf 83' lang='lat' dir='ltr'><strong>venire</strong></span> <span class='ocrx_word' id='word_1_525' title='bbox 3275 2929 3559 2985; x_wconf 89' lang='lat' dir='ltr'><strong>volentem</strong></span> <span class='ocrx_word' id='word_1_526' title='bbox 3581 2930 3772 2985; x_wconf 86' lang='lat' dir='ltr'><strong>dedu-</strong></span> 
     </span>
    </p>
   </div>
   <div class='ocr_carea' id='block_1_84' title="bbox 2119 3018 3769 3093">
    <p class='ocr_par' dir='ltr' id='par_1_84' title="bbox 2119 3018 3769 3093">
     <span class='ocr_line' id='line_1_84' title="bbox 2119 3018 3769 3093; baseline -0.004 -14"><span class='ocrx_word' id='word_1_527' title='bbox 2119 3026 2303 3093; x_wconf 88' lang='lat' dir='ltr'><strong>ceret,</strong></span> <span class='ocrx_word' id='word_1_528' title='bbox 2340 3025 2434 3079; x_wconf 89' lang='lat' dir='ltr'><strong>aut</strong></span> <span class='ocrx_word' id='word_1_529' title='bbox 2473 3020 2763 3077; x_wconf 86' lang='lat' dir='ltr'><strong>nolentem</strong></span> <span class='ocrx_word' id='word_1_530' title='bbox 2785 3020 2856 3077; x_wconf 90' lang='lat' dir='ltr'><strong>de</strong></span> <span class='ocrx_word' id='word_1_531' title='bbox 2880 3018 3018 3076; x_wconf 91' lang='lat' dir='ltr'><strong>belli</strong></span> <span class='ocrx_word' id='word_1_532' title='bbox 3045 3020 3257 3075; x_wconf 88' lang='lat' dir='ltr'><strong>eventu</strong></span> <span class='ocrx_word' id='word_1_533' title='bbox 3284 3018 3625 3088; x_wconf 85' lang='lat' dir='ltr'><strong>requireret.</strong></span> <span class='ocrx_word' id='word_1_534' title='bbox 3652 3018 3769 3083; x_wconf 86' lang='lat' dir='ltr'><strong>Qui</strong></span> 
     </span>
    </p>
   </div>
   <div class='ocr_carea' id='block_1_85' title="bbox 2120 3106 3770 3178">
    <p class='ocr_par' dir='ltr' id='par_1_85' title="bbox 2120 3106 3770 3178">
     <span class='ocr_line' id='line_1_85' title="bbox 2120 3106 3770 3178; baseline -0.003 -10"><span class='ocrx_word' id='word_1_535' title='bbox 2120 3111 2321 3168; x_wconf 89' lang='lat' dir='ltr'><strong>venire</strong></span> <span class='ocrx_word' id='word_1_536' title='bbox 2340 3110 2562 3177; x_wconf 90' lang='lat' dir='ltr'><strong>nolens,</strong></span> <span class='ocrx_word' id='word_1_537' title='bbox 2584 3108 2878 3166; x_wconf 89' lang='lat' dir='ltr'><strong>mandavit</strong></span> <span class='ocrx_word' id='word_1_538' title='bbox 2892 3108 2964 3173; x_wconf 90' lang='lat' dir='ltr'><strong>ei,</strong></span> <span class='ocrx_word' id='word_1_539' title='bbox 2985 3107 3155 3178; x_wconf 93' lang='lat' dir='ltr'><strong>quod,</strong></span> <span class='ocrx_word' id='word_1_540' title='bbox 3175 3106 3770 3177; x_wconf 88' lang='lat' dir='ltr'><strong>interfectotyranuo,</strong></span> 
     </span>
    </p>
   </div>
   <div class='ocr_carea' id='block_1_86' title="bbox 2121 3194 3767 3270">
    <p class='ocr_par' dir='ltr' id='par_1_86' title="bbox 2121 3194 3767 3270">
     <span class='ocr_line' id='line_1_86' title="bbox 2121 3194 3767 3270; baseline -0.003 -16"><span class='ocrx_word' id='word_1_541' title='bbox 2121 3199 2368 3256; x_wconf 89' lang='lat' dir='ltr'><strong>victoria</strong></span> <span class='ocrx_word' id='word_1_542' title='bbox 2404 3198 2480 3255; x_wconf 90' lang='lat' dir='ltr'><strong>sit</strong></span> <span class='ocrx_word' id='word_1_543' title='bbox 2515 3198 2832 3270; x_wconf 89' lang='lat' dir='ltr'><strong>potiturus,</strong></span> <span class='ocrx_word' id='word_1_544' title='bbox 2870 3197 2969 3253; x_wconf 84' lang='lat' dir='ltr'><strong>sed</strong></span> <span class='ocrx_word' id='word_1_545' title='bbox 3002 3197 3123 3267; x_wconf 92' lang='lat' dir='ltr'><strong>ipse</strong></span> <span class='ocrx_word' id='word_1_546' title='bbox 3156 3194 3211 3251; x_wconf 92' lang='lat' dir='ltr'><strong>in</strong></span> <span class='ocrx_word' id='word_1_547' title='bbox 3242 3194 3403 3251; x_wconf 90' lang='lat' dir='ltr'><strong>[talia</strong></span> <span class='ocrx_word' id='word_1_548' title='bbox 3425 3194 3767 3251; x_wconf 89' lang='lat' dir='ltr'><strong>moriturus.</strong></span> 
     </span>
    </p>
   </div>
   <div class='ocr_carea' id='block_1_87' title="bbox 2042 3284 3774 3372">
    <p class='ocr_par' dir='ltr' id='par_1_87' title="bbox 2042 3284 3774 3372">
     <span class='ocr_line' id='line_1_87' title="bbox 2042 3284 3774 3372; baseline -0.003 -27"><span class='ocrx_word' id='word_1_549' title='bbox 2042 3307 2091 3372; x_wconf 70' lang='grc' dir='ltr'>Ο</span> <span class='ocrx_word' id='word_1_550' title='bbox 2122 3288 2365 3345; x_wconf 79' lang='lat' dir='ltr'><strong>Relictis</strong></span> <span class='ocrx_word' id='word_1_551' title='bbox 2391 3287 2569 3357; x_wconf 80' lang='lat' dir='ltr'><strong>igitur</strong></span> <span class='ocrx_word' id='word_1_552' title='bbox 2589 3286 2873 3343; x_wconf 87' lang='lat' dir='ltr'><strong>ambobus</strong></span> <span class='ocrx_word' id='word_1_553' title='bbox 2890 3285 3024 3342; x_wconf 87' lang='lat' dir='ltr'><strong>filiis</strong></span> <span class='ocrx_word' id='word_1_554' title='bbox 3048 3285 3101 3340; x_wconf 92' lang='lat' dir='ltr'><strong>in</strong></span> <span class='ocrx_word' id='word_1_555' title='bbox 3128 3285 3271 3341; x_wconf 85' lang='lat' dir='ltr'><strong>urbe</strong></span> <span class='ocrx_word' id='word_1_556' title='bbox 3285 3284 3774 3355; x_wconf 83' lang='lat' dir='ltr'><strong>Constantinopo-</strong></span> 
     </span>
    </p>
   </div>
   <div class='ocr_carea' id='block_1_88' title="bbox 2120 3373 3772 3445">
    <p class='ocr_par' dir='ltr' id='par_1_88' title="bbox 2120 3373 3772 3445">
     <span class='ocr_line' id='line_1_88' title="bbox 2120 3373 3772 3445; baseline -0.002 -13"><span class='ocrx_word' id='word_1_557' title='bbox 2120 3377 2321 3443; x_wconf 88' lang='lat' dir='ltr'><strong>litana,</strong></span> <span class='ocrx_word' id='word_1_558' title='bbox 2347 3376 2704 3433; x_wconf 88' lang='lat' dir='ltr'><strong>Theodosius</strong></span> <span class='ocrx_word' id='word_1_559' title='bbox 2726 3380 2929 3432; x_wconf 88' lang='lat' dir='ltr'><strong>contra</strong></span> <span class='ocrx_word' id='word_1_560' title='bbox 2951 3374 3265 3444; x_wconf 79' lang='lat' dir='ltr'><strong>Eugenium</strong></span> <span class='ocrx_word' id='word_1_561' title='bbox 3286 3373 3490 3445; x_wconf 90' lang='lat' dir='ltr'><strong>pergit,</strong></span> <span class='ocrx_word' id='word_1_562' title='bbox 3518 3387 3772 3442; x_wconf 83' lang='lat' dir='ltr'><strong>moxque</strong></span> 
     </span>
    </p>
   </div>
   <div class='ocr_carea' id='block_1_89' title="bbox 2120 3460 3769 3535">
    <p class='ocr_par' dir='ltr' id='par_1_89' title="bbox 2120 3460 3769 3535">
     <span class='ocr_line' id='line_1_89' title="bbox 2120 3460 3769 3535; baseline -0.004 -13"><span class='ocrx_word' id='word_1_563' title='bbox 2120 3466 2204 3522; x_wconf 90' lang='lat' dir='ltr'><strong>illi</strong></span> <span class='ocrx_word' id='word_1_564' title='bbox 2235 3464 2304 3499; x_wconf 71' lang='grc'><strong>⁸³⁸</strong></span> <span class='ocrx_word' id='word_1_565' title='bbox 2335 3465 2634 3522; x_wconf 83' lang='lat' dir='ltr'><strong>exercitus</strong></span> <span class='ocrx_word' id='word_1_566' title='bbox 2664 3464 3117 3535; x_wconf 86' lang='lat' dir='ltr'><strong>Wisigotharum</strong></span> <span class='ocrx_word' id='word_1_567' title='bbox 3152 3462 3281 3534; x_wconf 91' lang='lat' dir='ltr'><strong>plus</strong></span> <span class='ocrx_word' id='word_1_568' title='bbox 3332 3475 3498 3532; x_wconf 88' lang='lat' dir='ltr'><strong>quam</strong></span> <span class='ocrx_word' id='word_1_569' title='bbox 3558 3460 3769 3531; x_wconf 89' lang='lat' dir='ltr'><strong>viginti</strong></span> 
     </span>
    </p>
   </div>
   <div class='ocr_carea' id='block_1_90' title="bbox 2119 3551 3771 3629">
    <p class='ocr_par' dir='ltr' id='par_1_90' title="bbox 2119 3551 3771 3629">
     <span class='ocr_line' id='line_1_90' title="bbox 2119 3551 3771 3629; baseline -0.005 -17"><span class='ocrx_word' id='word_1_570' title='bbox 2119 3555 2365 3612; x_wconf 87' lang='lat' dir='ltr'><strong>millium</strong></span> <span class='ocrx_word' id='word_1_571' title='bbox 2397 3554 2695 3617; x_wconf 84' lang='lat' dir='ltr'><strong>occurrit;</strong></span> <span class='ocrx_word' id='word_1_572' title='bbox 2730 3553 3023 3629; x_wconf 85' lang='lat' dir='ltr'><strong>Eugenius</strong></span> <span class='ocrx_word' id='word_1_573' title='bbox 3054 3552 3251 3623; x_wconf 90' lang='lat' dir='ltr'><strong>itaque</strong></span> <span class='ocrx_word' id='word_1_574' title='bbox 3300 3557 3356 3607; x_wconf 92' lang='lat' dir='ltr'><strong>et</strong></span> <span class='ocrx_word' id='word_1_575' title='bbox 3405 3551 3771 3619; x_wconf 82' lang='lat' dir='ltr'><strong>Arbogastus</strong></span> 
     </span>
    </p>
   </div>
   <div class='ocr_carea' id='block_1_91' title="bbox 2119 3639 3773 3714">
    <p class='ocr_par' dir='ltr' id='par_1_91' title="bbox 2119 3639 3773 3714">
     <span class='ocr_line' id='line_1_91' title="bbox 2119 3639 3773 3714; baseline -0.005 -12"><span class='ocrx_word' id='word_1_576' title='bbox 2119 3661 2248 3702; x_wconf 91' lang='lat' dir='ltr'><strong>cum</strong></span> <span class='ocrx_word' id='word_1_577' title='bbox 2280 3644 2569 3700; x_wconf 85' lang='lat' dir='ltr'><strong>transitus</strong></span> <span class='ocrx_word' id='word_1_578' title='bbox 2591 3642 2818 3714; x_wconf 85' lang='lat' dir='ltr'><strong>Alpium</strong></span> <span class='ocrx_word' id='word_1_579' title='bbox 2847 3645 3136 3709; x_wconf 85' lang='lat' dir='ltr'><strong>tenerent,</strong></span> <span class='ocrx_word' id='word_1_580' title='bbox 3169 3639 3523 3696; x_wconf 84' lang='lat' dir='ltr'><strong>Theodosius</strong></span> <span class='ocrx_word' id='word_1_581' title='bbox 3546 3639 3598 3694; x_wconf 90' lang='lat' dir='ltr'><strong>in</strong></span> <span class='ocrx_word' id='word_1_582' title='bbox 3614 3654 3773 3695; x_wconf 91' lang='lat' dir='ltr'><strong>sum-</strong></span> 
     </span>
    </p>
   </div>
   <div class='ocr_carea' id='block_1_92' title="bbox 2119 3727 3771 3804">
    <p class='ocr_par' dir='ltr' id='par_1_92' title="bbox 2119 3727 3771 3804">
     <span class='ocr_line' id='line_1_92' title="bbox 2119 3727 3771 3804; baseline -0.005 -15"><span class='ocrx_word' id='word_1_583' title='bbox 2119 3734 2228 3790; x_wconf 90' lang='lat' dir='ltr'><strong>mis</strong></span> <span class='ocrx_word' id='word_1_584' title='bbox 2265 3732 2505 3804; x_wconf 81' lang='lat' dir='ltr'><strong>Alpibus</strong></span> <span class='ocrx_word' id='word_1_585' title='bbox 2537 3732 2916 3799; x_wconf 87' lang='lat' dir='ltr'><strong>constitutus,</strong></span> <span class='ocrx_word' id='word_1_586' title='bbox 2943 3730 3179 3802; x_wconf 88' lang='lat' dir='ltr'><strong>jejuniis</strong></span> <span class='ocrx_word' id='word_1_587' title='bbox 3204 3733 3259 3784; x_wconf 89' lang='lat' dir='ltr'><strong>et</strong></span> <span class='ocrx_word' id='word_1_588' title='bbox 3294 3727 3654 3785; x_wconf 89' lang='lat' dir='ltr'><strong>orationibus</strong></span> <span class='ocrx_word' id='word_1_589' title='bbox 3684 3728 3771 3782; x_wconf 91' lang='lat' dir='ltr'><strong>in-</strong></span> 
     </span>
    </p>
   </div>
   <div class='ocr_carea' id='block_1_93' title="bbox 2119 3816 3766 3890">
    <p class='ocr_par' dir='ltr' id='par_1_93' title="bbox 2119 3816 3766 3890">
     <span class='ocr_line' id='line_1_93' title="bbox 2119 3816 3766 3890; baseline -0.004 -13"><span class='ocrx_word' id='word_1_590' title='bbox 2119 3824 2321 3878; x_wconf 88' lang='lat' dir='ltr'><strong>tentus</strong></span> <span class='ocrx_word' id='word_1_591' title='bbox 2351 3825 2495 3877; x_wconf 90' lang='lat' dir='ltr'><strong>erat.</strong></span> <span class='ocrx_word' id='word_1_592' title='bbox 2536 3821 2701 3877; x_wconf 84' lang='lat' dir='ltr'><strong>Circa</strong></span> <span class='ocrx_word' id='word_1_593' title='bbox 2734 3820 3021 3890; x_wconf 85' lang='lat' dir='ltr'><strong>gallorum</strong></span> <span class='ocrx_word' id='word_1_594' title='bbox 3046 3832 3185 3874; x_wconf 91' lang='lat' dir='ltr'><strong>vero</strong></span> <span class='ocrx_word' id='word_1_595' title='bbox 3202 3816 3270 3851; x_wconf 80' lang='lat'><strong>°”</strong></span> <span class='ocrx_word' id='word_1_596' title='bbox 3300 3820 3533 3873; x_wconf 89' lang='lat' dir='ltr'><strong>cantum</strong></span> <span class='ocrx_word' id='word_1_597' title='bbox 3558 3831 3766 3887; x_wconf 89' lang='lat' dir='ltr'><strong>sopore</strong></span> 
     </span>
    </p>
   </div>
   <div class='ocr_carea' id='block_1_94' title="bbox 2119 3904 3764 3978">
    <p class='ocr_par' dir='ltr' id='par_1_94' title="bbox 2119 3904 3764 3978">
     <span class='ocr_line' id='line_1_94' title="bbox 2119 3904 3764 3978; baseline -0.004 -11"><span class='ocrx_word' id='word_1_598' title='bbox 2119 3910 2497 3978; x_wconf 89' lang='lat' dir='ltr'><strong>constrictus,</strong></span> <span class='ocrx_word' id='word_1_599' title='bbox 2532 3908 2681 3965; x_wconf 91' lang='lat' dir='ltr'><strong>vidit</strong></span> <span class='ocrx_word' id='word_1_600' title='bbox 2704 3908 2759 3964; x_wconf 93' lang='lat' dir='ltr'><strong>in</strong></span> <span class='ocrx_word' id='word_1_601' title='bbox 2784 3907 3024 3977; x_wconf 89' lang='lat' dir='ltr'><strong>somnis,</strong></span> <span class='ocrx_word' id='word_1_602' title='bbox 3052 3906 3212 3977; x_wconf 90' lang='lat' dir='ltr'><strong>quasi</strong></span> <span class='ocrx_word' id='word_1_603' title='bbox 3232 3904 3455 3975; x_wconf 83' lang='lat' dir='ltr'><strong>jaceret</strong></span> <span class='ocrx_word' id='word_1_604' title='bbox 3480 3904 3535 3960; x_wconf 92' lang='lat' dir='ltr'><strong>in</strong></span> <span class='ocrx_word' id='word_1_605' title='bbox 3560 3919 3764 3975; x_wconf 89' lang='lat' dir='ltr'><strong>campo</strong></span> 
     </span>
    </p>
   </div>
   <div class='ocr_carea' id='block_1_95' title="bbox 2119 3990 3761 4067">
    <p class='ocr_par' dir='ltr' id='par_1_95' title="bbox 2119 3990 3761 4067">
     <span class='ocr_line' id='line_1_95' title="bbox 2119 3990 3761 4067; baseline -0.004 -14"><span class='ocrx_word' id='word_1_606' title='bbox 2119 4001 2179 4053; x_wconf 92' lang='lat' dir='ltr'><strong>et</strong></span> <span class='ocrx_word' id='word_1_607' title='bbox 2209 3999 2469 4053; x_wconf 88' lang='lat' dir='ltr'><strong>astarent</strong></span> <span class='ocrx_word' id='word_1_608' title='bbox 2502 3996 2553 4051; x_wconf 87' lang='lat' dir='ltr'><strong>ei</strong></span> <span class='ocrx_word' id='word_1_609' title='bbox 2588 3996 2703 4053; x_wconf 89' lang='lat' dir='ltr'><strong>duo</strong></span> <span class='ocrx_word' id='word_1_610' title='bbox 2735 3996 2969 4067; x_wconf 89' lang='lat' dir='ltr'><strong>quidam</strong></span> <span class='ocrx_word' id='word_1_611' title='bbox 3020 3993 3129 4049; x_wconf 90' lang='lat' dir='ltr'><strong>viri</strong></span> <span class='ocrx_word' id='word_1_612' title='bbox 3183 3993 3236 4048; x_wconf 90' lang='lat' dir='ltr'><strong>in</strong></span> <span class='ocrx_word' id='word_1_613' title='bbox 3287 3992 3551 4049; x_wconf 90' lang='lat' dir='ltr'><strong>vestibus</strong></span> <span class='ocrx_word' id='word_1_614' title='bbox 3596 3990 3761 4061; x_wconf 90' lang='lat' dir='ltr'><strong>albis,</strong></span> 
     </span>
    </p>
   </div>
   <div class='ocr_carea' id='block_1_96' title="bbox 2119 4079 3765 4157">
    <p class='ocr_par' dir='ltr' id='par_1_96' title="bbox 2119 4079 3765 4157">
     <span class='ocr_line' id='line_1_96' title="bbox 2119 4079 3765 4157; baseline -0.005 -14"><span class='ocrx_word' id='word_1_615' title='bbox 2119 4085 2287 4157; x_wconf 89' lang='lat' dir='ltr'><strong>equis</strong></span> <span class='ocrx_word' id='word_1_616' title='bbox 2302 4084 2734 4142; x_wconf 88' lang='lat' dir='ltr'><strong>candidissimis</strong></span> <span class='ocrx_word' id='word_1_617' title='bbox 2751 4082 3385 4153; x_wconf 81' lang='lat' dir='ltr'><strong>residentes,jubentes</strong></span> <span class='ocrx_word' id='word_1_618' title='bbox 3400 4095 3528 4137; x_wconf 92' lang='lat' dir='ltr'><strong>eum</strong></span> <span class='ocrx_word' id='word_1_619' title='bbox 3555 4079 3765 4137; x_wconf 88' lang='lat' dir='ltr'><strong>habere</strong></span> 
     </span>
    </p>
   </div>
   <div class='ocr_carea' id='block_1_97' title="bbox 2123 4168 3764 4247">
    <p class='ocr_par' dir='ltr' id='par_1_97' title="bbox 2123 4168 3764 4247">
     <span class='ocr_line' id='line_1_97' title="bbox 2123 4168 3764 4247; baseline -0.004 -16"><span class='ocrx_word' id='word_1_620' title='bbox 2123 4174 2388 4232; x_wconf 88' lang='lat' dir='ltr'><strong>fiduciam</strong></span> <span class='ocrx_word' id='word_1_621' title='bbox 2422 4173 2727 4247; x_wconf 90' lang='lat' dir='ltr'><strong>primoque</strong></span> <span class='ocrx_word' id='word_1_622' title='bbox 2760 4171 3021 4229; x_wconf 89' lang='lat' dir='ltr'><strong>diluculo</strong></span> <span class='ocrx_word' id='word_1_623' title='bbox 3072 4184 3385 4243; x_wconf 88' lang='lat' dir='ltr'><strong>preparare</strong></span> <span class='ocrx_word' id='word_1_624' title='bbox 3438 4168 3648 4225; x_wconf 90' lang='lat' dir='ltr'><strong>milites</strong></span> <span class='ocrx_word' id='word_1_625' title='bbox 3690 4168 3764 4225; x_wconf 91' lang='lat' dir='ltr'><strong>ad</strong></span> 
     </span>
    </p>
   </div>
   <div class='ocr_carea' id='block_1_98' title="bbox 2121 4256 3765 4333">
    <p class='ocr_par' dir='ltr' id='par_1_98' title="bbox 2121 4256 3765 4333">
     <span class='ocr_line' id='line_1_98' title="bbox 2121 4256 3765 4333; baseline -0.005 -14"><span class='ocrx_word' id='word_1_626' title='bbox 2121 4263 2452 4333; x_wconf 89' lang='lat' dir='ltr'><strong>victoriam,</strong></span> <span class='ocrx_word' id='word_1_627' title='bbox 2483 4277 2662 4333; x_wconf 88' lang='lat' dir='ltr'><strong>seque</strong></span> <span class='ocrx_word' id='word_1_628' title='bbox 2694 4261 2965 4318; x_wconf 89' lang='lat' dir='ltr'><strong>dicebant</strong></span> <span class='ocrx_word' id='word_1_629' title='bbox 2994 4259 3064 4316; x_wconf 90' lang='lat' dir='ltr'><strong>ad</strong></span> <span class='ocrx_word' id='word_1_630' title='bbox 3085 4258 3358 4317; x_wconf 86' lang='lat' dir='ltr'><strong>solatium</strong></span> <span class='ocrx_word' id='word_1_631' title='bbox 3381 4256 3492 4314; x_wconf 90' lang='lat' dir='ltr'><strong>sibi</strong></span> <span class='ocrx_word' id='word_1_632' title='bbox 3516 4257 3765 4313; x_wconf 89' lang='lat' dir='ltr'><strong>destina-</strong></span> 
     </span>
    </p>
   </div>
   <div class='ocr_carea' id='block_1_99' title="bbox 2121 4347 3767 4421">
    <p class='ocr_par' dir='ltr' id='par_1_99' title="bbox 2121 4347 3767 4421">
     <span class='ocr_line' id='line_1_99' title="bbox 2121 4347 3767 4421; baseline -0.005 -13"><span class='ocrx_word' id='word_1_633' title='bbox 2121 4357 2235 4409; x_wconf 92' lang='lat' dir='ltr'><strong>tos.</strong></span> <span class='ocrx_word' id='word_1_634' title='bbox 2272 4354 2525 4421; x_wconf 90' lang='lat' dir='ltr'><strong>Quorum</strong></span> <span class='ocrx_word' id='word_1_635' title='bbox 2557 4351 2707 4409; x_wconf 89' lang='lat' dir='ltr'><strong>alter</strong></span> <span class='ocrx_word' id='word_1_636' title='bbox 2741 4350 2993 4419; x_wconf 88' lang='lat' dir='ltr'><strong>dicebat,</strong></span> <span class='ocrx_word' id='word_1_637' title='bbox 3030 4363 3090 4405; x_wconf 87' lang='lat' dir='ltr'><strong>se</strong></span> <span class='ocrx_word' id='word_1_638' title='bbox 3114 4362 3244 4405; x_wconf 90' lang='lat' dir='ltr'><strong>esse</strong></span> <span class='ocrx_word' id='word_1_639' title='bbox 3266 4347 3576 4403; x_wconf 79' lang='lat' dir='ltr'><strong>Iohannem</strong></span> <span class='ocrx_word' id='word_1_640' title='bbox 3599 4359 3767 4402; x_wconf 86' lang='lat' dir='ltr'><strong>evan-</strong></span> 
     </span>
    </p>
   </div>
   <div class='ocr_carea' id='block_1_100' title="bbox 2122 4434 3764 4512">
    <p class='ocr_par' dir='ltr' id='par_1_100' title="bbox 2122 4434 3764 4512">
     <span class='ocr_line' id='line_1_100' title="bbox 2122 4434 3764 4512; baseline -0.005 -14"><span class='ocrx_word' id='word_1_641' title='bbox 2122 4442 2411 4512; x_wconf 89' lang='lat' dir='ltr'><strong>gelistam,</strong></span> <span class='ocrx_word' id='word_1_642' title='bbox 2464 4440 2616 4497; x_wconf 92' lang='lat' dir='ltr'><strong>alter</strong></span> <span class='ocrx_word' id='word_1_643' title='bbox 2649 4439 2976 4511; x_wconf 90' lang='lat' dir='ltr'><strong>Philippum</strong></span> <span class='ocrx_word' id='word_1_644' title='bbox 3032 4436 3377 4509; x_wconf 90' lang='lat' dir='ltr'><strong>apostolum.</strong></span> <span class='ocrx_word' id='word_1_645' title='bbox 3432 4435 3568 4501; x_wconf 68' lang='lat' dir='ltr'><strong>Quae</strong></span> <span class='ocrx_word' id='word_1_646' title='bbox 3619 4434 3764 4491; x_wconf 88' lang='lat' dir='ltr'><strong>visio</strong></span> 
     </span>
    </p>
   </div>
   <div class='ocr_carea' id='block_1_101' title="bbox 2123 4519 3764 4590">
    <p class='ocr_par' dir='ltr' id='par_1_101' title="bbox 2123 4519 3764 4590">
     <span class='ocr_line' id='line_1_101' title="bbox 2123 4519 3764 4590; baseline -0.007 -3"><span class='ocrx_word' id='word_1_647' title='bbox 2123 4530 2298 4587; x_wconf 87' lang='lat' dir='ltr'><strong>etiam</strong></span> <span class='ocrx_word' id='word_1_648' title='bbox 2350 4528 2523 4585; x_wconf 90' lang='lat' dir='ltr'><strong>alicui</strong></span> <span class='ocrx_word' id='word_1_649' title='bbox 2576 4527 2744 4583; x_wconf 90' lang='lat' dir='ltr'><strong>militi</strong></span> <span class='ocrx_word' id='word_1_650' title='bbox 2791 4526 2860 4560; x_wconf 81' lang='grc'><strong>⁹²³</strong></span> <span class='ocrx_word' id='word_1_651' title='bbox 2911 4525 3167 4583; x_wconf 90' lang='lat' dir='ltr'><strong>revelata</strong></span> <span class='ocrx_word' id='word_1_652' title='bbox 3220 4528 3329 4581; x_wconf 87' lang='lat' dir='ltr'><strong>est.</strong></span> <span class='ocrx_word' id='word_1_653' title='bbox 3385 4521 3504 4590; x_wconf 90' lang='lat' dir='ltr'><strong>Qua</strong></span> <span class='ocrx_word' id='word_1_654' title='bbox 3549 4519 3764 4578; x_wconf 90' lang='lat' dir='ltr'><strong>visione</strong></span> 
     </span>
    </p>
   </div>
   <div class='ocr_carea' id='block_1_102' title="bbox 2124 4609 3763 4691">
    <p class='ocr_par' dir='ltr' id='par_1_102' title="bbox 2124 4609 3763 4691">
     <span class='ocr_line' id='line_1_102' title="bbox 2124 4609 3763 4691; baseline -0.007 -16"><span class='ocrx_word' id='word_1_655' title='bbox 2124 4622 2442 4691; x_wconf 90' lang='lat' dir='ltr'><strong>comperta,</strong></span> <span class='ocrx_word' id='word_1_656' title='bbox 2480 4616 2783 4674; x_wconf 87' lang='lat' dir='ltr'><strong>uberiores</strong></span> <span class='ocrx_word' id='word_1_657' title='bbox 2818 4616 2871 4672; x_wconf 92' lang='lat' dir='ltr'><strong>in</strong></span> <span class='ocrx_word' id='word_1_658' title='bbox 2906 4613 3171 4671; x_wconf 90' lang='lat' dir='ltr'><strong>oratione</strong></span> <span class='ocrx_word' id='word_1_659' title='bbox 3204 4611 3474 4669; x_wconf 89' lang='lat' dir='ltr'><strong>lacrimas</strong></span> <span class='ocrx_word' id='word_1_660' title='bbox 3506 4609 3668 4680; x_wconf 91' lang='lat' dir='ltr'><strong>fudit,</strong></span> <span class='ocrx_word' id='word_1_661' title='bbox 3704 4613 3763 4665; x_wconf 88' lang='lat' dir='ltr'><strong>et</strong></span> 
     </span>
    </p>
   </div>
   <div class='ocr_carea' id='block_1_103' title="bbox 2127 4696 3762 4775">
    <p class='ocr_par' dir='ltr' id='par_1_103' title="bbox 2127 4696 3762 4775">
     <span class='ocr_line' id='line_1_103' title="bbox 2127 4696 3762 4775; baseline -0.006 -11"><span class='ocrx_word' id='word_1_662' title='bbox 2127 4709 2183 4764; x_wconf 89' lang='lat' dir='ltr'><strong>in</strong></span> <span class='ocrx_word' id='word_1_663' title='bbox 2215 4706 2537 4763; x_wconf 90' lang='lat' dir='ltr'><strong>crastinum</strong></span> <span class='ocrx_word' id='word_1_664' title='bbox 2570 4706 2723 4761; x_wconf 87' lang='lat' dir='ltr'><strong>facta</strong></span> <span class='ocrx_word' id='word_1_665' title='bbox 2752 4696 3192 4775; x_wconf 87' lang='lat' dir='ltr'><strong>congressione,</strong></span> <span class='ocrx_word' id='word_1_666' title='bbox 3244 4701 3419 4758; x_wconf 90' lang='lat' dir='ltr'><strong>turbo</strong></span> <span class='ocrx_word' id='word_1_667' title='bbox 3467 4702 3762 4756; x_wconf 89' lang='lat' dir='ltr'><strong>ventorum</strong></span> 
     </span>
    </p>
   </div>
   <div class='ocr_carea' id='block_1_104' title="bbox 2127 4786 3759 4867">
    <p class='ocr_par' dir='ltr' id='par_1_104' title="bbox 2127 4786 3759 4867">
     <span class='ocr_line' id='line_1_104' title="bbox 2127 4786 3759 4867; baseline -0.008 -14"><span class='ocrx_word' id='word_1_668' title='bbox 2127 4797 2412 4853; x_wconf 84' lang='lat' dir='ltr'><strong>maximus</strong></span> <span class='ocrx_word' id='word_1_669' title='bbox 2433 4810 2461 4850; x_wconf 92' lang='lat' dir='ltr'><strong>a</strong></span> <span class='ocrx_word' id='word_1_670' title='bbox 2487 4799 2653 4867; x_wconf 89' lang='lat' dir='ltr'><strong>parte</strong></span> <span class='ocrx_word' id='word_1_671' title='bbox 2675 4793 2979 4850; x_wconf 88' lang='lat' dir='ltr'><strong>Theodosii</strong></span> <span class='ocrx_word' id='word_1_672' title='bbox 3006 4792 3061 4847; x_wconf 91' lang='lat' dir='ltr'><strong>in</strong></span> <span class='ocrx_word' id='word_1_673' title='bbox 3090 4807 3189 4849; x_wconf 89' lang='lat' dir='ltr'><strong>ora</strong></span> <span class='ocrx_word' id='word_1_674' title='bbox 3214 4788 3463 4846; x_wconf 86' lang='lat' dir='ltr'><strong>hostium</strong></span> <span class='ocrx_word' id='word_1_675' title='bbox 3497 4786 3759 4855; x_wconf 88' lang='lat' dir='ltr'><strong>surrexit,</strong></span> 
     </span>
    </p>
   </div>
   <div class='ocr_carea' id='block_1_105' title="bbox 2128 4876 3759 4958">
    <p class='ocr_par' dir='ltr' id='par_1_105' title="bbox 2128 4876 3759 4958">
     <span class='ocr_line' id='line_1_105' title="bbox 2128 4876 3759 4958; baseline -0.009 -14"><span class='ocrx_word' id='word_1_676' title='bbox 2128 4885 2224 4958; x_wconf 90' lang='lat' dir='ltr'><strong>qui</strong></span> <span class='ocrx_word' id='word_1_677' title='bbox 2251 4884 2391 4954; x_wconf 89' lang='lat' dir='ltr'><strong>tela,</strong></span> <span class='ocrx_word' id='word_1_678' title='bbox 2428 4899 2555 4955; x_wconf 62' lang='lat' dir='ltr'><strong>quae</strong></span> <span class='ocrx_word' id='word_1_679' title='bbox 2591 4883 2700 4955; x_wconf 91' lang='lat' dir='ltr'><strong>ipsi</strong></span> <span class='ocrx_word' id='word_1_680' title='bbox 2728 4884 3059 4951; x_wconf 87' lang='lat' dir='ltr'><strong>mittebant,</strong></span> <span class='ocrx_word' id='word_1_681' title='bbox 3089 4880 3140 4936; x_wconf 92' lang='lat' dir='ltr'><strong>in</strong></span> <span class='ocrx_word' id='word_1_682' title='bbox 3177 4880 3338 4952; x_wconf 91' lang='lat' dir='ltr'><strong>ipsos</strong></span> <span class='ocrx_word' id='word_1_683' title='bbox 3370 4876 3759 4948; x_wconf 87' lang='lat' dir='ltr'><strong>retorquebat,</strong></span> 
     </span>
    </p>
   </div>
   <div class='ocr_carea' id='block_1_106' title="bbox 2126 4966 3764 5044">
    <p class='ocr_par' dir='ltr' id='par_1_106' title="bbox 2126 4966 3764 5044">
     <span class='ocr_line' id='line_1_106' title="bbox 2126 4966 3764 5044; baseline -0.008 -12"><span class='ocrx_word' id='word_1_684' title='bbox 2126 4990 2191 5032; x_wconf 89' lang='lat' dir='ltr'><strong>ea</strong></span> <span class='ocrx_word' id='word_1_685' title='bbox 2226 4988 2385 5039; x_wconf 87' lang='lat' dir='ltr'><strong>vero,</strong></span> <span class='ocrx_word' id='word_1_686' title='bbox 2418 4988 2547 5044; x_wconf 63' lang='lat' dir='ltr'><strong>quae</strong></span> <span class='ocrx_word' id='word_1_687' title='bbox 2577 4974 2648 5029; x_wconf 90' lang='lat' dir='ltr'><strong>ab</strong></span> <span class='ocrx_word' id='word_1_688' title='bbox 2679 4973 2807 5043; x_wconf 88' lang='lat' dir='ltr'><strong>ejus</strong></span> <span class='ocrx_word' id='word_1_689' title='bbox 2843 4976 3007 5044; x_wconf 90' lang='lat' dir='ltr'><strong>parte</strong></span> <span class='ocrx_word' id='word_1_690' title='bbox 3043 4970 3215 5027; x_wconf 89' lang='lat' dir='ltr'><strong>missa</strong></span> <span class='ocrx_word' id='word_1_691' title='bbox 3251 4971 3403 5037; x_wconf 91' lang='lat' dir='ltr'><strong>sunt,</strong></span> <span class='ocrx_word' id='word_1_692' title='bbox 3439 4966 3586 5023; x_wconf 88' lang='lat' dir='ltr'><strong>ultra</strong></span> <span class='ocrx_word' id='word_1_693' title='bbox 3616 4978 3764 5020; x_wconf 87' lang='lat' dir='ltr'><strong>men-</strong></span> 
     </span>
    </p>
   </div>
   <div class='ocr_carea' id='block_1_107' title="bbox 2128 5056 3758 5132">
    <p class='ocr_par' dir='ltr' id='par_1_107' title="bbox 2128 5056 3758 5132">
     <span class='ocr_line' id='line_1_107' title="bbox 2128 5056 3758 5132; baseline -0.007 -12"><span class='ocrx_word' id='word_1_694' title='bbox 2128 5078 2322 5120; x_wconf 89' lang='lat' dir='ltr'><strong>suram</strong></span> <span class='ocrx_word' id='word_1_695' title='bbox 2354 5061 2583 5119; x_wconf 90' lang='lat' dir='ltr'><strong>humani</strong></span> <span class='ocrx_word' id='word_1_696' title='bbox 2611 5062 2808 5132; x_wconf 89' lang='lat' dir='ltr'><strong>jactus</strong></span> <span class='ocrx_word' id='word_1_697' title='bbox 2842 5075 2945 5132; x_wconf 87' lang='lat' dir='ltr'><strong>per</strong></span> <span class='ocrx_word' id='word_1_698' title='bbox 3005 5071 3271 5129; x_wconf 90' lang='lat' dir='ltr'><strong>magnum</strong></span> <span class='ocrx_word' id='word_1_699' title='bbox 3317 5056 3484 5111; x_wconf 88' lang='lat' dir='ltr'><strong>inane</strong></span> <span class='ocrx_word' id='word_1_700' title='bbox 3535 5056 3758 5124; x_wconf 87' lang='lat' dir='ltr'><strong>portata</strong></span> 
     </span>
    </p>
   </div>
   <div class='ocr_carea' id='block_1_108' title="bbox 2128 5142 3765 5219">
    <p class='ocr_par' dir='ltr' id='par_1_108' title="bbox 2128 5142 3765 5219">
     <span class='ocr_line' id='line_1_108' title="bbox 2128 5142 3765 5219; baseline -0.007 -12"><span class='ocrx_word' id='word_1_701' title='bbox 2128 5151 2394 5208; x_wconf 88' lang='lat' dir='ltr'><strong>valenter</strong></span> <span class='ocrx_word' id='word_1_702' title='bbox 2425 5150 2699 5206; x_wconf 85' lang='lat' dir='ltr'><strong>hostibus</strong></span> <span class='ocrx_word' id='word_1_703' title='bbox 2732 5149 3027 5219; x_wconf 83' lang='lat' dir='ltr'><strong>infigebat.</strong></span> <span class='ocrx_word' id='word_1_704' title='bbox 3062 5145 3354 5217; x_wconf 90' lang='lat' dir='ltr'><strong>Eugenius</strong></span> <span class='ocrx_word' id='word_1_705' title='bbox 3402 5142 3594 5214; x_wconf 88' lang='lat' dir='ltr'><strong>itaque</strong></span> <span class='ocrx_word' id='word_1_706' title='bbox 3641 5156 3765 5197; x_wconf 89' lang='lat' dir='ltr'><strong>cor-</strong></span> 
     </span>
    </p>
   </div>
   <div class='ocr_carea' id='block_1_109' title="bbox 2131 5228 3762 5311">
    <p class='ocr_par' dir='ltr' id='par_1_109' title="bbox 2131 5228 3762 5311">
     <span class='ocr_line' id='line_1_109' title="bbox 2131 5228 3762 5311; baseline -0.007 -15"><span class='ocrx_word' id='word_1_707' title='bbox 2131 5254 2308 5297; x_wconf 90' lang='lat' dir='ltr'><strong>ruens</strong></span> <span class='ocrx_word' id='word_1_708' title='bbox 2340 5239 2411 5295; x_wconf 92' lang='lat' dir='ltr'><strong>ad</strong></span> <span class='ocrx_word' id='word_1_709' title='bbox 2448 5238 2624 5311; x_wconf 89' lang='lat' dir='ltr'><strong>pedes</strong></span> <span class='ocrx_word' id='word_1_710' title='bbox 2655 5236 3046 5310; x_wconf 88' lang='lat' dir='ltr'><strong>imperatoris,</strong></span> <span class='ocrx_word' id='word_1_711' title='bbox 3074 5234 3298 5292; x_wconf 85' lang='lat' dir='ltr'><strong>veniam</strong></span> <span class='ocrx_word' id='word_1_712' title='bbox 3322 5232 3584 5303; x_wconf 88' lang='lat' dir='ltr'><strong>rogabat,</strong></span> <span class='ocrx_word' id='word_1_713' title='bbox 3612 5228 3705 5286; x_wconf 87' lang='lat' dir='ltr'><strong>sed</strong></span> <span class='ocrx_word' id='word_1_714' title='bbox 3732 5244 3762 5284; x_wconf 95' lang='lat' dir='ltr'><strong>a</strong></span> 
     </span>
    </p>
   </div>
   <div class='ocr_carea' id='block_1_110' title="bbox 2132 5320 3767 5399">
    <p class='ocr_par' dir='ltr' id='par_1_110' title="bbox 2132 5320 3767 5399">
     <span class='ocr_line' id='line_1_110' title="bbox 2132 5320 3767 5399; baseline -0.007 -16"><span class='ocrx_word' id='word_1_715' title='bbox 2132 5326 2415 5384; x_wconf 88' lang='lat' dir='ltr'><strong>militibus</strong></span> <span class='ocrx_word' id='word_1_716' title='bbox 2445 5326 2600 5385; x_wconf 91' lang='lat' dir='ltr'><strong>circa</strong></span> <span class='ocrx_word' id='word_1_717' title='bbox 2626 5327 2804 5399; x_wconf 91' lang='lat' dir='ltr'><strong>pedes</strong></span> <span class='ocrx_word' id='word_1_718' title='bbox 2826 5327 2954 5397; x_wconf 89' lang='lat' dir='ltr'><strong>ejus</strong></span> <span class='ocrx_word' id='word_1_719' title='bbox 2977 5326 3171 5399; x_wconf 88' lang='lat' dir='ltr'><strong>capite</strong></span> <span class='ocrx_word' id='word_1_720' title='bbox 3195 5324 3500 5381; x_wconf 88' lang='lat' dir='ltr'><strong>truncatus</strong></span> <span class='ocrx_word' id='word_1_721' title='bbox 3521 5324 3639 5384; x_wconf 90' lang='lat' dir='ltr'><strong>est;</strong></span> <span class='ocrx_word' id='word_1_722' title='bbox 3664 5320 3767 5373; x_wconf 81' lang='lat' dir='ltr'><strong>Ar-</strong></span> 
     </span>
    </p>
   </div>
   <div class='ocr_carea' id='block_1_111' title="bbox 1733 5492 2414 5551">
    <p class='ocr_par' dir='ltr' id='par_1_111' title="bbox 1733 5492 2414 5551">
     <span class='ocr_line' id='line_1_111' title="bbox 1733 5492 2414 5551; baseline -0.003 -1"><span class='ocrx_word' id='word_1_723' title='bbox 1733 5492 1971 5550; x_wconf 68' lang='lat' dir='ltr'><strong>VARIE</strong></span> <span class='ocrx_word' id='word_1_724' title='bbox 2012 5493 2414 5551; x_wconf 83' lang='lat' dir='ltr'><strong>LECTIONES.</strong></span> 
     </span>
    </p>
   </div>
   <div class='ocr_carea' id='block_1_112' title="bbox 443 5655 3767 5727">
    <p class='ocr_par' dir='ltr' id='par_1_112' title="bbox 443 5655 3767 5727">
     <span class='ocr_line' id='line_1_112' title="bbox 443 5655 3767 5727; baseline 0.005 -33"><span class='ocrx_word' id='word_1_725' title='bbox 443 5660 512 5695; x_wconf 75' lang='lat' dir='ltr'><strong>su</strong></span> <span class='ocrx_word' id='word_1_726' title='bbox 543 5662 637 5719; x_wconf 76' lang='lat' dir='ltr'><strong>xx</strong></span> <span class='ocrx_word' id='word_1_727' title='bbox 666 5661 860 5721; x_wconf 58' lang='lat' dir='ltr'><strong>tribus</strong></span> <span class='ocrx_word' id='word_1_728' title='bbox 889 5662 948 5722; x_wconf 72' lang='grc' dir='ltr'>ιδ</span> <span class='ocrx_word' id='word_1_729' title='bbox 973 5664 1163 5722; x_wconf 79' lang='lat' dir='ltr'><strong>XVIII.</strong></span> <span class='ocrx_word' id='word_1_730' title='bbox 1199 5670 1251 5722; x_wconf 76' lang='lat'><strong>5.</strong></span> <span class='ocrx_word' id='word_1_731' title='bbox 1290 5669 1371 5721; x_wconf 90' lang='grc'><strong>10.</strong></span> <span class='ocrx_word' id='word_1_732' title='bbox 1406 5666 1491 5722; x_wconf 80' lang='grc' dir='ltr'><strong>Η.</strong></span> <span class='ocrx_word' id='word_1_733' title='bbox 1527 5662 1595 5697; x_wconf 70' lang='grc' dir='ltr'><strong>ἰ’</strong></span> <span class='ocrx_word' id='word_1_734' title='bbox 1643 5664 1789 5721; x_wconf 66' lang='lat' dir='ltr'><strong>Hac</strong></span> <span class='ocrx_word' id='word_1_735' title='bbox 1834 5677 1874 5721; x_wconf 84' lang='grc' dir='ltr'><em>α</em></span> <span class='ocrx_word' id='word_1_736' title='bbox 1922 5668 2043 5724; x_wconf 78' lang='grc'><strong>385.</strong></span> <span class='ocrx_word' id='word_1_737' title='bbox 2094 5667 2161 5721; x_wconf 87' lang='lat' dir='ltr'><strong>D?</strong></span> <span class='ocrx_word' id='word_1_738' title='bbox 2208 5667 2266 5722; x_wconf 91' lang='lat' dir='ltr'><strong>E.</strong></span> <span class='ocrx_word' id='word_1_739' title='bbox 2320 5663 2387 5699; x_wconf 67' lang='grc'><strong>’1³</strong></span> <span class='ocrx_word' id='word_1_740' title='bbox 2433 5663 2819 5721; x_wconf 90' lang='lat' dir='ltr'><strong>theremantia</strong></span> <span class='ocrx_word' id='word_1_741' title='bbox 2870 5667 2947 5717; x_wconf 74' lang='lat'><strong>9°.</strong></span> <span class='ocrx_word' id='word_1_742' title='bbox 3003 5660 3380 5719; x_wconf 89' lang='lat' dir='ltr'><strong>terremantia</strong></span> <span class='ocrx_word' id='word_1_743' title='bbox 3430 5658 3505 5713; x_wconf 75' lang='lat' dir='ltr'><strong>1b.</strong></span> <span class='ocrx_word' id='word_1_744' title='bbox 3554 5655 3617 5689; x_wconf 81' lang='grc'><strong>⁹¹⁸</strong></span> <span class='ocrx_word' id='word_1_745' title='bbox 3658 5656 3767 5727; x_wconf 81' lang='lat' dir='ltr'><strong>XL,</strong></span> 
     </span>
    </p>
   </div>
   <div class='ocr_carea' id='block_1_113' title="bbox 374 5731 1464 5793">
    <p class='ocr_par' dir='ltr' id='par_1_113' title="bbox 374 5731 1464 5793">
     <span class='ocr_line' id='line_1_113' title="bbox 374 5731 1464 5793; baseline 0.004 -7"><span class='ocrx_word' id='word_1_746' title='bbox 374 5731 444 5786; x_wconf 68' lang='lat' dir='ltr'><strong>D2</strong></span> <span class='ocrx_word' id='word_1_747' title='bbox 474 5734 534 5788; x_wconf 86' lang='lat' dir='ltr'><strong>E.</strong></span> <span class='ocrx_word' id='word_1_748' title='bbox 568 5734 630 5791; x_wconf 76' lang='lat' dir='ltr'><strong>et</strong></span> <span class='ocrx_word' id='word_1_749' title='bbox 654 5735 746 5792; x_wconf 78' lang='lat' dir='ltr'><strong>ita</strong></span> <span class='ocrx_word' id='word_1_750' title='bbox 770 5734 1044 5793; x_wconf 67' lang='lat' dir='ltr'><strong>deinceps</strong></span> <span class='ocrx_word' id='word_1_751' title='bbox 1072 5734 1141 5769; x_wconf 75' lang='grc'><strong>⁸⁸⁸</strong></span> <span class='ocrx_word' id='word_1_752' title='bbox 1178 5751 1224 5792; x_wconf 89' lang='lat' dir='ltr'><strong>s.</strong></span> <span class='ocrx_word' id='word_1_753' title='bbox 1283 5736 1349 5791; x_wconf 87' lang='lat' dir='ltr'><strong>R.</strong></span> <span class='ocrx_word' id='word_1_754' title='bbox 1414 5741 1464 5791; x_wconf 71' lang='grc' dir='ltr'><strong>δ.</strong></span> 
     </span>
    </p>
   </div>
   <div class='ocr_carea' id='block_1_114' title="bbox 1524 5731 3762 5808">
    <p class='ocr_par' dir='ltr' id='par_1_114' title="bbox 1524 5731 3762 5808">
     <span class='ocr_line' id='line_1_114' title="bbox 1524 5731 3762 5808; baseline -0.002 -19"><span class='ocrx_word' id='word_1_755' title='bbox 1524 5732 1594 5768; x_wconf 68' lang='grc'><strong>⁸⁸⁸</strong></span> <span class='ocrx_word' id='word_1_756' title='bbox 1650 5734 1912 5808; x_wconf 89' lang='lat' dir='ltr'><strong>vixitque</strong></span> <span class='ocrx_word' id='word_1_757' title='bbox 1968 5738 2043 5792; x_wconf 73' lang='grc' dir='ltr'><strong>9τ.</strong></span> <span class='ocrx_word' id='word_1_758' title='bbox 2101 5735 2187 5808; x_wconf 16' lang='grc' dir='ltr'><strong>Ριτί</strong></span> <span class='ocrx_word' id='word_1_759' title='bbox 2227 5737 2331 5793; x_wconf 81' lang='lat' dir='ltr'><strong>XL.</strong></span> <span class='ocrx_word' id='word_1_760' title='bbox 2392 5742 2469 5791; x_wconf 77' lang='lat'><strong>9°.</strong></span> <span class='ocrx_word' id='word_1_761' title='bbox 2532 5733 2602 5768; x_wconf 67' lang='lat'><strong>9“</strong></span> <span class='ocrx_word' id='word_1_762' title='bbox 2656 5734 2963 5806; x_wconf 73' lang='lat' dir='ltr'><strong>aquilegia:</strong></span> <span class='ocrx_word' id='word_1_763' title='bbox 3022 5738 3071 5792; x_wconf 78' lang='lat'><strong>5.</strong></span> <span class='ocrx_word' id='word_1_764' title='bbox 3130 5731 3199 5765; x_wconf 71' lang='lat'><strong>&quot;9</strong></span> <span class='ocrx_word' id='word_1_765' title='bbox 3256 5731 3655 5799; x_wconf 89' lang='lat' dir='ltr'><strong>victoremque</strong></span> <span class='ocrx_word' id='word_1_766' title='bbox 3709 5733 3762 5785; x_wconf 75' lang='lat'><strong>5.</strong></span> 
     </span>
    </p>
   </div>
   <div class='ocr_carea' id='block_1_115' title="bbox 373 5749 2415 5877">
    <p class='ocr_par' dir='ltr' id='par_1_115' title="bbox 373 5749 2415 5877">
     <span class='ocr_line' id='line_1_115' title="bbox 373 5749 2415 5877; baseline 0.002 -18"><span class='ocrx_word' id='word_1_767' title='bbox 373 5749 444 5835; x_wconf 46' lang='grc' dir='ltr'><strong>ἐξ</strong></span> <span class='ocrx_word' id='word_1_768' title='bbox 476 5749 752 5863; x_wconf 49' lang='grc' dir='ltr'><strong>ἓᾶἱέξὶτιξῖ</strong></span> <span class='ocrx_word' id='word_1_769' title='bbox 764 5749 1048 5863; x_wconf 49' lang='grc' dir='ltr'><strong>εἷαεῗθξῧ</strong></span> <span class='ocrx_word' id='word_1_770' title='bbox 1082 5751 1246 5864; x_wconf 49' lang='lat' dir='ltr'><strong>(fecit</strong></span> <span class='ocrx_word' id='word_1_771' title='bbox 1269 5749 1391 5865; x_wconf 58' lang='grc' dir='ltr'><strong>ἕί.</strong></span> <span class='ocrx_word' id='word_1_772' title='bbox 1414 5760 1496 5840; x_wconf 32' lang='grc' dir='ltr'><strong>(ἰδ’</strong></span> <span class='ocrx_word' id='word_1_773' title='bbox 1527 5749 1929 5877; x_wconf 32' lang='lat' dir='ltr'><strong>maxuma“;</strong></span> <span class='ocrx_word' id='word_1_774' title='bbox 1964 5749 2120 5864; x_wconf 36' lang='grc' dir='ltr'><strong>ἔξω</strong></span> <span class='ocrx_word' id='word_1_775' title='bbox 2151 5749 2415 5867; x_wconf 44' lang='grc' dir='ltr'><strong>ἀθέςιῖῦοῗ</strong></span> 
     </span>
    </p>
   </div>
  </div>
