3946 6410
180 411 296 482 767

1349 419 1835 494 EKKEHARDI
1873 423 2428 502 URAUGIENSIS

3469 431 3587 498 768

185 548 555 646 Consentiam
586 557 854 615 mortuus
885 563 993 616 est.
1039 557 1144 632 (II.
1191 567 1297 634 φη.)
1353 561 1456 621 Cui
1506 565 1828 626 succedens
1859 565 1914 626 A
2016 571 2102 626 13.
2139 568 2308 639 (σήν.
2349 571 2466 642 W.)
2498 572 2563 630 A.
2607 572 2670 629 D.
2723 569 2842 629 411.
2897 566 3222 628 Archadius
3268 567 3586 646 imperator

184 644 508 714 Athaulfus,
546 649 1014 717 consanguineus
1045 651 1190 722 ejus,
1223 653 1499 726 quicquid
1553 656 1650 713 ille
1699 657 1830 714 reli-

187 734 332 806 quit,
369 735 612 807 abrasit,
647 740 703 792 et
733 737 1050 810 Placidam,
1082 742 1316 799 Honorii
1351 759 1638 818 sororem,
1681 747 1834 804 aufe-

186 837 340 893 rens,
376 823 432 880 in
461 825 892 884 matrimonium
923 830 1168 902 accepit.

256 915 357 978 (II.
391 929 468 970 φη.
501 920 560 970 et
586 917 780 989 Ione.)
815 919 1058 975 Stilicho
1092 936 1321 994 quoque
1345 939 1559 996 comes,
1583 927 1680 997 qui
1703 932 1833 984 erat

184 1003 253 1059 de
287 1003 504 1075 perﬁda
563 1007 619 1060 et
655 1005 857 1062 dolosa
887 1015 1061 1078 gente
1105 1012 1516 1071 Wandalorum
1548 1021 1740 1087 natus,
1773 1023 1833 1073 et

182 1097 308 1148 erat
346 1107 516 1148 socer
545 1095 806 1165 Honorii,
841 1097 1010 1168 cujus
1045 1099 1176 1157 filiai
1204 1101 1333 1159 dua)
1365 1103 1538 1160 Maria
1587 1110 1646 1160 et
1697 1107 1832 1162 Iler-

183 1180 395 1237 mantia
413 1182 595 1239 altera
616 1188 746 1254 post
773 1185 1016 1243 alteram
1043 1189 1290 1261 principi
1315 1193 1832 1267 Honorioidespon-

184 1274 327 1325 sata:
353 1275 506 1340 sunt,
527 1271 626 1328 sed
652 1279 916 1345 utraeque
931 1277 1184 1347 virgines
1209 1279 1833 1348 defunctzesunt,obli-

183 1363 277 1413 tus
307 1359 746 1429 beneﬁciorum,
783 1363 1004 1421 oblitus
1052 1369 1602 1442 consanguinitatis,
1654 1387 1831 1442 regno

181 1445 307 1516 ejus
331 1446 597 1518 inhiavit,
622 1455 679 1505 et
703 1451 1148 1510 Alamannorum
1173 1455 1832 1528 Sucvorumquegentes

181 1534 334 1590 datis
355 1537 622 1608 pecuniis
652 1555 830 1611 super
861 1557 991 1598 eum
1022 1547 1424 1616 congregavit,
1453 1547 1588 1618 quia
1615 1548 1832 1604 Euche-

180 1623 328 1678 rium
361 1625 541 1681 filium
577 1641 766 1696 suum,
802 1631 1142 1688 Christianis
1174 1649 1404 1706 semper
1436 1651 1464 1690 a
1489 1651 1670 1706 puero
1695 1637 1833 1693 insi-

182 1711 308 1767 dias
344 1713 698 1786 molientem,
735 1733 1013 1774 eaisarem
1043 1721 1232 1778 facere
1259 1723 1536 1794 cogitavit
1563 1743 1576 1792 ;
1604 1725 1704 1782 sed
1725 1728 1834 1782 IIe-

180 1801 381 1857 norius
407 1810 761 1873 congregato
783 1809 1047 1866 exercitu
1069 1825 1198 1865 Clllll
1223 1811 1310 1866 eis
1335 1828 1618 1884 pugnans,
1641 1818 1833 1870 utros—

181 1905 311 1988 que,
358 1892 600 1948 occidit.
655 1895 778 1960 Quo
825 1911 973 1952 anno
1011 1903 1077 1988 et
1133 1900 1478 1972 Archadius,
1529 1903 1916 1988 orientalisB

189 1978 510 2050 imperator
543 1997 790 2054 regnans
814 1993 944 2056 post
968 1987 1189 2044 obitum
1217 1990 1401 2061 patris
1424 2005 1606 2049 annos
1626 1996 1712 2062 13,
1738 1994 1835 2051 de-

183 2067 418 2126 functus
454 2075 547 2126 est
580 2089 730 2128 anno
762 2075 958 2131 zetatis
989 2081 1103 2146 31°,
1140 2076 1474 2148 relinquens
1521 2079 1698 2137 filium
1747 2097 1836 2139 ne-

180 2158 330 2214 mine
362 2161 740 2220 Theodosium
774 2180 1054 2223 annorum
1083 2170 1134 2223 8.
1183 2183 1353 2238 quem
1402 2173 1536 2226 ante
1587 2177 1832 2230 mortem

181 2261 343 2304 suam
369 2251 690 2322 appellavit
717 2253 1128 2326 imperatorem
1154 2275 1168 2324 ;
1195 2258 1290 2328 qui
1317 2259 1636 2317 succedens
1653 2262 1828 2334 patri,

185 2338 453 2405 regnavit
482 2341 649 2398 annis
681 2345 766 2414 41,
805 2360 934 2400 cum
967 2350 1175 2416 patruo
1204 2348 1455 2404 Honorio
1487 2351 1574 2420 15,
1630 2356 1829 2422 postea

177 2428 266 2495 26,
301 2427 399 2496 qui
437 2427 584 2486 fiunt
615 2433 698 2488 41.
737 2434 919 2506 Hujus
950 2439 1218 2507 tempore
1241 2435 1589 2494 Claudianus
1611 2445 1670 2495 et
1693 2441 1834 2498 Pru-

180 2512 414 2572 dentius
446 2523 635 2590 poetae
667 2520 926 2593 insignes
943 2523 1234 2581 habentur
1258 2525 1353 2597 (cf.
1375 2527 1580 2584 Paosr.
1609 2528 1826 2586 Chron.

177 2599 348 2674 imp.)
867 2661 874 2668 ,
1323 2606 1344 2620 ⁶

181 2709 324 2764 Anni
357 2713 654 2771 Archadii.

254 2801 302 2854 1.
335 2799 507 2870 (0hr.
546 2803 665 2871 W.)
700 2805 894 2864 Primo
925 2812 1119 2866 autem
1151 2824 1302 2866 anno
1331 2813 1604 2870 Archadii
1633 2819 1689 2870 ct
1722 2817 1832 2874 ilo-

181 2886 350 2976 norii,
389 2889 487 2960 qui
517 2899 610 2948 est
654 2907 839 2951 annus
893 2895 1197 2956 dominicae
1245 2899 1664 2960 incarnationis
1705 2907 1828 2976 399,

177 2974 468 3036 Iohannes
497 2979 778 3039 heremita
809 2984 976 3042 obiit.

250 3068 301 3120 2.
341 3069 405 3123 A.
437 3069 502 3124 D.
534 3072 657 3127 400.
693 3072 943 3130 Sanetus
987 3075 1271 3134 Martinus
1315 3077 1386 3134 ad
1433 3093 1684 3151 superna
1733 3081 1832 3138 mi-

179 3155 390 3222 gravit.

178 3337 286 3390 est.

247 3427 302 3487 ,4.
367 3429 429 3483 Α.
485 3429 546 3484 D.
595 3432 716 3486 402.
768 3432 1116 3491 Anastasius
1163 3451 1309 3508 papa
1360 3439 1483 3494 41ω
1525 3438 1833 3497 ordinatus

180 3520 291 3583 est,
333 3516 662 3589 sedensque
693 3521 859 3576 annis
890 3523 1100 3593 tribus,
1137 3525 1406 3594 migravit
1429 3526 1496 3560 ⁹⁵⁵
1526 3531 1558 3582 5
1590 3527 1827 3585 Kalend.

181 3602 308 3659 Mai.

257 3697 307 3750 5.
341 3697 406 3750 A.
442 3697 504 3752 D.
540 3699 686 3755 403*.
724 3699 892 3754 Gothi
924 3700 1250 3771 Radagaiso
1297 3708 1356 3759 et
1403 3703 1636 3762 Alarico
1685 3705 1836 3776 regi-

185 3780 294 3838 bus
327 3781 549 3840 Italiam
582 3786 808 3856 predati
842 3793 995 3843 sunt.

325 3889 433 3944 'D?
462 3890 521 3946 E.
558 3891 698 3948 add.
739 3911 751 3945 :
786 3894 847 3947 In
878 3893 1170 3949 Britannia
1205 3897 1267 3951 P.
1303 3895 1358 3952 d.
1394 3910 1444 3952 e.
1479 3911 1528 3953 e.
1558 3912 1630 3954 m.
1658 3914 1712 3955 n.
1739 3899 1838 3957 do-

395 3963 1268 4040 censinter_cetera_hominem
1299 3983 1344 4024 s.
1379 3983 1434 4038 g.
1479 3970 1533 4025 d.
1585 3986 1636 4040 p.
1689 3986 1736 4027 s.
1784 3985 1832 4028 s.

400 4047 470 4087 m.
507 4037 564 4089 et
599 4034 886 4090 hominem
923 4036 1049 4092 sine
1077 4053 1132 4109 p.
1164 4053 1218 4094 o.
1253 4034 1433 4096 nasci.
1465 4055 1542 4098 ea:
1558 4034 1760 4114 Sigeb.

259 4141 310 4194 6.
349 4140 411 4195 A.
447 4140 510 4196 D.
563 4143 682 4196 404.
737 4142 994 4216 (Puosr.)
1045 4144 1309 4215 Synodus
1357 4146 1723 4207 Alexandria;
1773 4150 1834 4205 fit

193 4231 436 4300 propter
467 4229 793 4288 doctrinam
833 4232 1123 4302 Origenis.

257 4319 307 4371 7.
344 4320 408 4374 A.
445 4319 510 4374 D.
546 4323 666 4376 405.
723 4322 1094 4380 Innocentius
1144 4339 1288 4396 papa
1336 4329 1459 4382 42‘"
1507 4327 1832 4398 ordinatus,

195 4404 350 4462 sedit
381 4407 547 4465 annis
579 4413 658 4480 15,
695 4409 1064 4484 decessitque
1092 4415 1126 4468 4
1152 4413 1288 4472 Idus
1318 4414 1555 4471 Martii.‘

329 4511 442 4568 ’D?
473 4513 532 4568 E.
570 4515 761 4572 4-11.
794 4516 934 4573 add.
971 4538 990 4574 :
1019 4515 1122 4574 Hic
1153 4519 1458 4576 constituit
1507 4520 1577 4576 ad
1630 4521 1841 4578 missas

406 4585 569 4656 pacis
601 4586 864 4644 osculum
897 4587 1042 4644 dari.
1075 4602 1152 4646 ea;
1175 4590 1379 4662 Sigeb.

265 4693 316 4746 9.
353 4691 613 4765 (Pnosr.)
648 4695 709 4750 A.
746 4695 806 4750 D.
843 4697 965 4752 407.
1002 4695 1252 4752 Severus
1280 4695 1457 4752 vitam
1483 4697 1666 4753 sancti
1698 4699 1839 4755 Mar-

193 4779 295 4834 tini
319 4780 625 4838 describit.

263 4891 347 4944 10.
388 4889 451 4944 Α.
487 4889 549 4944 D.
585 4891 734 4946 408.‘

332 4997 450 5074 'D_?_
474 4997 533 5074 E_.
565 4995 704 5074 add.
739 5015 759 5052 :
788 4995 1098 5074 Iohannes
1133 4997 1544 5074 Crisostomus,
1594 5009 1839 5074 urgente

407 5067 666 5144 Eudoxia
701 5073 972 5144 augusta,
1007 5069 1361 5144 episcopatu
1393 5067 1716 5144 abdicatus,
1767 5077 1840 5134 ab

409 5138 1057 5213 Archadio—intentat.‘
1085 5154 1160 5197 ea:
1185 5138 1386 5213 Sigcb.
1421 5146 1613 5202 4-11.
1649 5138 1788 5204 add.
1820 5167 1840 5204 .-

399 5211 696 5268 Iohannes
759 5211 1158 5268 Crisostomus
1223 5211 1278 5268 in
1329 5214 1505 5271 exilio
1551 5217 1717 5273 obiit.
1771 5220 1841 5276 Et

400 5282 878 5426 ggbeudoxite
929 5289 1192 5354 augustae
1240 5285 1552 5344 subsecuta
1603 5291 1714 5346 est.
1766 5303 1842 5347 ea:

252 3248 301 3352 3.
339 3248 402 3302 Α.
440 3247 501 3303 Ι).
535 3251 654 3305 401.
703 3252 952 3310 Sanctus
990 3255 1332 3314 Ambrosius
1377 3273 1552 3315 carne
1599 3259 1830 3319 solutus
1862 3286 1912 3352 α

1945 658 2446 734 Constantinopoli
2476 661 2772 719 moritur.‘

2085 768 2193 822 *D?
2215 769 2274 824 E.
2300 769 2434 826 add.
2463 791 2482 827 .-
2503 768 2812 826 Nestorius
2853 766 3452 839 Constantinopolites
3468 766 3589 838 epi-

2159 854 2376 911 scopus
2422 841 2492 897 ad
2540 840 2792 896 heresim
2845 855 2972 910 quae
3023 839 3078 894 in
3131 839 3364 897 Christo
3410 841 3584 894 Deum

2158 911 2230 966 ab
2262 911 2490 968 homine
2522 915 2756 984 separat
2792 911 3062 968 vertitur.

1945 997 2088 1053 Anni
2123 999 2376 1056 Ilonorii.

2017 1088 2118 1152 (H.
2154 1103 2228 1144 φη.
2264 1091 2320 1144 et
2360 1090 2554 1161 Ioue.)
2605 1093 2769 1146 Anno
2818 1088 3121 1147 dominicae
3169 1088 3588 1147 incarnationis

1943 1179 2066 1246 412,
2099 1177 2273 1233 Urbis
2302 1179 2554 1236 condita)
2587 1179 2896 1236 millesimo
2946 1183 3067 1236 163.
3122 1179 3408 1236 Honorius
3457 1184 3588 1250 post

1945 1270 2186 1321 mortem
2219 1267 2420 1324 fratris
2449 1283 2578 1324 cum
2611 1267 2952 1338 Theodosio,
2986 1268 3106 1326 filio
3143 1267 3362 1338 fratris,
3398 1267 3586 1326 adhuc

1944 1368 2194 1425 regnans
2225 1355 2392 1412 anuis
2428 1361 2507 1428 15,
2543 1373 2671 1413 cum
2703 1357 2926 1414 videret
2963 1373 3082 1414 rem
3108 1356 3396 1430 publicam
3421 1356 3592 1414 cotti-

1943 1441 2038 1498 die
2070 1443 2429 1515 decrescere,
2457 1445 2632 1515 elegit
2657 1447 2842 1504 virum
2872 1447 3078 1502 fortem
3101 1451 3159 1504 et
3184 1450 3584 1518 pugnatorem,

1945 1532 2350 1588 Constantium
2384 1535 2678 1604 comitem,
2711 1541 2766 1591 et
2801 1533 3135 1590 transmisit
3164 1549 3295 1590 eum
3344 1533 3414 1590 ad
3465 1533 3592 1590 Gal-

1943 1617 2071 1675 lias.
2110 1622 2532 1678 Constantinus
2564 1623 2714 1678 enim
2749 1623 3000 1694 quidam,
3034 1622 3237 1680 Galliis
3263 1623 3586 1695 occupatis,

1945 1707 2156 1764 invasit
2193 1711 2534 1782 imperium;
2567 1713 2735 1784 cujus
2768 1713 2970 1769 hostes
3001 1713 3116 1769 duo
3141 1713 3384 1783 juvenes
3436 1712 3592 1769 locu-

1947 1796 2157 1868 pletes,
2192 1797 2452 1857 Didimus
2481 1805 2541 1856 et
2572 1801 2930 1872 Viridiauus,
2973 1801 3290 1874 assumptis
3339 1800 3590 1874 propriis

1947 1887 2136 1943 servis
2157 1892 2215 1943 et
2242 1889 2591 1960 vernaculis,
2620 1905 2754 1946 sese
2776 1890 3144 1962 patriamque
3157 1889 3461 1947 defensare
3475 1905 3592 1946 mo-

1947 1975 2035 2031 liti
2057 1982 2214 2049 sunt,
2239 1979 2658 2051 capientesque
2684 1980 2865 2038 tilium
2888 1980 3016 2051 ejus
3051 1983 3448 2050 Constantem,
3475 1995 3594 2036 mo-

1945 2067 2189 2123 nachum
2221 2069 2502 2126 fecerunt.
2541 2069 2718 2136 Quem
2759 2075 2929 2142 pater
2975 2084 3047 2125 ex
3093 2069 3372 2126 monacho
3417 2084 3594 2126 cassa-

1943 2170 2063 2212 rem
2098 2156 2235 2212 fecit
2266 2161 2551 2215 etcontra
2580 2157 2713 2215 illos
2736 2157 2913 2215 misit.
2950 2159 3058 2216 Sed
3103 2159 3480 2216 Constantius
3520 2158 3593 2215 ab

1941 2244 2194 2300 Honorio
2252 2245 2483 2316 missus,
2545 2260 2673 2303 mox
2725 2251 2788 2303 ut
2840 2246 3080 2302 Galliam
3135 2247 3435 2316 ingressus
3478 2252 3591 2315 est,

1942 2332 2384 2389 Constantinum
2418 2335 2571 2406 apud
2605 2334 2900 2390 Arelatem
2934 2333 3167 2392 inclusit
3192 2339 3246 2390 et
3271 2333 3506 2402 occidit,
3535 2333 3594 2389 fi-

1940 2419 2080 2476 lium
2113 2437 2252 2479 vero
2281 2423 2410 2494 ejus
2454 2424 2826 2480 Constantem
2881 2423 2937 2478 in
2987 2421 3204 2480 Vienna
3257 2423 3588 2493 Gerontius,

1940 2524 2138 2566 comes
2168 2511 2514 2583 Constantii,
2547 2512 2817 2584 peremit.
2870 2511 3125 2580 Quorum
3177 2512 3349 2569 exicii
3403 2513 3594 2568 imme-

1941 2613 2154 2670 mores,
2188 2601 2466 2658 Iovianus
2492 2605 2549 2658 ct
2582 2602 2961 2659 Sebastianus
2993 2601 3128 2658 item
3159 2601 3216 2658 in
3264 2601 3463 2658 Galliis
3508 2606 3594 2672 ty-

1940 2689 2241 2745 rannidem
2266 2690 2608 2762 moliuntur,
2636 2691 2739 2748 sed
2764 2696 2824 2747 et
2847 2689 2954 2763 ipsi
2981 2705 3114 2748 mox
3137 2689 3586 2748 interficiuntur.

1941 2778 2321 2836 Heraclianus
2352 2794 2584 2850 quoque
2615 2793 2814 2836 comes
2847 2779 3054 2837 Africae
3081 2793 3213 2837 cum
3239 2781 3428 2837 tribus
3449 2779 3594 2836 mili-

1942 2867 2052 2923 bus
2071 2867 2311 2923 armatis
2329 2867 2383 2923 el
2405 2867 2792 2940 septingentis
2813 2868 3061 2925 navibus
3075 2868 3144 2924 ad
3161 2867 3590 2940 depredandam

1940 2954 2177 3012 Romam
2207 2955 2360 3011 venit
2387 2974 2402 3024 ;
2435 2960 2638 3012 contra
2669 2970 2838 3027 quem
2871 2956 3127 3014 Marinus
3155 2971 3352 3014 comes
3399 2971 3593 3026 egres-

1942 3058 2066 3116 sus,
2099 3045 2183 3100 sic
2211 3059 2341 3102 eum
2374 3045 2720 3116 perterruit,
2756 3049 2819 3101 ut
2857 3060 2988 3102 cum
3033 3059 3144 3102 una
3187 3051 3412 3102 tantum
3463 3046 3592 3102 navi

1941 3133 2310 3204 Kartaginem
2343 3132 2412 3166 9“
2445 3134 2694 3204 fugeret,
2741 3133 2838 3190 ubi
2869 3139 2927 3190 et
2959 3149 3094 3191 mox
3125 3135 3362 3192 occisus
3389 3141 3498 3192 est.
3532 3136 3590 3191 In

1942 3221 2032 3278 his
2061 3237 2200 3292 ergo
2234 3221 2461 3292 diebus,
2502 3221 2866 3294 preeipiente
2907 3223 3162 3280 Honorio
3191 3226 3248 3279 ct
3283 3224 3594 3295 adiuvante

1944 3310 2308 3382 Constantio,
2344 3310 2505 3367 firma
2541 3325 2652 3382 pax
2683 3311 2952 3368 omnibus
2976 3310 3285 3369 catholicis
3307 3311 3596 3370 acelesiis

1945 3413 2048 3472 per
2079 3398 2410 3456 universam
2441 3395 2690 3456 Africam
2725 3399 2953 3457 reddita
2984 3405 3096 3471 est,
3141 3400 3416 3472 quamdiu
3466 3415 3595 3473 pre-

1943 3487 2307 3546 clarissimus
2337 3487 2616 3558 magister
2653 3488 2938 3546 aecclesiae
2981 3488 3134 3561 apud
3182 3490 3478 3562 Ypponem
3525 3489 3595 3524 ’⁵⁷

1943 3578 2185 3647 Regium
2220 3577 2464 3634 ﬂorebat
2499 3577 2880 3648 Augustinus.
2915 3579 3073 3635 Inter
3101 3577 3226 3636 haec
3257 3578 3462 3650 Vallia,
3490 3594 3591 3635 rex

1945 3667 2283 3738 Gothorum,
2319 3681 2520 3739 pacem
2553 3665 2688 3723 fecit
2713 3665 2781 3700 ⁸⁵⁸
2803 3681 2933 3722 eum
2956 3666 3232 3738 Honorio,
3256 3672 3314 3724 et
3341 3665 3593 3724 reddidit

1945 3756 1999 3812 ei
2028 3754 2344 3812 Placidiam
2379 3768 2642 3812 sororem
2675 3769 2858 3825 suam,
2893 3770 3064 3826 quam
3093 3755 3219 3828 ipse
3252 3757 3595 3814 Constantio

1948 3845 2216 3918 patricio,
2243 3843 2340 3915 qui
2363 3858 2488 3900 eam
2513 3847 2916 3916 revocaverat,
2945 3843 3002 3902 in
3028 3844 3464 3918 matrinonium,
3499 3845 3596 3904 de-

1948 3933 2054 3990 dit.
2089 3933 2379 3989 Honorius
2409 3947 2548 3988 vero
2580 3936 2893 4004 postquam
2932 3948 3063 3990 cum
3105 3933 3449 4006 Theodosio,
3495 3935 3596 3992 fra-

1949 4021 2058 4078 tris
2089 4021 2178 4080 sui
2210 4020 2350 4092 ﬁlio,
2378 4021 2643 4091 regnavit
2664 4021 2830 4078 annis
2853 4027 2937 4091 15,
2963 4027 3024 4078 et
3045 4037 3164 4080 rem
3193 4023 3481 4096 publicam
3502 4038 3596 4098 pa-

1947 4109 2238 4168 cificatum
2274 4109 2517 4180 dimisit,
2549 4111 2744 4168 Romae
2777 4114 3044 4169 mortuus
3073 4116 3184 4170 est.

2020 4202 2069 4256 4.
2105 4199 2276 4270 (0hr.
2315 4199 2436 4269 W,)
2470 4202 2533 4257 A.
2568 4200 2628 4254 D.
2667 4203 2788 4258 415.
2814 4199 3102 4275 Alaricus,
3129 4216 3234 4261 rex
3255 4201 3592 4273 Gothorum,

1946 4289 2182 4346 Romam
2215 4287 2446 4345 invasit.

2017 4383 2070 4436 7.
2108 4379 2173 4434 A.
2208 4378 2270 4435 D.
2305 4379 2428 4434 418.
2465 4378 2724 4450 Corpora
2776 4381 3113 4437 sanctorum
3175 4379 3474 4452 Stephani,
3508 4378 3598 4436 Ni-

1948 4467 2214 4524 cbodemi
2249 4471 2308 4522 et
2338 4465 2584 4524 aliorum
2619 4467 2876 4526 revelata
2906 4472 3046 4525 sunt
3073 4467 3160 4524 ⁸⁸⁸.

2019 4560 2071 4612 0.
2109 4558 2171 4612 Α.
2204 4557 2267 4612 D.
2315 4557 2436 4612 420.
2489 4556 2756 4614 Zosimus
2804 4569 2949 4630 papa
2983 4559 3109 4612 43η·
3151 4555 3221 4590 ⁹⁶⁰
3267 4557 3594 4615 ordinatus.

1867 4645 1919 4706 D
1951 4645 2103 4702 sedit
2133 4659 2344 4702 annum
2377 4660 2574 4716 unum,
2608 4644 2977 4716 decessitque
3007 4650 3057 4701 7.
3093 4643 3214 4701 Kal.
3237 4645 3472 4703 Ianuar.
3499 4644 3600 4702 Hic

1950 4735 2281 4805 constituit,
2311 4738 2371 4794 ut
2401 4733 2683 4791 diaconus
2711 4733 2911 4791 laevam
2951 4735 3132 4802 tegat.

2023 4829 2106 4881 10.
2144 4825 2206 4881 A.
2241 4825 2300 4879 D.
2339 4826 2459 4880 421.
2489 4823 2820 4880 Bonifacius
2861 4836 3007 4894 papa
3055 4824 3180 4878 44ιι⁸
3225 4819 3375 4877 sedit
3429 4821 3596 4878 annis

1951 4914 2164 4986 tribus,
2199 4926 2429 4970 menses
2456 4915 2505 4968 8.
3387 4954 3404 4972 ,

2022 5008 2108 5060 12.
2146 5001 2314 5068 (Chr.
2356 5001 2473 5068 W.)
2501 5001 2563 5055 A.
2599 4999 2660 5054 D.
2688 5001 2806 5056 423.
2834 5000 3083 5056 Sanetus
3107 4996 3477 5055 Hieronimus
3500 4996 3599 5054 mi-

1947 5091 2140 5164 gravit
2173 5104 2324 5146 anno
2354 5088 2490 5146 vita;
2520 5090 2634 5144 91°.

2025 5183 2108 5235 13.
2136 5181 2200 5234 A.
2237 5179 2299 5234 D.
2331 5179 2450 5234 424.
2481 5173 2770 5232 Honorius
2793 5173 2945 5248 apud
2967 5175 3299 5233 Ravennam
3321 5175 3600 5233 Constan-

1950 5268 2094 5325 tium
2129 5270 2462 5325 consortem
2497 5264 2658 5337 regni
2691 5264 2844 5321 fecit.

2023 5362 2110 5416 14.
2148 5360 2212 5414 Δ.
2245 5358 2309 5412 Ι).
2344 5358 2466 5414 425.
2503 5353 2832 5414 Celestinus
2861 5369 3010 5430 papa
3057 5357 3185 5414 33°!
3230 5354 3384 5413 sedit
3433 5354 3598 5412 annis

1545 5534 1782 5590 VARI/l5
1843 5533 2240 5592 LECTIONES.

257 5679 529 5757 ?f‘__obiit
573 5680 812 5757 ἣξει-,³⁵⁸
851 5683 1247 5754 carthagincm
1289 5689 1338 5740 δ.
1416 5681 1483 5723 ⁸⁸⁷
1523 5684 1849 5757 hypponem
1887 5689 1920 5742 5
1955 5683 2040 5743 El.
2117 5681 2186 5722 ³⁸⁸
2228 5683 2394 5742 deest
2426 5688 2504 5741 9°.
2583 5683 2652 5722 ⁸⁵³
2680 5685 3018 5745 revelantur
3050 5685 3133 5742 E-l.
3211 5684 3281 5722 °°°
3315 5685 3499 5742 XLII"
3546 5689 3596 5742 5.

193 5751 378 5809 XLIII.
413 5767 563 5811 corr.
595 5753 754 5811 XLII.
794 5757 844 5810 4.
