3946 6414
354 369 472 433 769

1239 356 1669 436 CHRONICA.
1704 406 1780 422 --
1811 370 2284 440 CHRONICON
2338 374 2882 445 UNIVERSALE.

3631 382 3750 452 77o

358 505 476 563 fere
503 501 571 539 ⁹⁶¹
601 507 654 576 9,
687 504 1065 594 decessitque
1094 512 1127 565 8
1160 506 1397 566 Kalend.
1435 508 1653 582 Aprilis
1685 509 1779 580 (cf.
1830 510 1997 566 Bene:
2026 511 2081 572 A
2109 516 2315 571 etocto
2336 530 2518 573 annos
2541 522 2850 589 morantes,
2869 518 3201 577 Occidentis
3223 536 3454 594 quoque
3478 524 3743 583 obtinue-

354 594 586 667 Δίωνι).
614 594 718 651 Hic
737 593 808 665 ’ξ’
828 596 1138 653 constituit
1160 598 1425 669 Sanetus,
1450 599 1718 668 Sanctus,
1750 599 1997 655 Sanctus

354 684 599 740 cantari.
626 685 650 708 "

495 772 705 855 'D‘PHE:
737 786 833 855 :‘c.
868 772 1115 855 sanctus
1145 774 1370 855 cantari
1398 780 1459 855 et
1493 778 1553 855 ut
1582 774 1997 855 psalmi—mre-

567 843 882 899 citabatur.
924 844 1021 899 Hic
1048 860 1281 915 quoque
1304 844 1372 900 ad
1396 843 1633 902 Scottos
1662 878 1719 887 —-
1745 845 1814 900 ad
1839 845 1999 901 Chri-

568 920 739 969 stum.
793 928 868 970 σω
912 915 1117 984 .S'igeb.
1172 921 1398 971 5‘11.
1453 917 1633 973 add.:
1688 917 1994 972 constituit

568 984 744 1111 estianbl
785 989 849 1040 ut
888 986 1095 1056 psalmi
1145 986 1323 1043 David
1382 987 1450 1019 ⁹⁶³
1503 992 1854 1053 cautentur;
1913 989 1993 1061 cf

617 1069 709 1111 me
751 1096 764 1110 .

562 1055 764 1125 Siyeb.

428 1146 513 1198 15.
551 1144 613 1197 Α.
650 1144 711 1197 D.
740 1146 860 1200 426.
890 1145 1180 1201 Honorius
1210 1146 1405 1202 Romae
1436 1146 1701 1216 moritur,
1726 1162 1874 1203 anno
1896 1148 1997 1202 im-

356 1230 503 1301 perii
537 1231 625 1286 sui
660 1236 729 1286 30
759 1231 849 1303 ⁸⁸⁸,
871 1247 1111 1303 quorum
1133 1233 1282 1289 duos
1304 1234 1564 1303 regnavit
1590 1236 1697 1291 sub
1719 1239 1905 1307 patre,
1932 1239 1994 1292 l3

354 1333 485 1374 cum
519 1320 719 1391 fratre,
760 1326 822 1376 15
856 1336 984 1378 cum
1017 1321 1135 1377 ﬁlio
1168 1322 1367 1379 fratris
1396 1323 1717 1380 Theodosio
1770 1323 1865 1393 (cf.
1912 1325 1990 1381 Η.

352 1409 476 1479 m.).
510 1409 924 1479 Faramundus,
965 1408 1121 1466 ﬁlius
1169 1409 1570 1483 Marcomedis,
1626 1412 1891 1483 regnavit
1939 1413 1996 1469 in

355 1496 592 1553 Francia
626 1497 722 1568 (cf.
758 1500 964 1554 Pnosr.
1004 1499 1144 1556 σήν.
1176 1500 1363 1571 imp).

424 1583 641 1641 Paulus
671 1583 740 1619 ⁸⁸⁸
769 1586 1009 1644 Orosius
1039 1589 1345 1659 presbyter
1371 1587 1581 1645 librum
1611 1604 1778 1646 suum
1802 1590 1998 1661 hyste-

357 1671 538 1729 ricum
569 1687 599 1728 a
628 1673 965 1730 conditione
999 1675 1174 1731 mund
1227 1676 1528 1749 hucusque
1561 1678 1851 1750 perduxit.

426 1763 571 1818 Anni
604 1762 908 1820 Theodosii
932 1764 1201 1833 junioris.

2110 610 2243 658 runt
2277 604 2600 675 imperium.
2636 607 2818 662 Porro
2842 606 3123 680 Wandali,
3158 611 3403 667 sociatis
3429 612 3747 670 sibiAlanis

2109 696 2165 745 et
2207 692 2526 764 Germanis,
2561 695 2657 765 qui
2692 699 2826 751 tunc
2866 696 3067 753 Franci
3114 699 3494 771 vocabantur,
3520 704 3748 757 transe-

2112 782 2282 835 untes
2329 781 2534 837 Ninum
2579 782 2812 839 fluvium
2864 784 3202 854 Modigisclo
3230 787 3396 858 duce,
3447 788 3749 847 habitave-

2112 870 2245 922 runt
2280 867 2334 923 in
2364 869 2655 940 Hispania.

2181 957 2259 1011 Eo
2291 962 2555 1029 tempore
2590 960 2823 1017 fuerunt
2859 962 2975 1017 duo
3010 968 3298 1034 prctores,
3323 965 3532 1022 Aecius
3553 971 3612 1022 et
3644 970 3749 1024 Bo-

2108 1044 2376 1116 nifacius,
2413 1062 2556 1117 quos
2581 1049 2958 1121 Theodosius,
2997 1052 3327 1122 postulante
3378 1054 3742 1127 Valcntiano,

2106 1134 2340 1189 Romam
2387 1134 2622 1192 direxit.
2676 1139 2930 1210 Cumque
2990 1140 3319 1197 Bonifacius
3361 1142 3747 1214 principatum

2104 1222 2315 1278 Africa)
2345 1226 2707 1297 percepisset
2737 1228 2933 1298 ibique
2960 1228 3213 1298 gloriose
3259 1237 3479 1302 ageret,
3532 1232 3749 1289 invidia

2105 1310 2316 1368 ductus
2348 1315 2558 1372 Aecius
2590 1318 2887 1374 accusavit
2919 1332 3047 1374 eum
3080 1321 3233 1391 apud
3263 1320 3600 1392 Placidiam,
3636 1337 3750 1377 ma-

2106 1402 2253 1454 trem
2285 1401 2692 1476 Valentiniani,
2722 1406 2875 1476 quod
2900 1407 3338 1464 rebellationem
3366 1409 3748 1466 meditaretur

2104 1494 2365 1546 ceterum
2382 1491 2675 1549 Bonifacio
2697 1495 2938 1566 scripsit
2962 1516 2973 1550 :
2996 1498 3073 1554 Si
3085 1498 3409 1556 accersitus
3406 1498 3639 1572 fueris,
3655 1513 3751 1557 ac-

2104 1576 2306 1633 cedere
2333 1579 2484 1646 noli;
2515 1582 2828 1640 incusatus
2855 1584 3014 1641 enim
3038 1598 3115 1655 es,
3138 1587 3199 1642 et
3223 1587 3419 1643 dolose
3445 1587 3661 1645 vocant
3697 1589 3750 1644 te

2104 1666 2509 1737 imperatores.
2544 1670 2646 1726 Cui
2677 1671 2924 1728 credens
2955 1673 3301 1743 Bonifacius,
3334 1675 3613 1732 accedere
3663 1676 3748 1731 di-

2108 1754 2278 1809 stulit
2310 1758 2653 1815 accersitus.
2687 1761 2839 1816 Tunc
2879 1761 3265 1833 Imperatores
3307 1764 3542 1820 Accium
3583 1766 3747 1836 quasi

428 1850 529 1921 (H.
553 1851 659 1921 m.)
684 1853 846 1907 Anno
879 1852 1185 1910 dominicae
1218 1853 1637 1911 incarnationis
1665 1858 1787 1927 427,
1823 1857 1995 1913 Urbis
2022 1883 2078 1943 Β
2108 1844 2385 1943 (ξενοιιιιξ
2414 1854 2895 1943 aeceperunttet
2915 1850 3195 1943 adversus
3224 1854 3582 1943 Bonifacium
3630 1856 3744 1912 duo

354 1939 604 1995 conditae
627 1939 933 1997 millesimo
957 1945 1077 1998 178.
1102 1943 1691 2016 Theodosiusjunior,
1720 1946 1992 2002 Archadii

356 2026 527 2097 ﬁlius,
563 2043 743 2099 nepos
770 2030 1067 2087 Theodosii
1104 2033 1312 2102 magni,
1345 2037 1440 2089 470
1459 2033 1587 2090 loco
1611 2035 1682 2090 ab
1706 2036 1988 2108 Augusto,

356 2116 516 2173 solus
547 2119 733 2173 tenuit
764 2118 1087 2192 imperium,
1138 2137 1269 2178 cum
1319 2127 1491 2179 antea
1539 2129 1810 2194 regnaret
1859 2141 1989 2182 cum

344 2209 554 2276 patruo
587 2207 841 2262 Ilonorio
870 2222 1052 2265 annos
1084 2214 1188 2275 15;
1222 2210 1528 2283 imperavit
1558 2220 1752 2269 autem
1784 2219 1986 2284 postea

340 2293 505 2349 annis
532 2297 620 2363 26,
655 2294 752 2365 qui
785 2300 922 2352 sunt
953 2298 1084 2353 anni
1117 2301 1202 2353 41.
1240 2300 1423 2370 (Ione.
1451 2332 1516 2343 —
1540 2302 1618 2356 Η.
1649 2302 1754 2373 m.)
1801 2304 1987 2358 Hono-

340 2380 431 2436 rio
464 2386 657 2438 autem
691 2384 983 2455 defuncto,
1008 2387 1298 2443 Iohannes
1319 2388 1551 2459 quidam
1576 2404 1814 2459 regnum
1834 2392 1986 2448 occi-

340 2468 573 2526 dentale
597 2471 831 2539 invasit,
856 2474 1128 2546 misitque
1151 2475 1496 2545 legationem
1513 2477 1581 2533 ad
1598 2479 1983 2536 Theodosium

340 2558 773 2630 imperatorem,
805 2563 1022 2633 suscipi
1070 2563 1407 2635 deprecans.
1472 2566 1600 2636 Qui,
1667 2567 1877 2637 legatis
1927 2568 1979 2623 in

337 2662 631 2704 carcerem
666 2650 874 2722 trusis,
902 2651 1289 2709 Ardubarium
1314 2662 1605 2725 pretorem
1624 2663 1827 2713 contra
1851 2673 1981 2715 eum

340 2736 521 2807 misit,
557 2752 727 2808 quem
760 2739 858 2794 ille
890 2740 1042 2811 apud
1074 2742 1406 2799 Ravennam
1439 2759 1774 2816 aggressus,
1802 2746 1984 2803 inclu-

339 2826 438 2882 sit.
470 2826 593 2891 Quo
623 2827 984 2885 Theodosius
1014 2831 1232 2901 agnito,
1265 2831 1750 2905 Valentinianum,
1791 2835 1982 2894 amitae

338 2929 458 2971 sua:
492 2914 764 2973 Plaeidiae
792 2932 864 2973 ex
897 2918 1237 2975 Constantio
1269 2919 1470 2993 ﬁlium,
1505 2937 1781 2980 caasarem
1825 2926 1981 2996 fecit,

339 3007 397 3058 et
427 3019 557 3059 eum
594 3009 779 3061 matre
813 3020 916 3063 sua
949 3006 1020 3063 ad
1052 3009 1451 3080 recipiendum
1485 3011 1851 3069 occidentale
1897 3024 1986 3070 re-

337 3106 511 3162 gnum
541 3092 775 3165 direxit,
802 3099 861 3151 et
884 3100 1183 3167 Asparem,
1213 3098 1519 3155 Ardubarii
1543 3098 1611 3133 ³⁸⁸
1628 3100 1829 3173 ﬁlium,
1852 3108 1985 3160 ante

336 3194 467 3237 cum
500 3186 700 3238 contra
732 3183 1047 3240 Iohannem
1067 3184 1244 3241 misit.
1272 3188 1527 3257 Angelus
1550 3194 1742 3246 autem
1764 3191 1984 3248 Domini

338 3270 393 3324 in
427 3269 630 3328 habitu
666 3274 922 3343 pastoris
955 3288 1265 3346 apparens,
1310 3277 1553 3334 deduxit
1601 3281 1878 3352 Asparem
1927 3286 1984 3337 et

337 3358 435 3429 qui
466 3373 597 3416 cum
629 3376 699 3417 eo
728 3366 894 3418 erant
929 3377 1032 3433 per
1056 3363 1346 3435 paludem,
1373 3380 1501 3436 quae
1523 3368 1812 3443 Ravennae
1834 3371 1988 3440 adja-

338 3445 459 3502 cuit
491 3448 655 3518 prius
684 3449 835 3505 invia
866 3449 955 3520 “7,
988 3465 1158 3521 quam
1192 3457 1331 3508 tunc
1362 3455 1511 3511 Deus
1543 3456 1681 3511 fecit
1706 3458 1984 3529 perviam,

240 3538 245 3539 ’
337 3536 760 3608 venientesque
774 3539 1124 3610 Ravennam,
1152 3542 1984 3617 portasinveneruntapertas,

337 3628 398 3679 et
447 3623 860 3697 ingredientes,
906 3630 1214 3699 tyrannum
1262 3631 1574 3689 Iohannem
1625 3635 1984 3707 occiderunt,

339 3711 761 3771 Ardurbarium
786 3731 815 3772 a
838 3716 1086 3775 vinculis
1117 3718 1514 3777 absolverunt.
1552 3722 1990 3782 Valentinianus

340 3801 521 3871 igitur
549 3804 788 3861 veniens
816 3805 1063 3878 Italiam,
1099 3824 1390 3868 consensu
1414 3811 1668 3868 omnium
1694 3813 1882 3871 factus
1900 3820 1986 3871 est

338 3889 680 3965 imperator,
716 3894 966 3967 ideoque
997 3910 1067 3952 ex
1096 3896 1334 3956 decreto
1365 3899 1669 3957 Theodosii
1701 3905 1989 3973 angustus

337 3979 689 4050 appellatur.

408 4069 620 4125 Eodem
650 4074 916 4143 tempore
937 4078 1106 4130 erant
1128 4074 1297 4131 Gothi
1323 4080 1382 4131 et
1404 4075 1530 4133 alia-3
1548 4082 1753 4146 gentes
1786 4078 1988 4137 multa)

336 4170 403 4213 ac
436 4172 656 4227 magnae
682 4163 847 4217 trans
873 4161 1216 4234 Danubium,
1247 4165 1641 4235 Hyperboreis
1663 4166 1807 4223 locis
1831 4167 1989 4223 inha-

339 4245 617 4318 bitantes,
652 4262 724 4305 ex
756 4249 968 4320 quibus
996 4251 1467 4309 rationabiliores
1498 4260 1663 4310 erant
1712 4261 1985 4330 quatuor,

342 4334 533 4408 Gothi,
592 4339 940 4411 Hypogothi,
995 4341 1090 4410 qui
1138 4344 1195 4398 et
1239 4341 1596 4414 Wisigothae,
1647 4346 1880 4417 Gepida:
1929 4352 1987 4404 et

340 4424 623 4497 Wandali,
656 4443 864 4486 nomen
898 4432 1122 4488 tantum
1164 4435 1219 4488 et
1271 4431 1451 4489 nichil
1491 4431 1650 4491 aliud
1696 4441 1990 4496 mutantes

343 4528 572 4586 unaque
605 4515 798 4587 lingua
833 4522 1106 4587 utentes;
1143 4534 1344 4577 omnes
1393 4524 1585 4579 autem
1635 4529 1800 4581 erant
1852 4526 1986 4585 ﬁdei

2020 3237 2068 3299 C

2106 1932 2305 2006 duces,
2338 1937 2655 1995 Mavortius
2682 1943 2740 1995 et
2777 1939 2998 2011 Galbio,
3031 1940 3189 1997 missi
3223 1946 3378 2013 sunt,
3423 1942 3524 1999 sed
3567 1945 3638 1999 ab
3679 1959 3748 2000 eo

2103 2023 2437 2096 interempti
2470 2031 2625 2083 sunt.
2660 2029 2885 2085 Rursus
2913 2034 3120 2087 contra
3176 2045 3306 2087 eum
3365 2031 3747 2101 Sigiswaldus

2101 2128 2296 2169 comes
2329 2114 2619 2184 dirigitur.
2658 2117 2985 2175 Bonifacius
3014 2134 3151 2175 vero
3178 2133 3444 2190 cernens,
3488 2135 3550 2176 se
3598 2121 3748 2176 Afri-

2101 2216 2222 2257 cam
2257 2207 2457 2258 tenere
2488 2219 2598 2259 non
2633 2220 2826 2277 posse,
2862 2208 3260 2264 transfretavit
3292 2209 3347 2263 in
3400 2210 3745 2279 Hyspaniam

2101 2290 2171 2345 ad
2202 2291 2514 2350 Wandalos
2546 2296 2603 2347 et
2638 2293 2872 2365 Alanos,
2916 2300 2976 2351 et
3032 2312 3163 2352 cum
3218 2297 3592 2366 Modigisclus
3628 2299 3744 2368 jam

2098 2381 2365 2435 mortuus
2379 2387 2558 2446 esset,
2586 2382 2737 2438 ﬁlios
2758 2383 2885 2452 ejus
2906 2385 3287 2442 Guntharium
3310 2391 3369 2441 et
3387 2386 3742 2443 Geisericum

2094 2467 2282 2523 suasit
2314 2468 2368 2523 in
2400 2470 2651 2526 Africam
2684 2472 2881 2529 venire
2903 2487 3145 2544 eamque
3170 2474 3490 2546 possidere.
3518 2476 3625 2541 Qui
3654 2490 3751 2531 ve-

2095 2555 2341 2626 nientes,
2378 2562 2555 2615 totam
2590 2574 2735 2630 pene
2764 2560 2833 2594 ⁹⁶⁸
2864 2562 3116 2618 Africam
3150 2563 3304 2618 ferro
3326 2568 3382 2618 et
3410 2564 3633 2619 ﬂamma
3656 2579 3750 2620 ra-

2096 2644 2361 2716 pinisque
2383 2646 2836 2718 dissipaverunt.
2854 2650 2971 2706 Sub
2986 2650 3095 2706 hoc
3112 2652 3345 2707 turbine
3370 2652 3745 2710 beatissimus

2096 2734 2456 2802 Augustinus
2475 2738 2875 2808 Hypponensis
2893 2738 3093 2809 episeo
3102 2755 3229 2811 pus,
3248 2755 3317 2795 ne
3338 2740 3595 2797 civitatis
3624 2757 3744 2799 sua:

2096 2823 2322 2879 ruinam
2353 2829 2644 2895 cerneret,
2679 2826 2866 2883 tercio
2898 2842 3094 2885 mense
3125 2828 3445 2885 obsidionis
3473 2830 3600 2899 ejus
3645 2830 3747 2886 mi-

2094 2912 2286 2981 gravit
2315 2913 2386 2968 ad
2416 2914 2737 2986 Dominum,
2768 2917 3141 2987 septuaginta
3171 2923 3230 2973 et
3262 2933 3365 2974 sex
3397 2919 3531 2974 vitae
3580 2920 3746 2976 annis

2097 3001 2366 3073 expletis,
2400 3016 2470 3058 ex
2505 3003 2716 3074 quibus
2746 3007 2816 3059 40
2845 3005 2901 3061 in
2932 3005 3213 3063 elericatu
3263 3007 3351 3064 vel
3400 3008 3747 3079 episcopatu

2098 3094 2485 3160 transegerat.
2514 3092 2745 3148 interea
2768 3094 3001 3163 quidam
3024 3100 3380 3166 senatorum,
3398 3095 3749 3152 amiciBoni-

2101 3179 2253 3250 facii,
2279 3180 2480 3236 falsam
2523 3181 2950 3239 accusationem
2990 3183 3149 3238 Aecii
3176 3183 3593 3240 intimaverunt
3622 3183 3749 3239 Pla-

2098 3267 2287 3338 cidiae,
2318 3267 2698 3325 ostendentes
2718 3270 2770 3324 ei
2801 3270 3111 3340 epistolam
3144 3272 3215 3327 ah
3246 3270 3446 3327 eodem
3478 3272 3550 3327 ad
3583 3272 3750 3327 Boni-

2099 3355 2308 3412 facium
2331 3355 2629 3427 scriptam.
2661 3360 2727 3412 At
2754 3355 2852 3412 illa
2875 3360 3224 3428 stupefacta,
3252 3358 3485 3415 Accium
3509 3358 3741 3429 quidem

2099 3459 2210 3502 non
2235 3444 2403 3515 laesit,
2432 3444 2724 3501 Bonifacio
2744 3459 2883 3502 vero
2905 3448 3147 3503 verbum
3170 3446 3655 3518 exhortatorium,
3684 3453 3744 3504 ut

2098 3548 2342 3591 securus
2373 3533 2619 3602 veniret,
2650 3533 3149 3603 cumjuramentis
3171 3536 3348 3592 misit.
3372 3536 3480 3602 Qui
3506 3536 3747 3596 veniens

2099 3622 2490 3695 suspicionem
2505 3622 2829 3693 disssolvit,
2847 3624 3201 3693 etmagister
3220 3625 3468 3682 militum
3482 3625 3743 3695 effectus,

2100 3728 2212 3785 non
2229 3713 2411 3770 multo
2429 3713 2775 3785 postmorbo
2797 3714 3216 3771 extinctusest.
3260 3715 3475 3771 Deinde
3506 3716 3746 3771 Romani

2100 3802 2387 3860 dederunt
2408 3802 2705 3859 Wandalis
2736 3809 2962 3876 partem
2993 3803 3201 3860 Africae
3231 3802 3303 3858 ad
3344 3802 3743 3874 habitandum,

2100 3894 2250 3950 facta
2280 3907 2420 3963 pace
2449 3908 2580 3950 cum
2618 3892 2723 3948 eis.
2774 3894 3000 3950 Mortuo
3044 3896 3239 3949 autem
3285 3891 3354 3925 “9
3403 3892 3742 3963 Gunthario,

2099 3980 2425 4039 Geisericus
2454 3980 2766 4037 Alanorum
2797 3984 2856 4036 et
2889 3981 3388 4040 Wandalorum”0
3426 3982 3747 4054 imperator

2100 4071 2292 4128 factus
2315 4074 2428 4126 est.
2456 4069 2562 4137 Qui
2588 4069 2859 4139 quoniam
2882 4069 3165 4128 Arrianus
3186 4074 3333 4141 erat,
3355 4071 3501 4127 infra
3527 4069 3744 4127 limites

2097 4158 2480 4216 habitationis
2526 4173 2648 4215 suae
2679 4159 2734 4215 in
2785 4160 2976 4215 Africa
3028 4159 3494 4231 persecutionem
3542 4162 3748 4215 contra

2096 4247 2446 4305 christianos
2477 4248 2634 4320 fecit,
2665 4248 3010 4304 catholicam
3042 4248 3212 4305 ﬁdem
3245 4248 3485 4320 cupiens
3512 4248 3752 4305 subver.

2096 4341 2244 4408 tere,
2269 4338 2603 4410 multosque
2623 4337 2938 4410 episcopos
2959 4337 3280 4397 catholicos
3300 4338 3355 4395 in
3370 4342 3596 4396 tantum
3620 4352 3750 4410 per-

2100 4428 2340 4484 secutus
2357 4434 2467 4498 est,
2493 4425 2834 4498 utprivatos
2846 4425 3246 4484 aecclesiarum
3267 4426 3649 4497 suarumjure
3675 4425 3746 4482 de

2097 4515 2436 4573 civitatibus
2458 4514 2798 4588 expelleret.
2830 4513 3048 4571 Deinde
3079 4515 3445 4585 Kartaginem
3474 4514 3745 4571 simulata

338 4604 617 4662 Arrianae.
651 4607 751 4664 Isti
785 4608 894 4665 sub
925 4608 1215 4666 Archadio
1254 4615 1311 4666 et
1362 4612 1618 4670 Ηοηοιιίο
1662 4616 1985 4674 Danubium
2016 4600 2070 4663 D
2098 4620 2242 4678 pace
2270 4604 2574 4677 invadens,
2607 4619 2809 4666 omnes
2839 4603 3075 4664 divitias
3105 4609 3163 4665 et
3197 4610 3536 4667 ornamenta
3550 4604 3751 4666 aeccle-

339 4693 733 4766 transeuntes,
766 4695 941 4751 locati
974 4701 1110 4754 sunt
1140 4698 1196 4754 in
1228 4699 1545 4770 provinciis
1573 4703 1985 4781 Romanorum,

337 4785 395 4837 et
423 4782 656 4854 Gepidze
680 4783 933 4855 quidem,
957 4800 1030 4841 ex
1053 4787 1266 4857 quibus
1280 4789 1649 4860 postmodum
1664 4794 1835 4852 divisi
1851 4803 1985 4854 sunt

337 4871 700 4940 longobardi
725 4874 1033 4945 etAvares,
1058 4875 1228 4933 villas
1250 4892 1377 4950 quae
1402 4885 1539 4936 sunt
1561 4881 1716 4938 circa
1741 4884 1964 4956 Sygedo

337 4972 467 5015 nem
487 4964 545 5015 et
565 4960 849 5030 Syrmium
873 4962 1283 5022 habitaverunt
1311 4984 1325 5033 ;
1341 4968 1684 5040 Wisigothae
1699 4987 1838 5029 vero
1849 4982 1987 5044 post

338 5047 631 5105 Alarieum
656 5049 1358 5128 depopulantesRomam,
1380 5058 1437 5114 in
1470 5059 1685 5117 Gallias
1718 5062 1988 5121 abierunt

338 5141 396 5191 et
432 5152 559 5207 quae
590 5138 668 5195 ibi
700 5146 838 5198 sunt
867 5142 1269 5218 obtinuerunt,
1303 5148 1471 5203 Gothi
1513 5153 1727 5222 autem,
1780 5153 1876 5224 qui
1929 5159 1988 5211 et

340 5225 734 5316 Qstrogothae,
814 5233 1167 5292 Pannoniam
1239 5237 1485 5309 primum
1551 5240 1982 5316 habitaverunt,

337 5312 547 5373 deinde
569 5333 722 5376 nono
746 5320 971 5379 decimo
988 5338 1136 5380 anno
1160 5325 1386 5398 imperii
1412 5327 1719 5388 Theodosii
1735 5312 1985 5402 junioris

338 5404 555 5464 Tracia‘.
579 5407 750 5467 villas
774 5410 1217 5487 habitaverunt,
1240 5414 1436 5490 ibique
1455 5433 1558 5491 per
1591 5421 2015 5494 quinquaginta

2096 4696 2334 4757 siastica
2363 4698 2627 4759 abstulit.

2166 4790 2610 4849 Valentinianus
2623 4795 2817 4850 autem
2833 4793 3142 4861 angustus,
3160 4787 3483 4847 Constantii
3498 4790 3554 4842 et
3571 4784 3747 4844 Gallae

2098 4877 2275 4951 ﬁlius,
2310 4880 2382 4936 ad
2412 4881 2795 4938 Theodosium
2826 4880 3239 4938 consobrinum
3269 4893 3438 4936 suum
3469 4879 3747 4934 Constan-

2097 4967 2400 5040 tinopolim
2434 4971 2754 5041 profectus,
2808 4970 2964 5027 ﬁlius
3011 4970 3138 5040 ejus
3186 4968 3520 5036 Eudoxiam,
3574 4980 3745 5036 quam

2096 5057 2208 5114 sibi
2239 5058 2497 5115 Eudoxia
2528 5060 2750 5130 genuit,
2783 5060 2841 5115 in
2871 5059 3301 5116 matrimonium
3334 5056 3581 5128 accepit,
3634 5056 3745 5111 Ro-

2096 5163 2363 5221 mamque
2393 5149 2588 5206 rediit.

2165 5239 2480 5298 Tricesimo
2514 5242 2708 5296 autem
2742 5253 2891 5296 anno
2929 5237 3156 5310 imperii
3204 5235 3512 5295 Theodosii
3562 5240 3747 5292 terre-

2096 5334 2290 5389 motus
2307 5330 2500 5401 magni
2526 5330 2664 5386 facti
2688 5334 2821 5388 sunt
2851 5326 3353 5400 Constantinopoli
3371 5341 3475 5400 per
3493 5329 3746 5397 quatuor

2095 5434 2346 5492 menses,
2376 5420 2457 5478 ita
2486 5424 2553 5478 ut
2580 5419 2858 5477 timentes
2888 5417 3157 5490 Bizantii,
3181 5421 3348 5476 extra
3369 5415 3667 5474 civitatem
3692 5415 3749 5470 in

1680 5519 1919 5581 VARIE
1975 5523 2381 5584 LECTIONES'

408 5592 477 5629 ὀι
526 5595 692 5654 deest
718 5598 794 5654 1b.
850 5603 927 5656 9ο.
961 5598 1031 5634 ⁹⁶²
1072 5600 1174 5658 Hic
1221 5634 1290 5645 —

340 5663 817 5811 r'fgceg7demt
840 5672 938 5728 Et.
973 5670 1041 5707 κο
1066 5674 1359 5733 ardobarii
1391 5680 1440 5733 4.
1470 5681 1522 5735 δ.
1548 5663 1617 5714 κίτ

1338 5610 1652 5687 captantur
1679 5622 1828 5687 ἀερ.
1886 5612 2060 5687 4.]σε
2108 5613 2283 5687 deest
2328 5615 2427 5687 9°.
2463 5608 2731 5687 “‘leglO
2783 5608 2879 5687 Et.
2934 5605 3133 5687 5.“?0.‘
3172 5605 3359 5687 ξίΧΧΙ.
3416 5608 3470 5687 4,
3520 5609 3606 5662 10.
3659 5608 3743 5687 ‘t.

1676 5680 1886 5740 inviam
1938 5685 2037 5745 Ε1.
2101 5685 2173 5724 ⁸⁸⁸
2228 5686 2348 5744 fere
2406 5686 2464 5740 9°
2516 5680 2586 5717 “°
2636 5679 2799 5741 deost
2841 5682 2918 5736 9°.
2982 5676 3052 5712 "'°
3102 5675 3369 5737 dalorum
3416 5677 3511 5738 ita
3551 5675 3725 5751 peni
