3946 6418
264 370 376 429 ΤΗ

264 598 712 665 perseverarent
753 593 809 647 in
852 592 1100 648 lmtaniis
1140 593 1208 647 ad
1256 595 1432 648 Deum
1492 594 1903 649 vociferantes.

264 684 520 750 Quadam
540 698 680 752 ergo
702 682 794 737 die
820 687 976 737 terra
1004 683 1324 738 fluctuante
1343 688 1397 738 et
1414 684 1565 738 omni
1591 684 1805 755 populo
1828 689 1913 739 at-

261 773 483 828 tentius
508 772 667 843 kyrie
686 771 903 827 oleison
929 770 1238 841 clamante,
1265 772 1420 827 circa
1446 772 1642 827 horam
1667 773 1910 829 terciam

265 860 881 917 omnibusvidentibus
898 861 1625 930 quidamadolesccntulus
1643 862 1697 917 in
1722 877 1913 918 aerem

263 949 623 1018 sublevatur,
652 948 992 1020 audivitque
1006 964 1206 1005 vocem
1230 950 1519 1005 dicentem
1545 950 1675 1019 sibi,
1697 956 1757 1006 ut
1774 966 1917 1006 nun-

252 1039 435 1095 eiaret
463 1038 741 1109 episcopo
772 1051 840 1094 ac
876 1038 1089 1109 populo
1122 1037 1392 1094 laetanias
1420 1040 1611 1095 facere
1634 1044 1694 1096 et
1720 1040 1805 1097 sic
1835 1040 1919 1115 di_

255 1142 388 1185 cere
414 1147 426 1181 :
449 1128 707 1184 Sanctus
730 1130 907 1196 Deus,
930 1128 1171 1184 sanctus
1180 1128 1393 1200 fortis,
1418 1131 1665 1187 sanctus
1688 1131 1921 1187 immor-

256 1217 419 1285 talis,
441 1219 723 1274 miserere
746 1217 933 1285 nobis,
962 1216 1139 1272 nichil
1167 1217 1321 1272 aliud
1342 1225 1727 1289 apponentes.
1756 1220 1919 1285 Quod

261 1322 388 1362 cum
423 1307 610 1375 fieret,
646 1310 1002 1361 terremotus
1032 1306 1303 1361 cessavit.
1338 1308 1520 1362 Porro
1571 1308 1738 1364 beata
1791 1309 1924 1365 Pul-

262 1396 479 1465 cheria,
516 1411 684 1450 soror
714 1395 1041 1465 Theodosii,
1077 1410 1185 1451 una
1218 1411 1348 1451 cum
1383 1397 1563 1451 fratre
1594 1412 1771 1469 super
1815 1399 1921 1455 hoc

264 1485 548 1541 miraculo
571 1483 740 1541 valde
766 1484 992 1551 mirata,
1017 1485 1209 1539 sanxit
1229 1500 1334 1556 per
1360 1486 1697 1543 universum
1722 1489 1921 1543 orbem

261 1574 414 1629 hunc
449 1589 677 1643 vmnum
712 1573 909 1628 taliter
941 1574 1262 1635 decantari.
1301 1575 1417 1630 Sub
1446 1575 1536 1629 his
1573 1577 1690 1630 fere
1714 1575 1923 1631 diebus

263 1663 440 1717 Roma
470 1664 635 1717 tanto
669 1666 991 1717 terrcmotu
1027 1676 1314 1717 concussa
1346 1668 1459 1733 est,
1496 1667 1559 1719 ut
1583 1662 1828 1734 plurima
1849 1679 1923 1720 ω·
1996 1694 2012 1705 ι

264 1750 456 1806 dificia
485 1755 851 1807 corruerent.

332 1841 443 1895 Per
474 1838 597 1895 haec
631 1842 893 1909 tempora
930 1855 1032 1893 rex
1068 1841 1363 1895 Hunorum
1400 1840 1579 1895 Attila
1611 1841 1745 1897 dum
1793 1844 1923 1911 Trag
1952 1865 2008 1927 Β

257 1930 380 1985 eias
412 1933 472 1983 et
498 1928 797 1984 Yllirieum
834 1928 1191 1993 devastaret,
1247 1934 1490 1985 coactus
1539 1931 1924 2013 Theodosius,

259 2018 552 2089 legatione
587 2020 654 2073 ad
688 2032 816 2073 eum
853 2018 1047 2087 missa,
1082 2034 1184 2072 sex
1218 2017 1371 2073 milia
1410 2019 1685 2075 librarum
1720 2022 1771 2076 ei
1815 2039 1922 2093 pro

260 2122 495 2163 recessu
522 2108 755 2178 prehnit
780 2111 840 2161 et
864 2106 1019 2162 mille
1046 2106 1326 2162 librarum
1351 2109 1640 2165 tributum
1667 2124 1917 2167 annuum

260 2196 549 2267 promisit.

329 2286 467 2340 Post
499 2284 623 2341 haec
652 2285 1011 2341 Theodosius
1058 2286 1260 2341 morbo
1308 2292 1707 2357 consumptus,
1764 2289 1914 2360 apud

258 2374 824 2445 Constantinopolim
858 2374 1027 2443 obiit,
1064 2388 1213 2429 anno
1246 2375 1471 2445 imperii
1504 2379 1618 2430 41°.
1652 2377 1777 2433 Fuit
1821 2392 1916 2433 au-

259 2468 371 2519 tem
409 2464 642 2535 sapiens
677 2463 942 2532 multum,
971 2463 1252 2533 patientia
1278 2463 1661 2519 etclementia
1686 2466 1914 2522 univer-

258 2568 355 2609 sos
381 2552 705 2623 precclens.
742 2553 833 2607 Sic
864 2552 1013 2607 enim
1051 2552 1157 2607 fuit
1188 2552 1464 2623 clemens,
1500 2556 1558 2608 ut
1584 2554 1628 2610 si
1680 2556 1912 2624 quando

261 2640 475 2711 aliquis
507 2641 742 2710 dignum
778 2647 963 2695 morte
998 2640 1297 2711 quippiam
1332 2642 1744 2711 committeret,
1798 2658 1910 2699 non

261 2744 448 2801 usque
468 2731 538 2787 ad
562 2735 764 2801 portas
778 2730 1037 2785 civitatis
1055 2729 1373 2785 moriturus
1390 2732 1787 2801 perveniebat,
1807 2733 1909 2787 sed

257 2820 385 2889 ejus
433 2820 741 2876 clementia
794 2835 924 2874 mox
976 2821 1344 2889 subsequens
1390 2834 1521 2875 eum
1575 2823 1904 2878 revocabat.

257 2908 437 2975 Quem
469 2924 601 2965 cum
636 2908 868 2979 quidam
920 2898 1288 2965 familiarium
1342 2909 1751 2980 interrogaret,
1806 2926 1911 2967 cur

253 2998 478 3055 nullum
495 3013 556 3053 se
572 2997 905 3054 lzedentium
931 2998 1102 3052 morti
1128 2998 1470 3069 subjugaret
1495 3018 1507 3053 :
1539 3001 1799 3069 Utinam,
1830 3001 1910 3054 in-

256 3088 401 3158 quit,
435 3088 620 3144 micizi
643 3089 795 3143 esset
802 3087 1109 3158 possibile,
1137 3088 1315 3143 etiam
1336 3089 1597 3145 mortuos
1621 3090 1702 3145 ad
1720 3090 1909 3145 vitam

250 3190 545 3233 revocare.
575 3178 687 3232 Nec
714 3180 907 3231 tamen
930 3177 1019 3231 vir
1041 3176 1156 3231 iste
1182 3177 1340 3233 vitiis
1355 3177 1546 3233 caruit
1567 3182 1724 3241 ;erat
1754 3179 1905 3235 enim

254 3266 503 3335 mobilis,
539 3266 693 3321 omni
729 3272 906 3322 vento
937 3266 1361 3335 circumdatus,
1391 3268 1542 3321 unde
1566 3266 1701 3322 etin
1724 3269 1907 3325 eartis

252 3370 364 3411 non
396 3355 672 3427 perlectis
705 3370 764 3411 se
796 3356 1227 3411 subscrihehat.
1269 3357 1387 3411 [loc
1418 3360 1613 3411 autem
1652 3361 1901 3428 mortuo,

254 3446 422 3501 beata
446 3444 775 3511 Pulcheria,
802 3460 974 3499 soror
994 3444 1138 3513 ejus,
1163 3444 1415 3499 nondum
1446 3451 1632 3500 morte
1665 3446 1791 3515 ejus
1824 3446 1906 3501 di-

250 3534 508 3605 vulgata,
544 3534 915 3603 Marcianum,
952 3533 1005 3586 in
1042 3532 1324 3601 religione
1357 3536 1414 3589 et
1446 3534 1735 3604 pudicicia
1769 3551 1904 3591 con-

249 3627 580 3680 versantem
618 3637 833 3691 senem,
868 3626 929 3677 et
961 3621 1231 3677 idoneum
1264 3622 1472 3693 virum,
1506 3622 1574 3679 ad
1605 3639 1667 3678 se
1708 3639 1903 3681 accer-

248 3712 406 3783 sivit,
443 3712 613 3781 eique
639 3710 832 3765 dixita:
863 3710 1153 3775 Quoniam
1174 3712 1502 3782 imperator
1521 3714 1785 3771 mortuus
1817 3716 1907 3772 est

247 3802 307 3858 et
326 3814 428 3874 ego
461 3801 516 3857 te
545 3800 699 3871 elegi
730 3801 1020 3869 tanquam
1054 3798 1521 3871 beneplacentem
1541 3806 1786 3860 exomm‘
1817 3818 1901 3861 se-

248 3891 401 3948 natu
421 3892 501 3947 da
511 3888 697 3945 michi
710 3888 1137 3959 oerbmn,quod
1144 3890 1563 3960 eirginitatem
1573 3907 1764 3949 meam
1775 3906 1900 3950 cus-

250 3980 447 4038 todias
459 3993 641 4050 quam
663 3980 783 4035 Deo
805 3977 1029 4047 decori,
1047 3984 1107 4037 et
1122 3980 1532 4049 promineiabo
1560 3981 1614 4037 te
1646 3984 1900 4053 impera-

247 4072 449 4127 torem.
468 4068 629 4135 Quod
666 4066 764 4123 illo
787 4083 917 4124 cum
944 4074 1313 4125 sacramento
1339 4070 1671 4141 pollicente,
1705 4087 1899 4128 accer-

249 4161 362 4217 sito
387 4157 723 4231 patriarcha
738 4157 1046 4213 Anatholio
1069 4173 1197 4214 cum
1224 4160 1375 4214 omni
1402 4168 1626 4231 senatu,
1648 4176 1899 4232 pronun-

246 4250 425 4305 ciavit
439 4264 568 4305 eum
585 4249 974 4303 Romanorum
993 4248 1617 4320 imperatoremﬂujus
1632 4254 1897 4333 tempore

245 4343 490 4395 sanctus
520 4337 820 4393 Servatius
852 4336 1071 4393 ﬂoruit.

314 4428 462 4485 Anni
490 4426 813 4482 Theodosii.

309 4523 361 4574 ‘2.
398 4519 462 4574 A.
498 4519 560 4572 D.
596 4520 714 4572 428.
750 4514 836 4570 9'“.

1438 368 1920 432 EKKEHARDI
1964 369 2519 442 UHAUGIENSIS

262 505 391 561 loco
423 504 520 575 qui
553 504 769 561 dicitur
800 506 1049 575 Campus
1073 518 1184 560 una
1204 518 1333 561 cum
1356 504 1633 576 episcopo
1658 503 1906 561 Proculo
1939 506 1995 567 A

3559 396 3679 458 7'72

2240 510 2741 601 id‘estillierefech,
2772 517 3091 601 dietus_est
3116 537 3190 601 ;‘a
3219 538 3339 601 quo
3362 527 3540 601 etiam
3574 544 3677 601 po-

2240 586 2363 663 stea
2396 598 2566 668 reges
2596 589 2947 668 Braneorum
2974 586 3291 668 hierofing'i,
3322 597 3377 653 id
3427 604 3522 656 est
3565 586 3675 656 Me-

2239 655 2630 738 revi‘ngilingi,
2663 665 2798 738 sunt
2824 664 3114 738 appellati
3157 655 3245 722 ⁸⁷δῖ
3279 655 3474 738 'Hujus
3519 655 3674 729 titius

2238 725 2573 808 Ilildcricus
2592 734 2795 798 genuit
2824 725 3212 808 Ludevvicum,
3240 725 3533 808 quietiam
3558 725 3681 798 Clo-

2102 856 2126 883 ἡ
2192 865 2207 883 Δ
2241 796 2817 883 (love'unsndi’etusest.
2843 806 2922 876 cf.
2948 796 3211 883 iri-emi
3227 796 3366 867 Iiist.
3398 796 3593 883 ερίιζοζ
3616 796 3674 869 9.

2097 867 2146 919 6.
2178 865 2241 920 A.
2277 868 2339 921 D.
2377 871 2500 924 432.
2533 865 3224 936 Cassianus'collatiories
3267 865 3679 953 parataita;

2028 952 2130 1008 bit.

2196 1047 2259 1099 A.
2314 1048 2375 1101 Ι).
2424 1052 2545 1105 434.
2592 1052 2806 1122 Syxtus
2848 1069 2993 1126 papa
3041 1059 3166 1113 46ιω
3215 1059 3370 1115 sedit
3415 1060 3580 1117 annis
3619 1064 3675 1133 8,

2031 1131 2177 1187 obiit
2203 1137 2254 1187 5.
2288 1135 2407 1192 Kal.
2440 1140 2673 1209 Aprilis.

2104 1226 2188 1278 10.
2234 1225 2299 1280 A.
2346 1226 2408 1281 D.
2464 1229 2583 1283 436.
2645 1232 2893 1289 Sanctus
2950 1234 3268 1293 Germanus
3321 1237 3675 1295 Autisiodori

2032 1309 2344 1381 episcopus
2369 1313 2603 1373 rlaruit.
3142 1388 3154 1401 ,

2112 1405 2192 1455 11.
2226 1402 2393 1469 (0hr.
2436 1405 2549 1473 W.)
2579 1408 2640 1462 A.
2676 1410 2737 1463 D.
2772 1412 2892 1466 437.
2919 1413 2941 1434 '
2966 1412 3229 1482 Synodus
3250 1415 3435 1471 tercia
3465 1415 3668 1473 univer

2036 1488 2175 1544 salis
2207 1492 2310 1546 200
2337 1493 2742 1566 epiSCOporum
2789 1501 2898 1555 sub
2944 1502 3121 1573 Syxto
3168 1517 3314 1575 papa
3364 1519 3679 1576 congrega-

2033 1581 2132 1634 tur
2160 1578 2214 1634 in
2244 1582 2471 1651 Epheso
2503 1592 2705 1643 contra
2740 1589 3086 1646 Nestorium.

2177 1670 2200 1693 "
2228 1671 2315 1724 D?
2346 1674 2404 1726 Ε.
2439 1674 2579 1731 add.
2610 1694 2621 1729 :
2652 1678 2902 1747 Cyrillus
2929 1714 2989 1721 —
3015 1682 3259 1739 notavit.
3291 1695 3365 1739 ea:
3388 1682 3590 1756 Sigeb.

2112 1762 2194 1814 12.
2226 1762 2287 1815 Α.
2326 1763 2386 1815 Ι).
2421 1767 2539 1819 438.
2568 1766 2590 1789 ‘

2179 1850 2200 1871 ‘
2229 1850 2559 1978 Ιὲςίξὲὺαίῑίὶ.
2587 1873 2598 1908 :
2629 1855 2888 1912 Eudoxia
2912 1889 2982 1898 —
3008 1858 3062 1915 in
3106 1859 3227 1916 Kal.
3283 1861 3545 1931 Augusti.
3601 1875 3677 1919 ea:

2300 1938 2448 1994 egeo.

2108 2015 2190 2064 13.
2230 2014 2291 2067 Α.
2346 2013 2406 2068 Ι).
2460 2016 2580 2069 439.
2632 2016 2844 2073 Aecius
2918 2018 3370 2076 Gundicharium
3415 2022 3673 2091 Burgun-

2034 2097 2268 2155 dionum
2305 2116 2499 2170 regem
2550 2104 2712 2175 vicit,
2765 2107 3109 2179 petentique
3148 2110 3397 2179 gratiam
3437 2110 3665 2181 tribuit,

2030 2201 2197 2257 quem
2231 2191 2377 2245 Huni
2414 2196 2612 2262 postea
2648 2201 3022 2264 peremerunt
3048 2197 3145 2267 (cf.
3181 2198 3412 2269 Pnosr.)

2102 2276 2363 2347 14.(Ulzr.
2423 2280 2537 2351 W.)
2581 2283 2642 2337 A.
2706 2284 2767 2339 D.
2828 2286 2949 2341 440.
3009 2285 3451 2345 Valentinianus
3493 2285 3667 2344 filiam

2025 2366 2331 2424 Theodosii
2359 2372 2606 2442 accepit.

2099 2461 2183 2511 15.
2216 2458 2316 2525 (Η.
2349 2464 2453 2529 m.)
2486 2462 2548 2515 Α.
2579 2462 2640 2517 D.
2678 2464 2799 2517 441.
2829 2463 3095 2522 Julianus
3141 2465 3526 2536 Pelagianista
3573 2466 3668 2522 he-

2026 2546 2248 2603 reticus
2278 2562 2307 2604 a
2343 2549 2519 2618 Syxto
2552 2565 2695 2622 papa
2731 2552 3100 2624 dampnatur.
3146 2557 3515 2611 Terremotus
3553 2569 3669 2611 ma-

2022 2636 2118 2704 gni
2154 2637 2294 2692 facti
2326 2643 2463 2693 sunt
2492 2639 3018 2714 Constantinopoli.

2100 2724 2181 2778 16.
2219 2727 2285 2779 Α.
2316 2726 2379 2779 D.
2412 2728 2531 2781 442.
2570 2728 2679 2783 Leo
2710 2743 2857 2800 papa
2891 2732 3016 2785 47us
3064 2729 3390 2800 ordinatur,
3437 2730 3672 2787 sedens-

2023 2826 2135 2881 que
2164 2814 2332 2869 annis
2368 2818 2445 2885 16,
2479 2815 2746 2885 migravit
2777 2820 2810 2872 4
2836 2818 2957 2874 Kal.
2992 2818 3149 2875 Julii.

2095 2905 2177 2957 18.
2218 2902 2382 2970 (Chr.
2424 2905 2538 2976 W.)
2573 2908 2636 2961 A.
2673 2908 2735 2961 D.
2772 2909 2892 2963 444.
2920 2908 3277 2965 Theodosius
3301 2906 3514 2965 bellum
3536 2923 3669 2965 con-

2020 2995 2111 3048 tra
2144 2993 2458 3049 Wandalos
2484 2994 2550 3027 ⁹⁷⁴
2578 2995 2870 3052 inutiliter
2904 2998 3101 3054 movit.

2094 3088 2176 3139 19.
2216 3083 2442 3151 (Pnosr.
2476 3084 2645 3155 imp.)
2677 3088 2739 3142 A.
2775 3086 2838 3142 D.
2875 3090 2995 3142 445.
3028 3086 3195 3142 Alani
3230 3091 3445 3144 terram
3470 3084 3667 3143 Galliae

2022 3173 2320 3230 ulterioris
2350 3174 2405 3232 vi
2438 3176 2762 3245 possident.

2087 3269 2156 3320 20
2188 3264 2510 3337 (UltﬁWJ
2558 3268 2619 3320 A.
2672 3268 2736 3321 D.
2792 3268 2911 3322 446.
2967 3266 3215 3323 Sanctus
3264 3266 3516 3324 Brictius
3562 3267 3667 3322 Tu-

2016 3369 2291 3410 ronorum
2324 3354 2391 3388 97‘
2421 3355 2730 3427 episcopus
2763 3356 3052 3425 migravit.

2084 3447 2173 3499 21.
2210 3447 2271 3499 A.
2307 3446 2369 3501 D.
2404 3447 2552 3501 447.‘
2583 3446 2932 3502 Eustochius
2965 3446 3181 3503 Brictio
3204 3445 3509 3503 successit.

2155 3534 2267 3607 ‘D?
2299 3535 2359 3589 E.
2396 3534 2533 3607 add.
2562 3555 2580 3591 .-
2612 3534 2820 3605 Ephesi
2863 3540 2895 3590 7
2926 3534 3280 3592 dormientes
3308 3538 3441 3607 post
3472 3548 3655 3590 annos

2227 3606 2595 3677 domuitionis
2631 3610 2727 3661 lirz
2755 3621 2786 3660 a
2815 3622 3015 3663 somno
3048 3606 3321 3677 surgunt,
3343 3611 3401 3663 et
3430 3610 3654 3663 asserta

2225 3676 2337 3731 ﬁde
2368 3678 2843 3748 resurrectionis,
2881 3678 3092 3734 iterum
3140 3676 3197 3734 iil
3248 3676 3481 3735 Christo
3529 3678 3659 3734 d0r~

2228 3749 2429 3802 miunt.
2463 3749 2539 3819 cf.
2572 3748 2772 3819 Sigei).

2079 3844 2165 3895 23.
2205 3840 2434 3905 (Paosr.
2474 3840 2639 3910 imp.)
2673 3840 2736 3893 A.
2773 3840 2835 3892 D.
2872 3842 2993 3895 449.
3032 3838 3204 3895 Bleda
3235 3841 3526 3897 Hunorum
3552 3853 3655 3894 rex

2010 3930 2206 3986 Attilae
2242 3928 2439 3983 fratris
2473 3927 2673 3983 fraude
2703 3928 3056 3998 percutitur.

2080 4024 2165 4073 2:}.
2201 4020 2264 4073 A.
2297 4018 2360 4072 D.
2399 4019 2518 4073 451.
2557 4018 2890 4074 Merovecus
2920 4017 3007 4089 πθ,
3044 4018 3227 4075 Clodii
3263 4018 3435 4090 illius,
3461 4032 3661 4088 regna-

2006 4108 2085 4163 vit
2123 4107 2177 4162 in
2214 4106 2450 4162 Francia
2485 4106 2651 4161 annis
2686 4110 2771 4162 10.

2077 4201 2163 4254 26.
2201 4198 2304 4264 (Η.
2339 4203 2443 4265 m.)
2482 4199 2544 4251 A.
2582 4197 2645 4251 D.
2682 4200 2804 4251 452.
2838 4196 3430 4268 Thcodosiusjunior,
3456 4196 3656 4253 Orien-

2007 4287 2081 4343 tis
2113 4287 2451 4359 imperator,
2489 4286 2635 4342 obiit
2670 4301 2818 4343 anno
2861 4287 3088 4359 imperii
3139 4286 3225 4344 sui
3261 4290 3375 4359 41°,
3410 4301 3650 4358 quorum

2005 4379 2070 4433 15
2104 4376 2368 4447 regnavit
2399 4390 2528 4431 cum
2563 4380 2771 4447 patruo
2804 4377 3082 4448 Honorio,
3126 4378 3194 4430 26
3233 4391 3363 4433 cum
3404 4373 3655 4432 Valenti-

2005 4467 2176 4522 niano
2208 4466 2564 4523 consobrino
2598 4480 2723 4522 suo.

309 4614 360 4665 ὅ.
400 4605 567 4677 (Chr.
613 4606 728 4676 W.)
759 4607 822 4659 A.
856 4608 979 4661 431.
1030 4603 1266 4674 Accius,
1301 4602 1501 4659 multis
1531 4604 1766 4661 Francis
1799 4619 1892 4662 oc-

2100 4632 2242 4685 inno
2274 4625 2581 4684 dominicae
2610 4626 3032 4685 incarnationis
3062 4629 3213 4696 453°,
3248 4627 3321 4681 ab
3342 4626 3496 4681 Urbe
3520 4638 3655 4681 con-

239 4700 401 4769 cisis,
457 4701 681 4769 partem
731 4693 930 4749 Gallize
980 4708 1149 4763 quam
1203 4693 1584 4763 possederant
1643 4696 1887 4767 recepit.

238 4787 497 4859 (Pnosr.)
558 4783 813 4853 Clodius,
876 4780 1220 4839 Faramundi
1281 4780 1458 4850 filius,
1518 4785 1781 4853 regnavit
1834 4786 1891 4841 in

236 4878 479 4935 Francia
510 4875 676 4931 annis
706 4878 796 4930 20.
828 4874 909 4944 *1)

375 4968 574 5040 ’1)710.
611 4969 696 5020 11.
733 4962 875 5019 add.
905 4980 917 5016 :
951 4962 1069 5017 Iste
1102 4975 1231 5040 eum
1260 4960 1426 5040 juxta
1459 4976 1617 5040 mare
1640 4963 1701 5020 in
1740 4970 1889 5040 testu

448 5038 564 5095 diei
624 5051 756 5093 cum
804 5047 998 5091 uxore
1057 5032 1328 5103 sedisset,
1395 5033 1587 5091 bestia
1643 5039 1884 5097 marina.

445 5110 758 5180 equitauro
789 5103 858 5137 ⁹⁶²
890 5103 1119 5174 similis,
1157 5108 1217 5159 ut
1264 5105 1468 5180 fertur,
1526 5122 1767 5167 uxorem
1817 5112 1888 5169 ad

448 5177 756 5239 lavandum
783 5180 1121 5252 pergentem
1146 5177 1412 5252 appetiit,
1432 5180 1747 5252 statimque
1766 5184 1889 5241 sive

448 5254 701 5327 agbestia
734 5249 858 5309 sive
889 5265 918 5327 a
952 5250 1080 5306 viro
1110 5249 1681 5327 concipiens,_ﬁlium
1714 5270 1893 5327 pepe-

450 5325 551 5398 rit,
586 5325 687 5399 qui
719 5340 752 5383 a
768 5322 914 5383 mari
933 5326 994 5382 et
1014 5336 1047 5382 a
1065 5320 1361 5383 maculosa
1385 5320 1531 5383 faeie
1562 5320 1885 5400 Mero'veiis,

2007 4719 2129 4775 dita
2163 4720 2348 4774 12040.
2381 4717 2730 4787 Marcianus,
2760 4719 2854 4771 48°
2885 4715 3015 4771 loco
3049 4715 3121 4770 ab
3156 4717 3440 4785 Augusto,
3466 4714 3654 4770 orien-

2005 4808 2109 4864 tali
2139 4807 2286 4865 aulaz
2319 4807 2626 4880 preficitur
2658 4806 2994 4877 imperator,
3029 4808 3083 4859 et
3110 4802 3521 4870 regnavitcum
3544 4802 3652 4858 Va-

2004 4898 2325 4955 lentiniano
2357 4896 2526 4952 annis
2554 4901 2609 4951 7.
2641 4896 2909 4951 Ceterum
2948 4889 3332 4945 Valentiniani
3381 4893 3645 4959 tempora

2002 4988 2175 5058 hujus
2208 4987 2299 5044 vel
2334 4983 2654 5058 superioris
2684 4980 3055 5055 imperatoris
3088 4978 3491 5038 asscribentur
3513 4994 3644 5038 eur-

2000 5080 2221 5140 riculis.
2250 5079 2431 5150 Igitur
2451 5076 2909 5144 Valentinianus,
2934 5071 3317 5130 occidentalis
3334 5073 3643 5130 rectorim-

2000 5167 2148 5240 perii
2179 5165 2268 5237 '77,
2293 5178 2492 5236 pacem
2517 5160 2766 5217 ﬁrmavit
2790 5174 2918 5216 cum
2937 5158 3254 5231 Geiserico,
3280 5158 3463 5216 divisa
3488 5159 3641 5216 inter

2000 5262 2281 5326 utrosque
2309 5252 2377 5326 ’7?
2408 5248 2990 5326 Africa._Geiserieus
3012 5264 3163 5326 vero
3193 5248 3423 5326 du_n_1_de
3449 5262 3640 5307 rerum

1998 5320 2274 5388 successu
2297 5324 2474 5384 etiam
2494 5321 2648 5395 apud
2671 5336 2811 5380 suos
2826 5322 3184 5396 superbiret,
3199 5320 3391 5381 valida
3404 5336 3640 5379 suorum

1591 5480 1828 5539 νΑΒωε
1868 5482 2270 5543 LECTIONES.

298 5602 368 5640 οτι
393 5618 687 5663 annorum
714 5603 955 5663 numeri
978 5603 1053 5675 in,
1068 5608 1124 5675 ,1.
1155 5603 1505 5675 omnesfere
1523 5607 1775 5664 correcti
1801 5608 1853 5675 le

1894 5610 2100 5667 enim.
2128 5606 2197 5641 ⁹⁷²
2217 5605 2316 5679 qui
2337 5605 2406 5663 in
2431 5609 2518 5679 1ο.
2542 5602 2797 5679 deletum
2816 5615 2939 5663 esse
2953 5601 3150 5661 videri
3166 5602 3379 5676 potest,
3396 5599 3556 5660 unde
3575 5604 3634 5658 11

299 5622 368 5640 ’⁸⁸
393 5622 687 5663 annorum
714 5622 955 5663 numeri
978 5622 1041 5660 ἰη
1078 5622 1124 5659 'l.
1155 5622 1505 5686 ωῃησδμννϐ
1523 5622 1775 5664 σονγεσιι
1801 5622 2100 5715 κρυφίων.
2129 5622 2197 5641 ’⁸¹
2217 5622 2316 5679 qui
2337 5622 2406 5663 ιη
2431 5622 2514 5662 1υ.
2542 5622 2797 5662 “ﬂetum
2816 5622 3150 5663 εδεευιαστιι
3166 5622 3379 5676 φθίσει,
3396 5622 3556 5660 ’Ψηασ
3575 5622 3634 5658 ιι

232 5682 290 5734 et
316 5679 464 5736 auri.
498 5676 567 5712 ⁸⁷³
598 5693 645 5734 s.
677 5693 728 5734 a.
759 5681 897 5733 sunt
919 5681 1009 5750 _1_(_).
1039 5674 1350 5747 ’“folmm
1392 5690 1463 5732 m
1513 5680 1571 5746 1,⁹
1623 5677 1800 5737 deest.
1874 5680 1918 5715 ⁷⁸
1965 5686 2264 5750 tunorum,
2292 5680 2364 5737 ut
2413 5677 2674 5750 videtur,
2720 5690 2875 5750 corr.
2934 5680 3209 5735 turonum
3263 5681 3313 5734 δ.
3359 5679 3635 5733 tunorum

232 5761 384 5811 corr.
412 5754 763 5809 turonorum
800 5752 883 5805 10.
916 5746 985 5783 ντο
1011 5746 1354 5831 merovecus
1375 5760 1527 5807 corr.
1561 5762 1868 5811 meroveus
1893 5758 1945 5814 υ.
1980 5746 2285 5815 meroveu's
2316 5754 2368 5813 4.
2395 5749 2465 5789 ’⁷⁷
2490 5750 2526 5812 i.
2558 5766 2608 5811 r.
2636 5755 2687 5811 ὕ.
2717 5749 2786 5786 ⁹⁷⁸
2814 5753 2981 5810 utros
3005 5752 3082 5810 9°.
