3946 6434
251 386 367 448 773

1118 375 1554 442 CHRONICA.
1591 411 1666 424 --
1704 375 2182 440 CHRONICON
2228 375 2790 442 UNIVERSALE.

3552 381 3668 444 ’774

252 519 613 593 conspiratio
645 519 797 575 facta
829 520 923 573 est
953 514 1239 571 adversus
1287 528 1438 570 eum.
1477 512 1600 579 Qua
1642 511 1901 580 detecta,
1930 514 1986 574 A
2016 512 2207 570 diﬁ‘usi
2240 518 2375 570 sunt
2403 514 2709 585 omniaque
2741 514 2897 571 ferro
2919 518 2976 571 et
3002 513 3132 585 igne
3160 519 3530 573 consumunt.
3570 517 3676 573 Ca-

255 611 474 668 multos
514 623 584 664 ex
615 609 700 664 eis
731 621 835 678 per
867 605 1095 661 diversa
1129 603 1346 659 occidit
1377 602 1684 674 supplicia.
1713 603 1897 672 (Ione.

254 701 342 756 De
362 714 412 755 γ.
440 696 922 768 3.3.)Mareianus
938 696 1131 749 autem
1165 691 1471 747 admodum
1503 691 1905 759 religiosus,et

263 787 576 857 egentibus
612 783 791 841 multa
825 781 1102 838 beneﬁcia
1138 782 1427 851 prestans,
1464 794 1724 849 regnum,
1754 778 1904 849 quod

263 875 503 932 delicati
532 875 874 930 deeessores
896 876 951 926 et
971 869 1420 941 prodecessores
1433 868 1580 937 ejus,
1600 883 1701 939 per
1726 882 1908 923 annos

257 968 377 1021 fere
408 970 476 1019 00
498 962 759 1019 vicissim
792 962 1165 1030 imperantes,
1194 957 1541 1023 minuerant,
1570 956 1761 1011 divina
1784 972 1910 1027 pro-

252 1054 481 1110 visione
508 1051 592 1106 sic
612 1051 927 1121 reparavit,
949 1045 1313 1103 utexultatio
1331 1046 1531 1114 ingens
1555 1046 1786 1101 cunctis
1818 1061 1908 1103 ξιο-

252 1144 550 1198 cresceret
583 1139 671 1193 πο.
710 1140 848 1193 Nam
883 1152 1012 1191 eum
1047 1134 1279 1190 Parthis
1326 1140 1385 1188 et
1435 1133 1743 1203 Wandalis,
1793 1133 1910 1189 om"

255 1232 399 1286 nino
435 1242 677 1298 regnum
710 1225 1145 1294 infestantibus,
1178 1237 1377 1294 pacem
1400 1221 1678 1291 instituit,
1712 1222 1908 1279 Attilae

262 1318 452 1374 minas
480 1315 866 1387 compescuit,
895 1312 1162 1369 Novades
1193 1310 1262 1344 ⁹⁸⁰
1294 1310 1695 1381 Blemnesque,
1729 1326 1800 1366 ex
1822 1313 1909 1366 AS-

251 1407 490 1477 thiopia
527 1404 855 1476 prolapsos,
889 1417 992 1473 per
1025 1401 1276 1467 Florum,
1311 1398 1713 1455 Alexandrinae
1746 1400 1908 1455 urbis

269 1497 731 1567 procuratorem,
752 1506 779 1546 a
797 1490 1007 1545 ﬁnibus
1019 1490 1406 1545 Romanorum
1423 1489 1668 1561 expulit.
1687 1489 1787 1557 (Η.
1801 1488 1903 1557 7n.)

256 1585 420 1639 Inter
446 1582 573 1638 haec
605 1582 772 1636 beata
807 1578 874 1611 9‘“
905 1578 1210 1634 Puleheria
1245 1577 1520 1633 dormivit
1556 1578 1608 1632 in
1648 1577 1900 1647 Christo,

252 1688 383 1744 quae
415 1671 596 1727 multa
632 1671 779 1726 bona
808 1668 945 1724 fecit
971 1672 1031 1722 et
1053 1666 1241 1721 omnia
1266 1680 1374 1722 sua
1418 1666 1773 1737 pauperibus
1810 1666 1905 1721 de-

259 1762 539 1832 reliquit;
575 1774 703 1831 quae
734 1759 1054 1829 imperator
1077 1756 1422 1825 Marcianus,
1447 1771 1577 1811 cum
1606 1755 1784 1811 multa
1815 1769 1905 1811 es-

254 1856 404 1919 sent,
438 1849 716 1918 alacriter
744 1845 1101 1935 dispertivit.
1140 1847 1249 1900 Per
1279 1844 1404 1900 haec
1428 1847 1905 1935 temporaAHuno-
1932 1875 1986 1935 Β

252 1955 377 1996 rum
410 1953 513 1994 rex
545 1936 722 1991 Attila
761 1934 974 1990 Gallias
1004 1934 1318 1989 devastans
1348 1937 1407 1987 et
1431 1933 1654 1987 Italiam
1698 1933 1903 1988 irrum-

254 2042 393 2099 pere
424 2026 711 2095 cogitans,
747 2026 819 2079 ab
854 2023 1029 2079 Accio
1061 2029 1120 2077 ct
1155 2022 1471 2078 Gothorum
1493 2037 1630 2090 rege
1652 2021 1905 2077 Theode-

253 2117 396 2186 rico,
426 2115 565 2171 utin
588 2113 845 2184 liystoria
868 2113 1185 2168 Gothorum
1204 2111 1487 2182 scriptum
1512 2114 1626 2181 est,
1651 2110 1905 2167 devinci-

256 2210 375 2260 tur.
411 2203 520 2258 Sed
555 2202 686 2272 quia
724 2215 951 2272 semper
983 2200 1176 2257 virtus
1207 2198 1480 2254 invidiam
1504 2199 1676 2269 parit,
1703 2198 1906 2253 Valen-

250 2292 513 2349 tinianus
540 2292 858 2362 imperator
886 2290 1101 2345 timens
1130 2302 1450 2361 prosperos
1481 2287 1641 2343 Aecii
1681 2301 1906 2342 succes-

254 2396 377 2450 sus,
433 2380 646 2435 occidit
698 2394 849 2450 eum,
903 2377 1190 2448 simulque
1248 2376 1519 2432 Boeeium
1576 2379 1905 2431 senatorem

255 2469 706 2525 nobilissimum.
743 2471 880 2524 Cum
924 2467 1136 2536 quibus
1168 2466 1391 2536 pariter
1425 2464 1762 2519 Occidentis
1807 2464 1909 2519 im-

258 2558 484 2631 perium
522 2557 799 2627 salusque
833 2557 915 2612 rei
951 2555 1200 2627 publicze
1233 2553 1304 2586 9⁸³
1333 2554 1579 2623 corruit,
1611 2568 1717 2609 nec
1754 2554 1908 2610 ultra

256 2646 507 2703 relevari
543 2646 752 2717 potuit.
789 2644 898 2700 Sed
930 2642 1335 2699 Valentiniano
1387 2658 1543 2699 mors
1592 2642 1747 2698 Accii
1796 2658 1907 2699 non

262 2736 497 2808 impune
530 2734 750 2799 cessit;
784 2748 913 2789 nam
947 2732 1212 2803 sequenti
1247 2746 1394 2786 anno
1424 2746 1452 2787 a
1482 2730 1769 2787 Transtila
1820 2731 1907 2801 9⁸³,

256 2825 416 2880 Accii
448 2823 653 2893 milite,
691 2838 793 2894 per
826 2822 1131 2878 consilium
1162 2820 1386 2875 Maximi
1417 2820 1649 2890 patricii
1679 2823 1736 2875 et
1788 2820 1912 2892 ipse

256 2914 567 2970 confossus
594 2911 842 2981 interiit,
876 2926 1025 2967 anno
1064 2909 1286 2980 imperii
1322 2908 1407 2965 sui
1441 2911 1553 2979 30",
1589 2924 1660 2964 ex
1703 2909 1914 2979 quibus

257 3019 388 3060 cum
418 3001 742 3058 Theodosio
777 3015 982 3057 socero
1017 3014 1123 3055 suo
1156 2999 1417 3068 regnavit
1459 3002 1547 3068 25,
1595 3014 1725 3055 cum
1773 3000 1915 3053 Mar-

257 3091 424 3148 ciano
457 3097 509 3147 5.
548 3090 671 3156 Quo
702 3093 955 3158 mortuo,
1004 3088 1282 3143 Maximus
1328 3088 1541 3143 invasit
1585 3087 1910 3159 imperium,

257 3180 641 3248 etEudoxize,
684 3178 1074 3235 Valentiniani
1122 3178 1290 3233 uxori
1339 3177 1393 3233 vi
1445 3177 1725 3233 sociatur.
1777 3176 1915 3242 Qua)

257 3270 480 3327 nullum
506 3270 627 3326 fore
651 3267 926 3325 auxilium
952 3282 980 3323 a
1009 3266 1353 3322 Constantii;
1401 3265 1521 3337 poli
1544 3264 1910 3332 existimans,
1948 3236 1995 3297 Ο

256 3358 583 3415 Theodosio
606 3361 772 3429 patre
793 3359 848 3413 et
875 3356 1183 3413 Pulelieria
1208 3355 1382 3411 amita
1408 3354 1723 3424 defunctis,
1740 3355 1913 3412 missa

259 3448 557 3519 legatione
583 3447 940 3503 Geisericum
967 3460 1037 3501 ex
1057 3445 1247 3501 Africa
1272 3443 1561 3514 invitavit,
1598 3443 1694 3514 qui
1719 3442 1914 3499 subito

263 3553 368 3609 per
402 3550 558 3592 mare
589 3551 718 3591 cum
750 3549 953 3604 magna
985 3533 1358 3590 multitudine
1396 3531 1622 3588 Italiam
1674 3531 1914 3589 intravit

258 3638 389 3680 eum
423 3622 607 3678 adhuc
641 3621 851 3676 beatus
882 3620 992 3675 Leo
1016 3621 1335 3676 Romanum
1358 3622 1591 3688 regeret
1611 3618 1915 3689 pontiﬁca-

260 3717 405 3769 tum.
438 3710 734 3767 Pcreulsis
767 3708 833 3742 9“
866 3710 1061 3780 itaque
1085 3708 1358 3764 Romanis
1382 3723 1487 3779 pro
1511 3706 1763 3763 adventu
1790 3707 1916 3763 Gei-

260 3800 458 3872 serici,
495 3799 729 3872 plurimi
759 3814 831 3855 ex
863 3799 1015 3855 Urbe
1050 3799 1342 3867 fugerunt,
1383 3796 1535 3852 inter
1568 3811 1715 3866 quos
1742 3795 1811 3828 ⁹⁸⁵
1856 3800 1911 3851 et

260 3890 542 3947 Maximus
568 3890 817 3959 fugiens,
845 3887 1211 3944 membratim
1236 3903 1263 3942 a
1288 3886 1562 3942 Romanis
1578 3886 1914 3958 discerptus

264 3984 378 4051 est,
413 3994 611 4035 mense
647 3979 834 4035 tereio
853 3977 1179 4050 tyrannidis
1203 3992 1341 4033 sua).
1368 3975 1701 4032 Geisericus
1725 3980 1915 4031 autem

269 4068 573 4125 inveniens
604 4069 814 4124 Urbem
838 4081 1101 4137 vacuam,
1140 4065 1350 4121 invasit
1381 4078 1528 4120 eam.
1562 4064 1662 4120 Cui
1707 4065 1916 4121 beatus

263 4160 379 4214 Leo
400 4172 550 4228 papa
574 4161 742 4213 extra
772 4160 1001 4227 portam
1020 4155 1299 4225 occurrit,
1326 4158 1382 4209 et
1404 4152 1601 4209 divino
1620 4158 1765 4209 nutu
1790 4167 1918 4224 pre-

263 4245 432 4303 cibus
463 4260 593 4302 cum
626 4245 683 4300 in
712 4248 939 4300 tantum
973 4243 1260 4313 delinivit,
1295 4248 1355 4298 ut
1395 4256 1526 4298 eum
1575 4241 1766 4297 omnia
1818 4256 1916 4313 po-

263 4336 472 4394 testati
502 4335 632 4405 ejus
664 4338 862 4391 essent
898 4334 1135 4403 tradita,
1160 4333 1232 4388 ab
1255 4330 1521 4387 incendio
1543 4335 1603 4387 et
1625 4330 1915 4387 occisione

265 4431 440 4498 atque
465 4423 773 4498 suppliciis
796 4422 1142 4480 abstineret.
1170 4422 1280 4477 Per
1297 4420 1656 4476 Mverodies
1679 4421 1915 4476 Romam

264 4516 535 4572 omnibus
551 4512 774 4569 divitiis
791 4510 993 4569 suis986
1005 4509 1727 4579 evacuabant,multosque
1742 4510 1918 4581 capti-

2018 616 2186 673 puam
2216 603 2513 659 civitatem
2548 601 2971 658 nobilissimam
2995 603 3439 673 destruxerunt,
3470 604 3669 661 Nolam

2019 706 2248 761 quoque
2281 693 2482 747 urbem
2517 691 2866 747 ditissimam
2899 697 2958 747 et
3008 692 3151 747 alias
3182 693 3396 751 multas
3431 694 3675 751 subver-

2017 784 2236 849 terunt,
2263 780 2558 851 Neapolim
2580 796 2740 849 vero,
2767 780 2899 851 quia
2923 783 3047 835 erat
3075 780 3427 852 ﬁrmissima,
3454 796 3667 854 capere

2020 883 2132 923 non
2166 868 2458 939 valebant,
2493 869 2679 924 omnia
2714 873 2905 924 tamen
2940 882 2971 924 a
3002 869 3142 925 foris
3167 869 3552 941 dissipabant.
3581 873 3668 927 In-

2020 962 2113 1012 ter
2133 957 2238 1013 has
2256 957 2555 1026 angustias
2581 958 2668 1013 vir
2689 958 3408 1030 sanctissimusPaulinus,
3434 960 3665 1018 Nolanze

2022 1046 2183 1103 urbis
2213 1046 2526 1117 episcopus
2547 1047 2821 1117 expensis
2843 1061 2947 1118 pro
2979 1046 3378 1119 redemptione
3411 1049 3667 1120 captivo-

2021 1150 2147 1191 rum
2180 1135 2448 1191 omnibus
2477 1149 2606 1206 quae
2634 1135 2856 1205 habuit,
2895 1150 2957 1191 se
2982 1135 3168 1206 ipsum
3194 1151 3298 1207 pro
3328 1137 3667 1193 redimendo

2022 1222 2139 1279 ﬁlio
2168 1223 2357 1280 viduae
2382 1224 2650 1295 tradidit,
2686 1224 2836 1279 sicut
2861 1225 3069 1279 beatus
3097 1225 3412 1294 Gregorius
3435 1224 3491 1280 in
3516 1224 3668 1280 mli-

2021 1311 2125 1367 bro
2159 1311 2523 1382 dialogorum
2557 1317 2659 1384 (m,
2694 1328 2743 1369 c.
2772 1313 2825 1385 1)
2859 1312 3088 1384 plenius
3109 1314 3335 1369 scribit.
3373 1316 3447 1369 At
3479 1314 3669 1370 Geise-

2018 1400 2174 1456 ricus
2197 1406 2500 1472 postquam
2525 1401 2746 1458 ditatus
2767 1402 2952 1458 Italiaa
2977 1402 3188 1473 opibus
3211 1402 3277 1457 ad
3306 1402 3560 1459 Africam
3580 1419 3667 1460 re-

2018 1488 2143 1559 diit,
2183 1490 2354 1546 ﬁliam
2385 1491 2452 1524 ’91
2500 1490 2892 1547 Valentiniani
2943 1491 3224 1563 principis
3273 1494 3667 1550 Trasamundo

2018 1577 2136 1634 ﬁlio
2157 1594 2262 1634 suo
2287 1594 2524 1635 uxorem
2547 1579 2730 1651 dedit,
2749 1595 2821 1636 ex
2845 1594 2954 1651 qua
2979 1580 3308 1638 IIildericus
3356 1586 3528 1638 natus
3552 1587 3663 1654 cst,

2017 1666 2113 1737 qui
2146 1672 2390 1738 quartus
2424 1672 2554 1739 post
2601 1668 2958 1725 Geisericum
2990 1671 3177 1740 'super
3205 1669 3515 1727 Wandalos
3544 1686 3670 1741 reg-

2017 1756 2193 1811 navit.
2220 1758 2359 1813 Tres
2384 1756 2597 1828 quippe
2621 1756 2771 1813 ﬁlios
2807 1758 3139 1814 Geisericus
3186 1758 3409 1829 habuit,
3457 1759 3668 1831 quibus

2018 1847 2151 1899 ante
2183 1845 2405 1900 obitum
2437 1859 2604 1901 suum
2640 1845 2717 1900 ita
2753 1859 2992 1916 regnum
3044 1846 3357 1918 ordinavit,
3408 1852 3470 1904 ut
3520 1848 3672 1906 alius

2018 1939 2147 2003 post
2178 1933 2352 1989 alium
2372 1934 2538 2004 juxta
2559 1934 2753 1990 aetatis
2775 1935 3040 1991 ordinem
3065 1941 3356 2006 regnaret.
3384 1938 3669 2006 Regnavit

2018 2021 2194 2090 igitur
2226 2021 2445 2093 primus
2476 2028 2605 2093 post
2636 2038 2766 2079 eum
2799 2024 3148 2096 Hunericus,
3186 2025 3479 2082 secundus
3521 2027 3672 2083 Gun-

2016 2110 2381 2179 tbemandus,
2415 2111 2635 2168 tercius
2665 2114 3112 2183 Trasamundus,
3151 2118 3277 2184 post
3304 2129 3472 2185 quem
3515 2114 3672 2172 ﬁlius

2016 2197 2142 2266 ejus
2166 2198 2497 2254 IIildericus
2521 2205 2767 2270 quartus
2788 2202 3075 2271 regnavit,
3105 2204 3199 2273 qui
3226 2204 3429 2259 matris
3452 2205 3670 2261 monita

2019 2301 2290 2356 sequens,
2325 2288 2655 2344 catholicus
2689 2289 2797 2345 fuit
2832 2289 2927 2358 (cf.
2960 2292 3124 2347 Joao.
3161 2293 3246 2347 De
3273 2306 3327 2347 γ.
3365 2291 3432 2348 G.
3471 2309 3521 2349 e.
3554 2296 3665 2365 33).

2092 2375 2191 2443 (Η.
2222 2378 2325 2447 m.)
2383 2377 2703 2433 Marcianus
2753 2392 2893 2433 vero
2944 2379 3284 2452 imperator,
3340 2397 3470 2438 cum
3518 2383 3671 2455 apud

2022 2464 2591 2535 Constantinopolim
2620 2470 2843 2537 septem
2868 2467 3032 2523 annis
3051 2473 3339 2541 regnaret,
3370 2470 3520 2527 facta
3539 2485 3673 2528 suo-

2024 2568 2148 2609 rum
2186 2554 2625 2624 conspiratione
2658 2560 3000 2627 peremptus
3031 2561 3143 2612 est.

2095 2643 2193 2711 (Η.
2228 2657 2303 2697 m.
2325 2673 2392 2683 —
2414 2644 2612 2714 BEDA.)
2647 2643 2829 2713 Hujus
2861 2649 3121 2716 tempore
3137 2648 3388 2703 Joannes
3416 2647 3670 2719 baptista

2024 2736 2197 2801 caput
2233 2746 2423 2802 suum,
2452 2731 2617 2801 juxta
2653 2734 2902 2790 Herodis
2935 2735 3220 2804 quondam
3253 2736 3408 2807 regis
3447 2735 3674 2793 habita-

2025 2819 2219 2875 culum
2237 2820 2617 2892 reeonditum,
2638 2822 2918 2879 revelavit
2935 2823 3163 2879 duobus
3182 2826 3674 2882 mouachisorien-

2027 2908 2263 2979 talibus,
2291 2909 2386 2980 qui
2407 2910 2847 2967 Hierosolimam
2870 2926 3044 2969 causa
3059 2913 3339 2971 orationis
3362 2919 3671 2986 venerunt,

2027 2998 2182 3067 quod
2215 2997 2782 3071 deincepsﬁdissam
2836 3001 3060 3058 Fenicis
3108 3004 3309 3060 urbem
3352 3002 3664 3075 perlatum,

2026 3084 2200 3155 digno
2228 3086 2391 3144 cultu
2424 3093 2511 3144 est
2545 3087 2914 3146 honoratum.

2097 3175 2241 3230 Anni
2278 3176 2567 3231 Marciani.

2099 3250 2147 3300 1.
2180 3245 2348 3313 (σήν.
2384 3248 2499 3315 W.)
2532 3247 2725 3303 Primo
2758 3263 2907 3304 anno
2935 3249 3227 3320 Marciani,
3264 3250 3361 3320 qui
3393 3254 3481 3308 est
3516 3266 3545 3307 a
3566 3251 3668 3308 do-

2027 3333 2671 3404 minicaﬁincarnatione
2701 3338 2863 3391 4152119
2889 3336 2976 3408 9”,
3010 3337 3220 3394 Accius
3243 3338 3482 3395 Attilam
3502 3354 3670 3411 supe-

2028 3422 2197 3477 ravit.
2232 3423 2253 3445 *

2172 3512 2195 3535 *
2224 3512 2307 3567 D?
2337 3512 2414 3587 Ε.
2433 3512 2571 3587 add.
2608 3532 2619 3567 :
2652 3514 3027 3570 Terremotus
3052 3545 3120 3555 -—
3139 3515 3576 3587 consequentia.

2239 3596 2314 3639 ea:
2341 3583 2545 3653 Sigeb.

2097 3676 2147 3728 3.
2184 3673 2248 3728 Α.
2282 3673 2343 3726 Ι).
2390 3674 2511 3727 453.
2566 3672 2830 3743 Synodus
2874 3679 3079 3745 quarta
3127 3679 3230 3732 630
3258 3675 3327 3710 ⁹⁹³
3364 3676 3672 3749 episcopo-

2029 3775 2154 3817 rum
2187 3760 2243 3815 in
2276 3760 2597 3817 Calcedone
2629 3767 2985 3833 congregata
3014 3763 3083 3797 ’9‘
3131 3765 3241 3822 sub
3286 3765 3474 3822 Leone
3521 3780 3668 3839 papa

2025 3855 2227 3907 contra
2261 3849 2523 3906 Euticcn.
2545 3853 2569 3875 *

2169 3940 2189 3962 ‘
2217 3940 2304 3993 D?
2348 3940 2414 4014 I).
2461 3939 2601 4014 add.
2641 3959 2654 3994 :
2700 3940 2803 3996 Hic
2835 3940 3132 3999 decretum
3160 3947 3250 3999 est
3278 3943 3662 4014 -—-genuisse.

2239 4024 2314 4066 ea:
2336 4010 2542 4080 Sigeb.

2097 4102 2147 4155 4.
2185 4101 2247 4155 Α.
2284 4101 2346 4154 D.
2397 4101 2520 4155 456.
2573 4098 3016 4159 Valentinianus
3062 4103 3299 4160 Accium
3356 4103 3667 4175 patricium

2026 4188 2263 4244 occidit.

2097 4280 2148 4330 5.
2187 4278 2251 4333 Α.
2285 4278 2349 4333 D.
2387 4280 2507 4333 457.
2544 4275 2987 4335 Valentinianus
3017 4278 3088 4335 ab
3116 4279 3319 4337 amicis
3340 4280 3670 4338 Aeciiocci-

2028 4364 2205 4422 ditur.

2099 4381 2113 4419 ι.
2174 4381 2205 4422 ·.

2099 4381 2413 4526 almam.)
2446 4456 2511 4511 A.
2544 4457 2607 4511 D.
2651 4458 2772 4512 458.
2822 4455 3094 4528 Hylarius
3140 4473 3288 4530 papa
3336 4462 3464 4516 48m
3516 4459 3671 4516 ordi-

2028 4548 2222 4615 natur,
2259 4544 2406 4601 sedit
2437 4544 2602 4601 annis
2628 4547 2678 4600 7.
2714 4545 3087 4617 decessitque
3118 4550 3151 4603 4
3181 4546 3316 4604 Idus
3347 4549 3505 4621 Sept.
3557 4549 3670 4605 Per

265 4599 1917 4711 Ῡρὲθῗίἷ¹ζί¹ιθὶἶῗῖίῖ¹ἰῗίῖῗίῗῗῖξῗῗῗῖῗῗῖῗΠῗθὲἶίὲἓῖίὶῗῗΕῗίῗῗῗ
1945 4607 1999 4671 D
2030 4634 2181 4692 hunc
2213 4635 2450 4709 scripsit
2483 4634 2780 4695 Victurius
2810 4635 3143 4710 paschalem
3175 4637 3403 4711 cyclum
3423 4599 3538 4695 332
3575 4651 3674 4693 an-

266 4692 451 4750 rieum
473 4693 542 4749 ad
560 4692 667 4748 hoc
683 4689 893 4746 malum
912 4688 1418 4760 invitaverat,cum
1434 4688 1662 4745 duabus
1685 4689 1917 4748 ﬁliabus

264 4779 333 4814 “7
356 4782 476 4838 suis
502 4780 751 4837 Africam
777 4778 1165 4849 deportabant
1186 4776 1274 4835 ⁸⁸⁸.
1299 4780 1419 4835 Hoc
1441 4777 1611 4834 modo
1629 4782 1800 4850 capta
1824 4783 1915 4835 est

265 4870 444 4928 Roma
477 4869 733 4927 secundo
765 4872 1073 4940 postquam
1108 4883 1233 4926 eam
1267 4868 1536 4924 Alei-iens
1558 4866 1793 4938 invasit,
1819 4883 1916 4924 ex-

265 4958 444 5031 pletis
476 4962 547 5018 ab
578 4974 646 5015 eo
679 4964 941 5030 tempore
972 4959 1137 5014 annis
1171 4962 1258 5028 43,
1293 4974 1322 5015 a
1355 4957 1690 5014 conditione
1723 4972 1823 5013 sua
1847 4956 1916 4990 ⁹⁸⁹

268 5050 423 5105 1207.
451 5048 675 5106 Relicta
700 5048 898 5119 itaque
922 5049 1097 5119 Urbe,
1122 5046 1384 5106 Wandali
1410 5062 1513 5121 per
1546 5046 1912 5119 Campaniam

2028 4741 2254 4785 norum.

2098 4812 2147 4865 7.
2184 4808 2346 4881 (01w.
2384 4808 2499 4881 W.)
2530 4811 2595 4868 A.
2628 4811 2691 4866 D.
2725 4808 2848 4867 459.
2892 4808 3219 4867 Marcianus
3266 4807 3523 4866 Orientis
3568 4806 3672 4865 im-

2024 4891 2268 4959 perator
2297 4888 2607 4946 occiditur.

2098 4966 2310 5039 (Jono.)
2346 4971 2508 5024 Anno
2539 4969 2843 5027 dominica:
2872 4968 3289 5027 incarnationis
3319 4970 3470 5039 460°,
3494 4967 3667 5024 Urbis

2023 5048 2276 5105 conditae
2309 5047 2619 5105 millesimo
2650 5054 2796 5106 211°.
2830 5050 2930 5120 (H.
2964 5051 3069 5122 m.)
3093 5049 3225 5120 Leo,
3251 5048 3485 5108 Bessiea
3505 5051 3673 5104 ortus

1618 5235 1854 5293 VARI/E
1909 5235 2204 5293 LECTION
2211 5237 2311 5292 ES.

337 5422 406 5460 “7’
466 5432 765 5484 cresceret
829 5426 905 5479 9ο.
977 5423 1046 5457 ⁹⁸⁰
1112 5424 1389 5484 nomades
1454 5429 1530 5481 9ο.

267 5513 417 5555 corr.
454 5496 969 5570 11.7?3‘7percussis
1000 5500 1088 5570 Qa.
1111 5495 1179 5530 ⁸⁸⁵

1596 5423 1663 5458 081
1953 5426 2004 5481 4.
2033 5428 2126 5530 42.
2184 5423 2264 5530 49:2

1215 5513 1361 5569 quo;
1415 5500 1493 5569 et
1532 5496 1837 5569 magniget
1899 5510 1973 5569 in.
2033 5499 2119 5569 10.
2184 5499 2269 5552 11.
2328 5494 2397 5530 ’⁸⁸

2457 5426 2546 5480 rei
2610 5427 2686 5479 96.
2759 5427 2843 5479 10.
2912 5427 2996 5477 11.
3063 5420 3133 5455 ⁸⁸⁸
3201 5422 3477 5480 strantila
3517 5428 3601 5481 10.
3645 5437 3677 5482 θ

2453 5494 2618 5554 deest
2666 5498 2730 5566 5.
2779 5491 2846 5566 9⁸⁷
2897 5492 3039 5566 ﬁliis
3095 5498 3144 5550 5.
3204 5492 3274 5566 ⁸9⁸
3332 5495 3679 5566 deportave-

270 5575 407 5626 runt
438 5575 487 5626 5.
521 5569 591 5603 ⁰⁸⁹
620 5564 782 5627 déest
807 5569 903 5624 Ε1.
940 5572 989 5623 5.
1023 5567 1095 5600 ⁹⁹⁰
1114 5564 1321 5641 φενρἱ
1346 5576 1395 5625 1.
1430 5566 1498 5602 ⁹⁹¹
1528 5564 1868 5639 Eudoxiam,
1902 5566 1967 5622 V.
2004 5582 2057 5639 p.
2096 5568 2158 5638 1.,
2193 5582 2367 5672 quam
2396 5568 2551 5625 Urbe
2578 5564 2941 5639 captivitatis
2979 5569 3163 5648 sorte.
3189 5564 3538 5625 abduxerat.
3594 5567 3673 5625 ib.

270 5640 336 5673 De:
364 5641 456 5673 Am
495 5646 556 5673 nn
616 5643 714 5673 Lm
771 5654 903 5673 tum
971 5642 1064 5673 mm
1120 5644 1149 5673 κ
1198 5644 1293 5673 mea
1348 5640 1408 5673 4h
1461 5638 1532 5673 993
1561 5645 1664 5673 non
1718 5645 1747 5673 κ
1800 5644 1862 5673 αα
1915 5642 1984 5673 an
2035 5644 2091 5673 u
2154 5638 2199 5673 99
2252 5643 2614 5673 ηηηηηηηηιη
2675 5637 2791 5673 Τρηὸ
2844 5636 3086 5673 mli/him»
3139 5651 3203 5673 σω
3261 5641 3283 5673 Α
3372 5639 3431 5673 pf
3473 5638 3563 5673 Ha
3620 5644 3651 5673 κ

267 5640 336 5676 ⁸⁸³
363 5641 462 5699 451
495 5646 574 5699 9°.
612 5643 732 5697 452.
769 5654 920 5698 60W.
966 5642 1085 5696 453.
1115 5638 1169 5697 Β.
1194 5638 1313 5698 4⁷53.
1348 5640 1425 5699 1b.
1461 5638 1532 5675 ⁸⁸³
1559 5645 1680 5699 530.
1717 5645 1769 5697 5.
1800 5644 1879 5696 9°.
1915 5638 2120 5695 10.711.

2251 5643 2614 5713 congregato
2650 5636 2792 5711 ’ἵενθὶ
2844 5636 3086 5696 videtur
3139 5636 3207 5695 in
3261 5641 3312 5696 1.
3370 5639 3431 5697 et
3473 5638 3565 5697 ita
3618 5644 3670 5698 5.

268 5727 298 5773 θ
334 5726 484 5773 corr.
520 5717 874 5787 congregata
902 5717 989 5771 est
1022 5713 1099 5771 1b.
1131 5717 1524 5786 congregatur
1554 5715 1652 5773 Ε1.
1682 5717 1772 5772 10.
1802 5716 1889 5769 11.
1923 5712 1985 5771 et
2010 5710 2152 5772 0hr.
2184 5712 2274 5772 W.
