3946 6414
304 322 418 390 ’ῖἻὸ

1492 322 1977 386 EKKEHARDI
2012 325 2569 393 URAUGIENSIS

3613 326 3738 393 776

312 460 609 534 progenie,
635 474 705 514 ex
734 457 968 514 tribuno
996 456 1241 514 militum
1269 458 1588 530 imperator
1613 457 1862 530 electus,
1907 468 1963 516 et
1997 463 2053 523 Α
2156 466 2267 522 Leo
2296 466 2474 536 igitur
2505 467 2845 538 imperator,
2882 474 3188 537 postquam
3226 466 3511 523 orientale
3558 468 3739 539 impe-

306 551 377 605 ab
415 547 724 604 Anatholio
760 547 1091 617 patriarcha
1127 553 1460 618 coronatus,
1484 551 1577 603 490
1613 547 1738 603 loco
1763 549 1835 603 ab
1859 551 1971 603 Au-

309 643 503 707 gusto,
540 649 779 703 regnum
804 634 1101 689 Orientale
1120 636 1370 706 accepit,
1395 641 1452 690 et
1485 640 1544 691 16
1567 636 1733 690 annis
1755 636 1963 691 tenuit.

311 725 415 792 Qui
451 724 658 780 deinde
692 723 957 792 sequenti
989 726 1250 794 tempore
1284 724 1461 780 lilium
1505 740 1673 781 suum
1727 726 1965 780 Leonem

312 814 532 870 socium
566 812 676 868 sibi
710 811 852 867 fecit
884 811 938 865 in
966 826 1143 881 regno
1184 812 1560 869 Occidentale
1605 828 1741 868 vero
1795 813 1969 884 impe-

313 905 461 960 rium
486 902 890 958 Mauronianus
922 900 1037 971 (vel
1061 900 1410 970 Majoriauus
1430 902 1520 973 99’5)
1542 902 1775 972 quidam
1797 902 1970 957 'aece-

314 993 400 1064 pit
431 992 579 1063 apud
606 992 958 1060 Ravennam,
987 989 1089 1045 sed
1116 995 1327 1059 quarto
1358 1006 1508 1047 anno
1530 992 1672 1046 haut
1701 990 1903 1062 procul
1938 1005 1967 1045 a

312 1081 561 1135 Dertona
587 1078 828 1133 civitate
848 1078 1081 1133 occisus
1097 1083 1208 1148 est,
1227 1080 1542 1150 statimque
1558 1082 1809 1135 Severus
1844 1079 1967 1133 sine

304 1170 472 1240 jussu
505 1168 713 1223 Leonis
746 1167 897 1239 apud
928 1169 1257 1222 Ravennam
1282 1169 1603 1239 imperator
1627 1169 1878 1223 cﬁicitur
1910 1173 1966 1222 et

313 1262 602 1327 angustus
628 1255 982 1327 appellatur,
1009 1256 1106 1311 sed
1130 1263 1185 1309 et
1213 1257 1337 1329 ipse
1363 1264 1497 1328 post
1519 1262 1770 1327 quatuor
1789 1272 1971 1312 annos

311 1347 507 1401 Romae
538 1346 852 1400 defunctus
902 1350 1009 1399 est.
1060 1345 1270 1416 (Jono.)
1323 1347 1457 1400 Post
1508 1345 1675 1414 cujus
1724 1350 1965 1401 mortem

306 1449 597 1491 consensu
631 1433 815 1488 totius
850 1432 1073 1488 militiae
1110 1434 1216 1489 Leo
1249 1433 1567 1504 imperator
1598 1433 1964 1490 Anthemium

310 1522 426 1596 divi
447 1521 718 1576 Marciani
743 1535 1042 1591 generum,
1070 1535 1139 1576 ex
1165 1521 1410 1591 patricio
1434 1536 1710 1577 caesarem
1731 1521 1963 1591 faciens,

310 1612 545 1667 Romam
580 1610 736 1665 misit
770 1610 820 1663 in
854 1609 1181 1680 imperium.
1220 1611 1319 1679 (II.
1353 1610 1454 1681 φη.)
1490 1612 1764 1680 Sequenti
1819 1624 1967 1665 anno

314 1698 669 1767 Servandus,
705 1696 803 1767 qui
834 1685 1131 1767 prefectus
1162 1701 1291 1751 erat
1324 1696 1378 1750 in
1414 1696 1616 1767 Gallia,
1652 1698 1854 1754 volens
1887 1697 1969 1751 in-

2084 555 2231 611 rium
2253 556 2501 611 sedecim
2530 561 2758 611 rexerat
2783 557 2970 625 annis,
2997 557 3261 625 Leonem,
3280 561 3547 627 nepotem
3564 571 3737 613 suum

2082 657 2154 698 ex
2187 644 2433 711 Ariagne
2460 643 2596 712 ﬁlia,
2620 644 2868 700 Zenonis
2894 643 3096 713 ﬁlium,
3120 643 3396 699 ordinans
3429 644 3739 715 imperato-

2083 748 2224 803 rem,
2259 733 2410 788 diem
2451 734 2663 788 clausit
2713 738 3057 789 extremum.
3112 734 3326 804 (Ιοιω.)
3378 734 3487 788 Leo
3536 732 3735 803 itaque

2077 823 2408 892 juniorcum
2425 822 2624 894 paucis
2646 823 2944 878 mensibus
2957 822 3215 877 rexisset
3232 822 3537 892 imperium
3557 836 3733 878 manu

2084 925 2185 965 sua
2202 926 2491 966 coronans
2507 912 2832 980 genitorem
2850 926 3017 967 suum
3032 912 3316 966 Zenonem
3343 910 3738 966 constituens-

2083 1014 2194 1068 que
2224 1000 2660 1070 imperatorem,
2698 1002 2873 1056 rebus
2904 1001 3164 1055 excessit
3198 999 3482 1055 humanis.
3510 999 3734 1068 (Em)

2082 1088 2207 1142 Mox
2241 1088 2572 1158 Basyliscus
2600 1089 2876 1158 magister
2925 1088 3133 1144 Africze
3184 1088 3503 1159 imperator
3552 1086 3739 1143 accla-

2082 1184 2292 1247 matus,
2325 1179 2574 1233 Marcum
2598 1178 2775 1234 ﬁlium
2800 1194 2967 1234 suum
2992 1192 3269 1233 eiesarem
3295 1176 3451 1247 fecit,
3474 1180 3533 1231 et
3562 1176 3740 1231 Zeno-

2083 1264 2234 1321 biam
2270 1282 2506 1322 uxorem
2540 1281 2703 1321 suam
2737 1266 2792 1320 in
2823 1271 3131 1335 augustam
3155 1263 3478 1321 coronavit.
3505 1265 3735 1319 Interea

2079 1355 2248 1423 Zeno,
2285 1355 2468 1411 totius
2498 1354 2753 1410 Orientis
2780 1354 3083 1424 magister,
3112 1368 3239 1409 cum
3267 1353 3516 1423 Ariagne
3554 1365 3737 1407 uxore

2083 1458 2184 1498 sua
2216 1444 2287 1498 ad
2324 1442 2537 1512 regiam
2574 1442 2924 1513 perveniens
2959 1443 3180 1512 urbem,
3226 1444 3540 1512 susceptus
3571 1443 3660 1495 est
3702 1454 3736 1494 τι

2082 1531 2295 1601 populo
2319 1536 2375 1585 et
2402 1534 2607 1585 senatu
2637 1548 2651 1596 ;
2678 1530 3011 1599 Basyliscus
3034 1544 3173 1585 vero
3196 1528 3423 1597 fugiens
3443 1527 3513 1584 ad
3537 1526 3738 1582 aeccle-

2081 1620 2245 1689 siam,
2274 1619 2560 1690 imperiali
2586 1619 2894 1689 dignitate,
2922 1619 3031 1673 hoc
3053 1622 3145 1672 est
3171 1631 3405 1685 corona,
3441 1615 3497 1671 in
3537 1629 3735 1671 mensa

2081 1708 2273 1763 divina
2306 1708 2519 1779 posita,
2554 1708 2677 1779 ipse
2710 1724 2839 1763 cum
2878 1722 3058 1763 uxore
3090 1722 3191 1764 sua
3215 1704 3467 1761 Zenobia
3488 1703 3629 1773 fugit
3662 1702 3734 1758 ad

309 1787 521 1842 vadere
546 1783 871 1855 imperium,
898 1785 970 1838 ab
998 1784 1300 1839 Anthemio
1322 1784 1375 1838 in
1400 1784 1469 1815 9“
1491 1784 1728 1840 exilium
1751 1784 1965 1840 missus
1996 1816 2049 1877 Β
2084 1798 2513 1868 baptisterium,
2548 1798 2697 1852 Zeno
2732 1802 2923 1852 autem
2954 1796 3233 1852 ροηιίηυο
3262 1792 3616 1865 imperiale“,
3639 1805 3737 1847 na-

311 1880 424 1930 est.
458 1875 686 1929 Rursus
721 1876 852 1944 post
902 1887 1113 1927 annum
1163 1874 1454 1928 Romanus
1495 1873 1780 1942 patricius
1825 1877 1963 1928 tem—

313 1969 484 2036 ptans
510 1961 910 2018 fraudulenter
932 1962 1200 2032 accipere
1227 1961 1552 2032 imperium,
1569 1960 1735 2030 jussu
1752 1961 1967 2018 Anthe-

307 2052 403 2107 mii
438 2051 505 2084 997
540 2050 770 2107 occisus
796 2055 910 2105 est.

382 2141 481 2196 llis
504 2141 866 2211 temporibus
888 2140 996 2194 Leo
1018 2139 1336 2210 imperator
1357 2140 1664 2208 Zenonem,
1690 2154 1966 2208 generum

316 2246 506 2300 suum,
528 2230 633 2285 toti
649 2245 714 2284 us
729 2229 988 2284 Orientis
1005 2228 1346 2297 magistrum
1367 2230 1522 2298 fecit,
1539 2234 1596 2283 et
1614 2228 1966 2299 Basyliscum

313 2321 555 2377 fratrem
580 2321 820 2375 Verenze
845 2318 1045 2374 uxoris
1065 2334 1206 2388 sua},
1240 2319 1582 2387 magistrum
1610 2319 1816 2373 Africa}
1836 2333 1970 2374 con-

314 2411 532 2467 stituit.
557 2409 885 2478 Leoitaquc
910 2408 1229 2479 imperator
1251 2423 1450 2477 parem
1480 2406 1696 2462 faciens
1719 2422 1848 2462 cum
1871 2408 1970 2462 Os-

316 2498 636 2569 trogothis,
664 2497 878 2567 quibus
896 2500 1037 2552 tunc
1053 2495 1599 2566 Walamirpreerat,
1620 2496 1818 2551 fratris
1844 2495 1969 2565 ejus

311 2587 589 2645 Dictmari
627 2587 805 2642 ﬁlium
834 2585 1273 2655 Theodericum,
1303 2584 1418 2653 jam
1453 2592 1723 2640 octavum
1774 2585 1967 2640 {etatis

315 2692 525 2734 annum
573 2679 894 2745 gerentem,
946 2674 1207 2729 obsidem
1258 2674 1505 2745 accepit,
1561 2688 1729 2743 quem
1780 2680 1966 2728 tamen

314 2770 515 2837 postea
534 2764 687 2837 patri
713 2779 843 2820 cum
867 2762 1087 2818 honore
1110 2761 1333 2818 remisit
1359 2762 1455 2833 (cf.
1479 2764 1643 2817 Jono.
1670 2763 1757 2819 De
1784 2776 1834 2816 θ’.
1873 2760 1965 2831 G.,

312 2868 363 2910 c.
398 2854 506 2924 53).

389 2941 490 3011 (Η.
524 2940 629 3010 m.)
650 2942 773 2997 Per
802 2938 925 2994 haac
958 2944 1215 3010 tempora
1245 2938 1397 2994 inter
1421 2938 1789 2995 Anthemium
1817 2937 1970 3009 prin-

320 3032 509 3103 cipem
542 3029 787 3100 ejusque
819 3042 1093 3097 generum
1129 3028 1470 3084 Ricimerem
1507 3027 1833 3099 patricium,
1871 3027 1966 3098 qui

314 3122 455 3176 tunc
498 3116 801 3172 Mediolani
854 3115 1076 3186 positus
1126 3120 1358 3186 preerat
1408 3114 1674 3184 Ligurire,
1727 3129 1967 3183 magnus

319 3206 741 3262 discordiarum
778 3204 959 3259 fomes
983 3206 1226 3259 exortus
1248 3209 1361 3266 est,
1390 3202 1602 3273 quibus
1624 3217 1685 3257 se
1717 3201 1806 3257 vir
1843 3216 1970 3257 san-

312 3296 526 3353 ctitate
545 3293 899 3365 conSpicuus
924 3292 1293 3363 Epyphanius
1310 3290 1632 3346 Ticineusis
1657 3291 1971 3360 episcOpus

314 3385 713 3456 interponens,
740 3400 841 3437 eos
868 3382 936 3437 ad
963 3381 1334 3437 concordiam
1361 3380 1684 3446 revocavit;
1712 3379 1813 3434 sed
1838 3380 1970 3450 quia

318 3472 573 3530 Ricimer
613 3472 682 3527 de
727 3471 946 3541 perﬁda
994 3474 1117 3524 erat
1165 3474 1338 3537 gente
1385 3468 1722 3532 Gothorum,
1772 3482 1971 3538 pacem

319 3561 595 3631 disrupit,
630 3565 847 3614 etcum
884 3572 1055 3612 manu
1088 3556 1277 3611 valida
1328 3556 1399 3610 ad
1440 3557 1651 3611 Urbem
1705 3556 1971 3625 tondens,

318 3649 688 3707 Anthemium
707 3646 823 3715 jam
849 3652 1058 3716 quarto
1080 3660 1229 3701 anno
1252 3649 1592 3713 regnantem
1617 3644 1851 3710 occidit,
1874 3644 1973 3700 sed

317 3752 431 3794 non
464 3737 563 3792 diu
594 3736 664 3790 (le
700 3734 938 3806 perﬁdia
964 3748 1063 3789 sua
1087 3734 1321 3788 la3tatus
1339 3737 1427 3788 est
1455 3750 1470 3800 ;
1496 3747 1624 3787 nam
1648 3737 1783 3803 post
1822 3748 1979 3789 men-

318 3841 441 3885 sem
476 3825 725 3880 tercium
755 3822 1153 3890 excruciatus,
1190 3821 1470 3890 languore
1520 3821 1763 3877 interiit.
1817 3824 1977 3880 Inter

318 3916 444 3973 haec
478 3913 737 3969 Olibrius
768 3927 797 3967 a
847 3912 1031 3966 Leone
1083 3915 1334 3979 augusto
1384 3911 1597 3967 missus
1648 3911 1717 3973 ad
1763 3912 1973 3967 Urbem

318 4003 501 4073 venit,
536 4001 785 4071 vivoque
810 3999 999 4055 adhuc
1022 3998 1349 4060 Anthemio,
1380 3999 1594 4067 regiam
1619 3999 1868 4070 adeptus
1896 4002 1977 4056 di-

317 4092 621 4162 gnitatem,
658 4088 993 4158 Placidiam,
1028 4087 1415 4142 Valentiniani
1450 4088 1732 4160 principis
1760 4094 1972 4159 natam,

320 4180 489 4237 duxit
522 4194 778 4235 uxorem.
816 4178 921 4243 Qui
955 4193 1085 4232 eum
1120 4183 1342 4247 septem
1391 4192 1620 4233 menses
1670 4178 1974 4250 imperium

316 4269 629 4326 tenuisset.
667 4274 856 4323 morte
875 4266 1107 4339 propria
1136 4267 1329 4323 Romae
1355 4266 1670 4323 defunctus
1695 4272 1804 4323 est.
1834 4270 1977 4324 Post

318 4358 487 4429 cujus
517 4362 760 4413 mortem
796 4357 1054 4412 Licet-ius
1086 4356 1241 4426 apud
1273 4356 1602 4412 Ravennam
1656 4358 1976 4428 imperator

319 4448 513 4505 factus
535 4450 621 4504 est
644 4465 658 4515 ;
684 4448 783 4503 sed
809 4461 958 4503 anno
982 4445 1248 4516 sequenti
1266 4446 1504 4502 veniens
1540 4461 1669 4502 eum
1706 4446 1972 4502 exercitu

316 4539 510 4610 Nepos
534 4537 843 4610 patricius,
871 4535 1174 4607 Nepotiani
1196 4534 1373 4604 ﬁlius,
1400 4535 1682 4591 Licerium
1720 4535 1966 4607 expulit,
2000 4537 2056 4599 D

317 4628 563 4701 ipseque
600 4642 835 4685 sumens
866 4626 1196 4697 imperium,
1228 4624 1390 4679 illum
1416 4624 1471 4679 in
1497 4624 1700 4680 Salona
1732 4625 1971 4681 civitate

318 4718 625 4774 Dalmacia:
657 4716 951 4773 ordinavit
982 4715 1319 4786 epiSCOpum
1354 4715 1448 4782 (of.
1480 4715 1693 4783 Jono.).
1729 4717 1827 4783 (Η.
1868 4716 1971 4787 m.)

317 4808 399 4865 Eo
430 4812 696 4877 tempore
728 4804 973 4861 Euricus
1006 4803 1158 4873 apud
1179 4801 1481 4857 Tholosam
1525 4817 1702 4874 super
1736 4804 1976 4874 Wisigo-

321 4896 455 4952 thos
479 4894 768 4965 regnavit,
796 4893 951 4949 illius
975 4891 1293 4963 Teoderici,
1311 4891 1550 4962 quicum
1570 4893 1746 4949 Aecio
1769 4899 1971 4950 contra

324 4984 565 5042 Attilam
599 4997 866 5056 pugnans
894 4980 1184 5038 occubuit.

2081 1892 2213 1942 ctus
2245 1886 2608 1956 dignitatem,
2644 1885 2899 1942 obtinuit
2936 1884 3261 1956 imperium.

2153 1976 2298 2031 Anni
2335 1976 2559 2031 Leonis.

2152 2071 2201 2120 1.
2237 2065 2429 2119 Primo
2461 2064 2643 2134 igitur
2673 2078 2821 2119 anno
2871 2062 3094 2131 Leonis,
3148 2061 3246 2131 qui
3296 2064 3383 2115 est
3434 2056 3736 2113 dominica:

2082 2152 2502 2207 incarnationis
2528 2150 2631 2206 459
2661 2150 2749 2220 99⁸,
2783 2165 2997 2221 corpus
3029 2151 3248 2205 sanctae
3282 2147 3604 2202 Auastasia:
3642 2144 3738 2200 de-

2081 2239 2261 2295 latum
2296 2244 2384 2295 est
2418 2255 2447 2295 a
2480 2239 2702 2309 Syrmio
2732 2244 2791 2293 et
2822 2238 3142 2310 repositum
3162 2240 3251 2291 est
3285 2236 3340 2290 in
3362 2233 3574 2306 templo
3611 2232 3736 2303 ejus

2082 2327 2137 2382 in
2172 2327 2496 2399 porticibus
2528 2327 2813 2382 Domniui.

2152 2426 2202 2471 2.
2240 2418 2305 2471 A.
2341 2419 2402 2471 D.
2451 2421 2570 2472 461.
2628 2414 2959 2470 llildericus
3008 2414 3176 2483 (“228),
3232 2409 3515 2467 Meroveei
3567 2408 3736 2478 ﬁlius,

2082 2505 2345 2576 regnavit
2377 2505 2433 2559 in
2469 2505 2710 2560 Francia
2746 2504 2913 2559 annis
2942 2504 3010 2557 24
3045 2502 3124 2576 (cf
3150 2503 3216 2561 θ.
3248 2501 3377 2571 Fr.)
3400 2500 3422 2522 ‘

2224 2596 2342 2650 ‘D?
2369 2596 2431 2650 E.
2465 2595 2603 2651 add.
2643 2613 2653 2647 ε
2696 2594 2939 2663 Symeon
2987 2592 3046 2647 in
3096 2591 3362 2647 columna
3411 2592 3576 2645 stans
3630 2588 3740 2642 An-

2295 2666 2528 2721 tiochiae
2560 2666 2766 2721 claret.
2801 2680 2875 2722 θλ)
2904 2663 3106 2734 Sigeb.
3138 2677 3195 2720 α.
3222 2665 3342 2718 458.

2153 2760 2203 2811 3.
2245 2757 2302 2811 Α.
2339 2757 2399 2810 D.
2438 2757 2601 2811 462"

2220 2845 2243 2868 *
2276 2844 2354 2898 D?
2384 2845 2442 2898 E.
2480 2847 2707 2898 4-11.
2754 2842 2884 2900 add.
2920 2861 2931 2896 :
2984 2839 3361 2908 Ilildericum,
3414 2836 3741 2893 insolenter

2296 2919 2355 2970 et
2378 2915 2680 2971 luxuriose
2705 2929 2767 2970 se
2793 2918 3079 2984 agentem,
3105 2912 3311 2967 Franci
3334 2924 3515 2979 regno
3541 2908 3743 2964 detur-

2297 2988 2455 3042 bant.
2482 3001 2554 3043 επ
2571 2986 2769 3056 Sigeb.

2154 3082 2205 3132 6.
2242 3076 2557 3132 Α.Ι).4155.
2613 3074 2945 3147 Simplicius
3000 3088 3146 3145 papa
3195 3076 3321 3128 49‘“
3367 3069 3522 3127 sedit
3574 3068 3738 3125 annis

1999 3175 2052 3241 α
2083 3170 2167 3237 12,
2204 3166 2591 3235 migravitque
2622 3170 2654 3219 6
2684 3167 2824 3220 Non.
2860 3166 3022 3219 Mart.
3048 3165 3069 3187 "’

2224 3257 2343 3310 *D?
2372 3257 2430 3309 E.
2466 3255 2605 3311 add.
2638 3274 2649 3308 :
2686 3255 2785 3310 Hie
2819 3252 3155 3324 dampnavit
3205 3252 3441 3324 Petrum
3493 3248 3743 3324 Alexan-

2298 3328 2529 3382 drinum
2572 3327 2932 3397 episcopum,
2956 3320 3298 3382 Euticiante
3347 3320 3572 3378 heresis
3608 3332 3743 3377 con-

2297 3398 2537 3455 victum.
2572 3412 2647 3454 ea:
2673 3396 2877 3468 Sigeb.

2157 3494 2209 3546 8.
2245 3489 2352 3560 (Η.
2384 3489 2487 3559 9n.)
2523 3490 2585 3555 Α,
2622 3489 2681 3542 Ι).
2717 3490 2836 3541 467.
2872 3485 3068 3541 Pictor
3102 3484 3333 3555 quidam
3366 3496 3496 3538 cum
3546 3478 3739 3560 Salva-

2090 3557 2272 3625 toreni
2308 3557 2545 3640 pingere
2578 3567 3030 3638 presumpsisset
3065 3563 3380 3621 secundum
3407 3557 3741 3618 similitudi-

2088 3665 2214 3705 nem
2237 3652 2412 3719 lovis,
2441 3651 2695 3704 arefacta
2721 3652 2807 3703 est
2836 3660 3035 3701 manus
3054 3645 3216 3714 ejus;
3244 3658 3412 3713 quem
3436 3644 3736 3713 peccatum

2089 3746 2253 3787 suum
2283 3731 2618 3785 confessum
2652 3726 2876 3784 sanavit
2899 3724 3230 3781 Gennadius
3260 3722 3571 3795 episcopus
3604 3721 3749 3776 Con-

2089 3818 2670 3889 stantinOpolitanus.
3421 3841 3425 3845 ν

2158 3904 2209 3955 9.
2248 3903 2309 3955 A.
2346 3886 2408 3954 D.
2444 3897 2937 3952 468.1‘1-anslatus
2986 3897 3077 3950 est
3125 3892 3279 3965 apud
3332 3886 3736 3946 Alexandriam

2088 3981 2353 4038 Heliseus
2377 3980 2663 4050 propheta
2688 3978 2741 4031 in
2760 3974 3176 4032 monasterium
3192 3971 3353 4029 Pauli
3379 3968 3615 4041 leprosi,
3641 3965 3737 4037 qui

2089 4062 2384 4134 leprosum
2418 4059 2665 4125 sanavit,
2703 4062 2760 4112 et
2794 4057 3091 4129 leprosum
3127 4055 3281 4123 fecit,
3315 4056 3373 4108 et
3406 4051 3461 4107 in
3501 4063 3566 4105 ea
3610 4062 3735 4118 qua:

2088 4142 2300 4214 leprosi
2333 4144 2499 4197 erant
2532 4137 2857 4195 translatus
2890 4141 3001 4194 est.

2160 4237 2243 4287 10.
2278 4233 2340 4286 Α.
2376 4231 2436 4283 D.
2476 4232 2596 4284 469.
2628 4229 2648 4250 "

2228 4314 2251 4334 *
2274 4313 2316 4365 D
2339 4310 2362 4363 ?
2385 4311 2443 4364 Ε.
2480 4307 2619 4364 add.
2659 4326 2671 4361 :
2704 4307 3017 4361 Mamertus
3040 4305 3101 4359 V.
3129 4319 3179 4359 e.
3206 4318 3255 4359 c.
3285 4318 3339 4372 q.
3367 4300 3403 4355 l.
3431 4313 3480 4354 a.
3509 4312 3558 4372 a.
3582 4296 3637 4372 d_.
3662 4293 3733 4372 ob

2079 4413 2106 4437 κ
2302 4380 2693 4437 imminentem
2744 4378 2967 4433 cladem
3018 4365 3418 4453 instituitfeag
3452 4365 3653 4475 Sigeb.
3703 4365 3735 4419 4

2376 4457 2429 4475 ιι
2515 4451 2631 4475 ηλλ
2684 4469 2695 4475 -
2750 4451 3060 4475 Humanum
3110 4446 3452 4475 ιγςιιηηηηοιο
3509 4440 3578 4475 99
3624 4437 3735 4475 nlo-

2299 4457 2459 4508 —11.
2508 4451 2646 4507 add.
2684 4469 2696 4504 :
2748 4451 3063 4505 Mamertus
3110 4443 3455 4502 Viennensis
3509 4437 3578 4475 πθ
3624 4437 3736 4495 cla-

2300 4524 2437 4593 ruit,
2473 4536 2547 4578 m
2564 4519 2771 4591 Sigeo.

2158 4622 2242 4673 11.
2278 4616 2343 4669 Α.
2377 4614 2440 4668 D.
2471 4611 2710 4666 47Ο.“⁹1.

2226 4701 2248 4721 ‘
2278 4696 2329 4766 1)
2365 4698 2568 4766 10.711.
2613 4688 2752 4766 add:
2780 4709 2802 4766 _:
2858 4688 3064 4766 Basina
3106 4685 3306 4766 regina
3355 4682 3735 4766 Turingorum

2299 4754 2630 4838 repudiato,
2668 4761 2977 4838 llilderico,
3024 4758 3153 4838 quia
3184 4754 3292 4834 "0°?
3337 4754 3734 4838 potentioret

2300 4823 2487 4894 dicier
2539 4823 2665 4903 fuit,
2714 4831 2768 4885 in
2825 4823 3209 4903 conjugio_s_e
3242 4823 3464 4903 _jun_xlt.
3522 4823 3735 4876 Verum

2298 4910 2358 4965 in
2393 4908 2575 4980 prima
2609 4896 2783 4970 nocte
2810 4896 2955 4980 dixit
2989 4896 3051 4980 ei
3077 4897 3187 4955 :Mi
3217 4896 3473 4980 domi/If,
3513 4904 3735 4980 ote'c‘oiz:

2299 4963 2539 5039 cm}sz
2567 4964 2808 5041 mem-um,
2831 4972 3010 5028 donec
3028 4970 3097 5027 in
3113 4967 3334 5025 somn-is
3355 4964 3601 5039 aliquid
3621 4963 3732 5023 tibi

1686 5123 1923 5182 VARUE
1965 5122 2363 5184 LECTIONES.

386 5226 456 5267 ⁸⁸⁸
485 5248 539 5290 v.
576 5228 644 5289 Μ.
681 5230 763 5306 in,
776 5233 829 5306 1.
861 5228 921 5306 et
946 5225 1047 5306 El,
1081 5228 1285 5306 eadem
1310 5244 1495 5306 uigeat
1520 5234 1930 5306 supersCripta
1956 5235 2137 5306 sunt;
2165 5230 2233 5306 Μ.
2266 5244 2319 5285 v.
2355 5227 2474 5306 (les.
2510 5224 2560 5279 4.
2595 5226 2644 5277 ti.
2669 5224 2758 5301 ρο.
2796 5222 2992 5306 10.11.
3019 5217 3087 5301 9°“
3110 5213 3463 5306 themio‘inf

318 5287 641 5379 flector},
664 5287 817 5359 1.9”
847 5287 1094 5379 Μᾷοηίι)ζ
1120 5305 1169 5357 5.
1207 5302 1304 5357 Et.
1335 5300 1404 5335 9°“
1435 5304 1498 5361 V.
1527 5287 2263 5379 episcopusqui'leta'nias
2292 5302 2425 5355 ante
2457 5291 2855 5354 ascensionem
2906 5290 3135 5348 Domini
3191 5287 3447 5346 instituit
3500 5288 3586 5341 10.
3638 5287 3719 5340 11.

324 5373 418 5411 ¹⁰⁰⁰
444 5376 559 5434 Leo
582 5373 649 5418 -4-
672 5374 942 5447 regnavit
969 5373 1038 5433 in
1070 5375 1188 5433 loco
1214 5386 1355 5433 raso
1384 5379 1434 5432 1.

1911 5498 2133 5558 ΝΟΤᾸΞ.

398 5608 547 5681 (228)
580 5608 644 5664 In
675 5606 1601 5681 Francorumregumnominibus
1623 5604 1972 5681 adnotandis

330 5676 493 5754 Ek'k.,
529 5676 653 5753 'qui
683 5680 806 5737 haec
833 5676 1295 5739 secundis—curis
1323 5676 1555 5751 adjecit,
1598 5692 1711 5742 non
1758 5677 1974 5751 ubique

2084 5618 2217 5677 cum
2251 5603 2442 5662 Gestis
2470 5604 2820 5677 Francorum
2842 5601 3144 5677 convenit,
3179 5600 3282 5677 sed
3307 5594 3484 5659 alium
3530 5610 3722 5671 quem-

2089 5675 2219 5739 dam
2248 5691 2449 5751 regum
2479 5674 2811 5751 catalogum
2840 5673 3402 5739 habuisse'videtur.
