3946 6414
297 370 411 434 777

1154 364 1595 430 CHRONICA.
1638 401 1717 416 --
1761 362 2242 434 CHRONICON
2284 363 2832 432 UNIVERSALE.

3579 367 3696 430 778

502 501 708 575 rideas
716 500 1127 575 profuturam.
1160 499 1258 575 Ille
1282 501 1679 575 consentiens,
1705 500 1855 558 vidit
1878 501 1932 575 in
1967 507 2018 568 Α
2050 502 2210 559 ricus
2242 516 2346 558 rex
2378 501 2882 575 Ostrogotharum,
2919 502 3296 575 permittente
3339 502 3570 561 Zenone
3598 519 3695 561 au-

505 574 723 629 somnis
758 572 981 627 leonem
1014 571 1328 644 inpalacio
1360 571 1759 642 deambulare,
1782 574 1934 644 quod

505 644 891 715 interpretata
924 647 1033 711 est,
1073 642 1279 699 fortem
1314 657 1375 700 sc
1421 644 1599 700 lilium
1630 642 1932 714 generare.

506 714 677 781 Quod
703 718 760 769 et
796 716 1010 770 factum
1042 716 1153 769 est.
1192 716 1325 769 Nam
1362 714 1709 771 Clodoveum
1751 716 1933 771 virum

506 785 970 858 potentissimum
995 784 1216 853 genuit.
1243 786 1321 857 cf.
1340 786 1584 857 Fredey.
1602 786 1742 844 hist.
1760 786 1938 857 epito-

500 858 671 915 mata
700 870 746 913 o.
788 860 866 911 l2.

366 970 450 1020 16.
489 963 655 1034 (0hr.
703 963 808 1033 W.)
844 964 907 1017 A.
942 963 1003 1016 D.
1059 964 1177 1017 475.
1233 963 1343 1019 Leo
1394 962 1484 997 ¹⁰⁰¹
1528 965 1720 1021 senior
1750 964 1936 1030 obiit;

294 1067 400 1126 pro
433 1067 547 1124 quo
577 1054 685 1107 Leo
710 1050 909 1121 junior
950 1050 1153 1121 paucis
1183 1052 1478 1109 mensibus
1511 1054 1792 1123 regnavit.

293 1142 439 1199 Anni
466 1141 727 1199 Zenonis.

368 1237 414 1287 1.
478 1234 639 1288 Anno
688 1230 991 1286 dominicae
1041 1229 1460 1286 incarnationis
1508 1233 1656 1300 476°,
1706 1247 1736 1288 a
1789 1232 1939 1287 Urbe

302 1335 442 1375 vero
465 1319 696 1376 condita
732 1317 1041 1373 millesimo
1070 1321 1223 1386 227°,
1246 1319 1414 1387 Zeno,
1432 1333 1646 1388 genere
1681 1321 1936 1389 Isaurus,

291 1422 471 1479 gener
507 1407 709 1464 Leonis
740 1407 1135 1478 imperatoris,
1171 1406 1655 1476 quinquagesimo
1702 1406 1828 1463 loco
1867 1408 1940 1464 ab

297 1499 563 1567 Augusto
624 1496 874 1566 adeptus
943 1494 1246 1565 imperium
1313 1494 1622 1564 orientale,
1676 1494 1939 1565 regnavit

293 1586 461 1641 annis
494 1588 577 1641 16.
606 1583 984 1639 Occidentale
1016 1598 1154 1639 vero
1187 1583 1492 1654 imperium
1524 1584 1718 1640 Romae
1752 1583 1941 1639 tenuit

296 1675 501 1747 Nepos.
538 1673 638 1745 (Η.
672 1675 776 1744 m.)
810 1672 992 1738 Quem
1027 1672 1267 1728 Orestes
1308 1672 1589 1744 patricius
1640 1674 1710 1729 de
1763 1687 1942 1742 regno

295 1762 674 1835 proturbans,
702 1760 1090 1832 Augustulum
1118 1760 1295 1816 ﬁlium
1329 1776 1492 1818 suum
1527 1760 1937 1833 imperatorem

297 1851 455 1921 fecit,
508 1850 894 1922 sequentique
952 1864 1102 1905 anno
1161 1865 1291 1905 cum
1342 1864 1477 1919 rege
1531 1849 1937 1907 Wandalorum
1970 1873 2022 1933 Β

292 1939 592 1997 Geiserico
624 1938 809 1995 t‘aadus
836 1939 1065 2017 statuit.

366 2029 509 2086 Dum
541 2028 663 2085 haec
694 2029 890 2084 Roma:
920 2032 1227 2098 geruntur,
1262 2029 1543 2097 Odoacar,
1573 2041 1788 2098 genere
1829 2028 1941 2085 Ru-

295 2132 426 2189 gus,
460 2116 958 2187 Thurcilingorum
1016 2121 1075 2173 et
1123 2118 1427 2188 Scyrorum
1480 2117 1941 2187 Herulorumque

299 2205 492 2264 turbis
520 2206 724 2275 fretus,
746 2207 816 2262 ab
837 2206 1119 2263 extremis
1141 2206 1449 2263 Pannoniae
1483 2206 1696 2263 finibus
1718 2205 1939 2261 Italiam

297 2296 624 2355 contendit.
653 2294 760 2361 Qui
786 2294 919 2351 dum
952 2296 1139 2352 adhuc
1174 2311 1275 2367 per
1302 2296 1640 2352 Noricorum
1677 2308 1811 2351 rura
1841 2293 1940 2351 du-

294 2388 458 2441 ceret
490 2384 838 2453 exercitum,
873 2385 1109 2453 cognita
1142 2385 1291 2440 fama
1323 2384 1479 2441 servi
1509 2384 1611 2440 Dei
1658 2381 1939 2451 Severini,

293 2473 393 2545 qui
413 2471 530 2529 illis
543 2476 682 2530 tunc
697 2472 946 2542 degebat
963 2473 1017 2527 in
1042 2472 1209 2541 locis,
1225 2472 1297 2528 ad
1320 2487 1450 2528 eum
1478 2471 1943 2528 benedictionem

293 2561 591 2636 petiturus
614 2560 884 2617 accessit.
904 2559 1032 2629 Qui,
1052 2560 1461 2617 benedictione
1476 2564 1772 2631 percepta,
1788 2573 1947 2629 egre-

296 2652 465 2710 diens
496 2665 527 2706 a
558 2648 791 2718 cellula,
827 2649 960 2705 dum
994 2652 1172 2720 caput
1204 2648 1537 2719 inclinaret,
1563 2663 1634 2705 ne
1668 2647 1946 2718 impinge-

297 2744 409 2809 ret,
444 2754 513 2797 eo
546 2736 699 2810 quod
732 2752 995 2809 procera)
1027 2741 1271 2817 staturae
1303 2741 1481 2805 esset,
1506 2750 1537 2792 a
1568 2736 1670 2792 Dei
1700 2736 1828 2792 viro
1861 2736 1945 2792 fu-

295 2834 563 2887 turorum
596 2828 826 2899 prescio
858 2826 1077 2883 audivit
1112 2846 1123 2880 :
1173 2826 1328 2883 Vade
1365 2839 1523 2883 nunc
1559 2825 1642 2882 ad
1666 2825 1939 2895 Italiam,

299 2917 588 2987 Odoacar,
602 2916 753 2973 vade
764 2916 1085 2973 vilissimis
1100 2915 1341 2971 interim
1361 2913 1944 2985 animantiampelli-

296 3006 401 3065 bus
412 3004 1212 3075 iadatas,malt-iseitoplara
1237 3002 1591 3075 largiturus.
1610 3004 1743 3058 Haec
1764 3002 1941 3058 verba

297 3095 494 3153 exitus
514 3108 651 3150 vera
687 3091 954 3164 probavit
984 3109 998 3158 ;
1033 3106 1161 3147 nam
1194 3091 1563 3163 postmodum
1589 3106 1692 3162 per
1715 3104 1940 3147 omnem

296 3182 522 3240 Italiam
553 3182 839 3252 regnavit.
877 3182 1148 3251 Ingresso
1180 3180 1361 3252 igitur
1398 3179 1621 3236 Italiam
1655 3178 1941 3236 Odoacari

299 3272 496 3331 statim
526 3270 677 3344 apud
704 3269 951 3341 Liguriae
976 3270 1257 3326 terminos
1280 3269 1518 3326 Orestes
1542 3269 1825 3341 patricius
1847 3283 1941 3325 oc-

297 3361 484 3419 currit
511 3378 525 3428 ;
560 3359 661 3416 sed
694 3358 899 3415 videns
930 3358 1290 3415 multitudini
1320 3361 1498 3415 tantze
1528 3372 1591 3414 se
1623 3373 1733 3414 non
1769 3372 1941 3429 posse

297 3450 600 3518 resistere,
635 3448 785 3503 intra
818 3446 1099 3517 Ticinum,
1134 3462 1262 3517 quae
1295 3461 1441 3503 nunc
1476 3446 1652 3517 Papia
1701 3446 1937 3516 dicitur,

297 3553 359 3596 se
390 3537 657 3610 trepidus
688 3535 944 3592 inclusit.
970 3535 1220 3591 Veniens
1243 3538 1434 3591 autem
1458 3534 1744 3604 Odoacar,
1763 3549 1943 3606 expu-

296 3631 531 3699 gnatam
589 3624 790 3681 urbem
842 3624 1103 3693 intravit,
1149 3623 1338 3679 omnia
1395 3623 1617 3695 rapinis
1661 3623 1937 3693 vastavit,

298 3715 899 3786 comprehensumque
924 3713 1190 3769 Orestem
1203 3711 1399 3783 gladio
1416 3712 1737 3769 trucidavit
1753 3711 1942 3779 ;'inde-

297 3818 409 3876 que
441 3801 694 3874 dispersi
724 3801 959 3857 barbari
990 3816 1216 3857 omnem
1250 3800 1473 3858 Italiam
1505 3801 1630 3857 sine
1659 3801 1940 3857 tarditate

298 3908 405 3950 suo
422 3890 804 3949 subdiderant
822 3890 959 3960 juri.
988 3889 1253 3947 Odoacar
1275 3890 1471 3961 itaque
1494 3904 1812 3962 prosperos
1828 3889 1940 3945 sibi

297 3996 545 4039 cernens
577 3994 893 4037 successus
926 3993 1289 4048 accrescere,
1318 3979 1514 4036 statim
1549 3979 1765 4050 regiam
1798 3978 1941 4035 arri-

301 4071 424 4143 puit
440 4067 1181 4140 dignitatem;Augustulus
1193 4084 1332 4124 vero
1347 4082 1593 4124 cernens
1608 4068 1939 4124 universam

301 4158 525 4216 Italiam
556 4156 874 4213 Odoacaris
902 4156 1129 4213 viribus
1161 4156 1354 4225 subdi,
1396 4156 1739 4227 inopinabili
1781 4161 1940 4213 metu

301 4247 672 4321 perterritus,
708 4260 839 4303 cum
869 4245 967 4301 vix
997 4245 1266 4302 undecim
1290 4245 1588 4302 mensibus
1611 4260 1729 4302 rem
1753 4243 1943 4317 publi-

299 4350 424 4394 cam
447 4336 821 4404 obtinuisset,
841 4337 1050 4406 sponte
1074 4348 1389 4406 purpuram
1414 4334 1768 4392 miserabilis
1788 4336 1943 4406 abje-

299 4425 381 4483 cit
409 4428 468 4482 et
497 4423 852 4496 impcrialem
901 4422 1264 4492 majestatem
1296 4422 1588 4494 deposuit.
1624 4424 1710 4479 Ita
1738 4423 1944 4480 Roma-

305 4528 438 4571 num
472 4512 776 4585 imperium
805 4515 933 4568 toto
955 4512 1095 4568 orbe
1118 4510 1511 4568 venerandum
1532 4516 1592 4567 et
1614 4512 1942 4583 augustalis

302 4558 907 4672 ἧῖαζιίίίῖὦίίξεξίῃῖω
930 4558 1003 4656 ab
1026 4558 1942 4671 Anglistoquondamgaaviano
1970 4582 2026 4643 D
2128 4558 2211 4667 ηε

302 4694 433 4749 709°
463 4704 495 4746 a
526 4688 759 4747 condita
791 4690 946 4745 Urbe
974 4703 1124 4746 anno
1154 4688 1354 4761 coepit,
1381 4688 1436 4745 in
1469 4689 1580 4745 hoc
1612 4689 1943 4760 Augustulo

302 4779 479 4853 periit
500 4792 650 4836 anno
673 4779 746 4835 ab
768 4779 921 4835 Urbe
941 4778 1173 4835 condita
1200 4776 1509 4834 millesimo
1520 4780 1673 4849 227°,
1689 4793 1720 4835 a
1735 4779 1945 4836 Cesare

266 4872 278 4883 '
304 4881 464 4940 vero,
490 4867 587 4939 qui
620 4867 842 4940 primus
874 4866 1230 4938 singularem
1250 4866 1306 4923 in
1333 4879 1401 4923 ea
1434 4866 1824 4939 principatum
1857 4881 1946 4923 ar-

304 4955 507 5029 ripuit,
564 4971 714 5014 anno
760 4956 910 5027 524°,
945 4957 1018 5013 ab
1065 4956 1465 5013 incarnatione
1514 4956 1739 5013 Domini
1798 4970 1945 5015 anno

302 5047 453 5102 477°.
478 5046 504 5068 '
524 5044 708 5115 Igitur
725 5042 952 5116 deiecto
975 5045 1317 5116 Augustulo,
1339 5044 1603 5103 Odoacar
1626 5046 1835 5103 Urbem
1863 5046 1946 5103 in-

306 5146 572 5204 gressus,
587 5131 773 5193 totius
799 5133 982 5193 Italia
1009 5149 1246 5209 regnum
1268 5139 1356 5195 est
1382 5134 1654 5210 adeptus,
1673 5134 1826 5208 quod
1840 5150 1945 5209 per

306 5224 375 5279 14
402 5235 585 5282 annos
614 5222 778 5283 nullo
806 5222 1168 5296 inquietante
1191 5225 1467 5298 obtinuit,
1487 5226 1669 5286 donec
1698 5225 1949 5286 Theode-

1971 3229 2019 3291 C

2048 596 2247 661 gusto,
2286 590 2508 647 Italiam
2544 606 2922 663 possessurus
2953 592 3211 647 intravit.
3241 592 3403 657 Quod
3438 592 3692 663 qualiter

2052 681 2361 749 sitactum,
2379 682 2650 752 snperius
2666 680 2777 751 legi
2797 685 2987 752 potest
3006 681 3058 736 in
3077 680 3338 750 hysteria
3353 682 3690 739 Gothorum.

2049 770 2198 825 Zeno
2215 768 2410 839 itaque
2424 768 2857 839 augustusdum
2872 768 3207 839 praefuisset
3222 768 3495 824 orientali
3514 784 3692 840 regno

2049 856 2215 911 annis
2246 858 2329 924 17,
2357 855 2491 911 vita}
2526 855 2839 911 terminum
2870 855 3118 927 accepit.
3148 854 3327 924 (.‘ujus
3351 856 3530 913 frater
3555 858 3696 914 Lon-

2048 944 2220 1015 ginus
2251 944 2554 1015 imperium
2587 948 2880 1015 temptans
2909 943 3203 1013 invadere,
3230 945 3302 1000 ab
3328 944 3575 1014 Ariagne
3609 961 3694 1002 rc-

2052 1032 2258 1105 pulsus
2287 1038 2398 1103 est,
2421 1037 2481 1088 et
2511 1033 2859 1089 Anastasius
2888 1032 3251 1089 silentiarius
3285 1047 3387 1104 per
3417 1033 3543 1102 ejus
3567 1049 3696 1090 sua-

2052 1137 2177 1179 sum
2210 1123 2282 1178 ab
2309 1122 2462 1177 omni
2496 1127 2700 1177 senatu
2731 1127 2789 1177 et
2814 1120 3027 1193 populo
3051 1121 3309 1191 eligitur,
3339 1121 3695 1193 indutosque

2053 1225 2330 1282 purpura,
2354 1209 2614 1265 eamdem
2646 1211 2994 1280 Ariagnnem
3036 1210 3091 1264 in
3123 1209 3395 1280 conjugio
3425 1211 3673 1267 sortitur

2267 1299 2306 1369 D
2327 1298 2351 1352 ?
2370 1298 2441 1352 E.
2460 1297 2605 1369 add.
2624 1316 2635 1351 :
2663 1297 3560 1369 Acephalorumhercsisexorta
3585 1308 3695 1369 est,

2270 1368 2709 1440 inpugnantium
2742 1367 2852 1423 tria
2882 1367 3140 1440 capitula
3174 1368 3378 1438 synodi
3426 1369 3673 1440 Galcedo

2267 1438 2462 1495 nensis
2499 1440 2668 1510 ipsine
2739 1438 2971 1495 nomine
3042 1440 3349 1504 auctoris;
3409 1438 3484 1495 ob
3541 1456 3656 1510 quo

2271 1509 2554 1582 accphali,
2592 1510 2648 1565 id
2677 1516 2767 1566 est
2800 1510 2926 1566 sine
2970 1510 3185 1582 capite,
3217 1514 3355 1565 sunt
3405 1509 3619 1567 vocati.

2122 1599 2173 1651 2.
2213 1599 2373 1655 Anno
2403 1598 2707 1656 dominicae
2741 1598 3162 1656 incarnationis
3199 1601 3319 1655 477.
3361 1599 3513 1656 l-‘elix
3548 1616 3693 1673 papa

2054 1683 2574 1758 quinquagesimus
2608 1686 2762 1743 sedit
2789 1687 2957 1744 annis
2986 1690 3037 1743 8.

2264 1777 2350 1904 gi
2468 1776 2607 1833 add.
2647 1795 2659 1830 :
2692 1777 2796 1833 Hic
2826 1776 3129 1833 Achatium
3161 1808 3229 1817 ——
3257 1776 3587 1849 dampnato.
3619 1794 3695 1837 ea:

2317 1863 2381 1904 ια
2456 1889 2467 1902 .

2317 1862 2467 1904 1060.

2125 1938 2175 1990 3.
2204 1863 2520 2007 (emerim
2553 1938 2615 1992 A.
2652 1938 2715 1992 D.
2743 1940 2864 1993 478.
2892 1936 3155 1994 Odoacar
3183 1937 3407 1995 Italiam
3432 1939 3692 1997 intravit.

2125 2025 2175 2079 4.
2210 2026 2274 2080 A.
2309 2025 2374 2079 D.
2409 2027 2529 2081 479.
2566 2027 2792 2096 Corpus
2825 2027 3101 2082 Barnabas
3160 2027 3411 2098 apostoli
3442 2032 3497 2084 et
3526 2043 3699 2087 evan-

2051 2111 2264 2181 gelium
2298 2112 2505 2170 Mathei
2535 2113 2786 2186 apostoli
2818 2113 2957 2170 stilo
2979 2114 3166 2187 ipsius
3187 2116 3471 2187 scriptum
3504 2117 3668 2174 inven

2054 2206 2173 2258 tum
2206 2206 2318 2258 est.
2354 2204 2376 2227 ‘
2410 2209 2432 2259 1

2195 2292 2284 2362 ‘1)
2317 2297 2401 2365 10.
2438 2292 2695 2365 madet.
2735 2312 2747 2347 :
2783 2293 3109 2351 Clodoveus
3140 2294 3493 2365 Rothildem,
3521 2296 3694 2355 filiam

2268 2363 2424 2449 regis
2452 2363 2854 2449 Allobrogum,
2882 2365 2978 2435 qui
3010 2363 3699 2449 nuncDurgundiappel-

2268 2434 2484 2505 lantur,
2511 2448 2728 2506 amans,
2750 2450 2879 2492 cum
2902 2434 3143 2507 propter
3174 2434 3417 2493 insidias
3442 2434 3697 2495 inimico-

2272 2519 2396 2560 rum
2427 2510 2630 2579 aperte
2662 2521 2771 2562 non
2811 2507 3269 2579 posset,occulte
3301 2522 3405 2579 per
3438 2511 3698 2567 Aurelia-

2265 2590 2400 2649 num
2434 2577 2659 2649 ﬁdelem
2693 2592 2859 2633 suum
2884 2580 2994 2634 sub
3028 2578 3225 2634 habitu
3253 2577 3532 2649 perigrini
3558 2596 3696 2639 anu-

2270 2646 2385 2721 lum
2406 2648 2664 2721 mittens,
2687 2663 2819 2721 eam
2854 2646 3543 2721 desponsavithcdcum
3575 2653 3697 2709 {lni-

2272 2719 2380 2801 bus
2404 2719 2749 2801 Durgundiae
2783 2719 3301 2801 appropinquaret,
3328 2722 3548 2801 hisqui
3570 2738 3696 2801 cani

2270 2789 2559 2863 ducebant
2574 2789 3047 2863 persuasit‘,ut‘ex
3064 2789 3312 2863 utraque
3328 2789 3589 2863 parté,12
3605 2797 3701 2851 mi-

2270 2858 2845 2934 liariaince'nderent,
2865 2858 3293 2934 deprzedarent,
3318 2858 3593 2933 quatinus
3607 2868 3698 2923 vel

2273 2945 2442 2987 unam
2481 2932 2796 3006 vindictam
2836 2932 3205 3006 con‘Spiceret
3237 2932 3309 2989 de
3340 2932 3429 2991 his
3458 2937 3552 3006 qui
3584 2938 3695 2993 sibi

2270 3005 2493 3127 patrem
2526 3003 2884 3069 occiderant,
2921 3003 3185 3075 matrem,
3210 3018 3352 3061 saxo
3382 3007 3451 3061 ad
3477 3003 3696 3065 collum

2295 3073 2468 3127 igato.
2503 3089 2650 3127 aqua
2681 3076 3139 3127 submerserant.
3176 3077 3387 3127 fratres
3425 3079 3696 3127 exiliavn-

2295 3076 2490 3155 igatoL
2501 3089 2650 3155 aqua
2681 3076 3139 3155 submerserant,
3176 3077 3387 3155 fratres
3425 3079 3699 3135 exiliave-

2269 3148 2423 3217 rant,
2458 3146 2888 3222 Sigismundum
2913 3161 3116 3222 regem
3150 3149 3471 3222 patruelem
3504 3166 3694 3222 suum,

2269 3230 2610 3290 cumuxore
2639 3221 2695 3272 et
2729 3217 2864 3274 ﬁliis
2911 3218 2965 3273 in
3017 3224 3251 3289 puteum
3305 3217 3691 3290 projccerantl

2270 3286 2431 3362 Quod
2482 3288 2694 3362 factum
2745 3294 2856 3344 est.
2895 3286 3069 3362 Hunc
3114 3286 3355 3362 sanctus
3402 3286 3698 3362 Remigius

2270 3359 2608 3434 baptizavit,
2661 3363 2728 3415 3O
2776 3359 2940 3415 annis
2990 3360 3275 3430 regnavit.
3318 3361 3412 3433 C’f.
3448 3359 3693 3434 Ρτθίῗσθ.

2266 3428 2409 3486 hiat.
2444 3431 2675 3501 epitom.

2121 3521 2175 3573 8.
2207 3520 2272 3574 A.
2306 3519 2368 3574 D.
2404 3520 2527 3574 484.
2564 3518 2889 3577 Clodoveus
2928 3519 3037 3591 ¹⁰⁰²,
3076 3520 3349 3577 lIilderici
3402 3522 3572 3592 Illius,
3609 3538 3698 3580 re-

2050 3606 2265 3677 gnavilL
2298 3607 2354 3662 in
2388 3607 2624 3665 Francia
2673 3608 2841 3665 annis
2888 3612 2974 3665 30.
3025 3610 3186 3666 Hunc
3235 3609 3326 3644 ί⁰⁰³
3375 3612 3693 3683 baptizavit

2050 3700 2294 3752 sanctus
2324 3696 2643 3767 Remigius.

2122 3789 2180 3841 9.
2220 3787 2285 3841 A.
2320 3786 2384 3841 D.
2430 3788 2554 3842 485.
2599 3785 2863 3843 Gelasius
2902 3802 3050 3859 papa
3098 3794 3224 3844 eius
3274 3788 3487 3846 sedens
3527 3790 3695 3846 annis

2051 3875 2103 3944 4,
2138 3887 2317 3931 mens.
2352 3876 2406 3945 8,
2441 3874 2693 3931 decessit
2724 3878 2790 3929 13
2831 3875 2949 3931 Kal.
2982 3878 3281 3934 Decembr.
3318 3881 3339 3901 '

2192 3962 2589 4104 'Dlsgiﬁbadd.
2633 3982 2645 4018 :
2694 3963 2795 4020 Hic
2852 3964 3200 4021 Manicbeos.
3262 3998 3331 4008 -—
3390 3967 3555 4024 fecit.
3622 3982 3696 4025 ea

2122 4118 2206 4169 10.
2245 4112 2468 4185 (Reum)
2502 4116 2566 4169 A.
2615 4115 2678 4170 D.
2714 4117 2834 4171 486.
2870 4114 3193 4172 IIunericus
3244 4131 3345 4172 rex
3391 4116 3696 4174 Wandalo-

2051 4216 2199 4273 rum,
2262 4200 2417 4258 Illius
2476 4202 2773 4274 Geiserici,
2823 4203 2955 4274 plus
3005 4218 3174 4274 quam
3224 4208 3328 4261 334
3382 4206 3695 4278 episcopos

2050 4288 2375 4347 catholicos
2425 4290 2710 4360 exiliavit,
2742 4291 3090 4363 quibusdam
3144 4293 3369 4364 linguas
3417 4295 3693 4368 abscidit,

2053 4377 2151 4450 qui
2182 4382 2373 4434 tamen
2405 4378 2819 4451 loquebantur,
2854 4394 3098 4451 quorum
3132 4382 3340 4439 beatus
3380 4384 3695 4455 Gregorius

2055 4468 2113 4523 in
2143 4466 2295 4523 libro
2326 4466 2696 4536 Dialogorum
2729 4467 2847 4540 (.lI,
2882 4470 2971 4541 32)
3002 4470 3283 4527 meminit.

2247 4557 2311 4612 Δ.
2345 4557 2409 4612 D.
2444 4559 2566 4613 489.
2600 4559 2622 4579 '

2199 4646 2222 4667 "
2255 4643 2645 4722 4—1}._add.
2685 4662 2698 4698 :
2736 4644 2939 4722 Avitus
2967 4644 3056 4679 ¹⁰⁰⁴
3100 4647 3443 4722 \[iennensis
3473 4648 3699 4722 episco-

2271 4729 2379 4788 pus
2406 4714 2621 4771 Gallias
2651 4717 2964 4773 convertit.
3001 4730 3076 4773 σας
3101 4719 3303 4791 Sigeo.

2127 4807 2210 4860 15.
2246 4805 2308 4860 A.
2340 4805 2401 4859 D.
2437 4806 2559 4860 490.
2592 4805 2614 4828 ⁶
2648 4805 2990 4863 Anastasius
3036 4821 3181 4879 papa
3234 4812 3360 4863 52‘ul
3392 4809 3541 4865 sedit
3604 4827 3700 4867 an-

2052 4907 2189 4950 num
2222 4907 2420 4963 unum,
2456 4907 2635 4950 mens.
2670 4893 2889 4950 decem.

2194 4983 2326 5038 ‘D?
2351 4980 2489 5039 add.
2527 5002 2539 5037 :
2576 4982 2783 5041 Avitus
2815 4983 2878 5040 ν.
2909 4999 2960 5040 e.
2998 4983 3214 5042 Gallias
3252 4987 3324 5042 ab
3356 5001 3407 5043 a.
3451 4986 3505 5043 h.
3544 4986 3600 5043 d.
3638 4995 3700 5046 et

2247 5051 2432 5109 libros
2461 5054 2533 5110 de
2561 5068 2618 5110 c.
2652 5068 2726 5111 ω.
2754 5056 2997 5112 metrice
3027 5058 3375 5129 composuit.
3399 5072 3475 5115 eo:
3491 5060 3696 5131 Sigeo.

2125 5145 2210 5241 17.
2365 5142 2437 5199 D.
2473 5144 2595 5199 492.
2626 5142 2738 5215 1θοι]
2771 5143 3148 5217 Symmachus
3191 5160 3338 5221 papa
3386 5150 3515 5204 53‘“
3543 5148 3701 5206 sedit

2130 5244 2222 5288 nis
2334 5271 2347 5287 .

2055 5244 2222 5288 annis
2262 5244 2347 5288 14.

1656 5325 1895 5385 VARI/E
1934 5327 2334 5391 LECTIONES.

304 5444 959 5577 ωόξοοᾶϐιιθο-Ἷῇεηανὶι
986 5444 1056 5506 in
1084 5446 1205 5507 loco
1230 5461 1389 5510 raso.
1421 5454 1491 5535 1.,
1533 5448 1623 5485 ¹⁰⁰²
1654 5450 2350 5531 Clodoveus-Remigius
2374 5451 2495 5545 ᾀιε.
2532 5460 2618 5519 10.
2652 5467 2757 5548 11..
2774 5458 2865 5498 ίοο³
2896 5457 3436 5555 Hunc—Remigius
3485 5461 3607 5527 des.
3653 5470 3702 5530 4.

499 5529 547 5577 ϐ.
585 5522 634 5576 1.
788 5516 952 5576 Eu.
979 5518 1050 5577 in
1075 5519 1198 5577 cod.
1234 5524 1309 5577 1..
1339 5520 1413 5577 at
1433 5533 1658 5577 “mror
1682 5523 1825 5577 fere-
1858 5541 2132 5577 nmo:
2162 5531 2469 5577 rmemat:
2492 5531 2567 5577 ut
2591 5532 2889 5577 mla/11mm
2956 5551 3148 5577 Mimn
3209 5538 3458 5577 oMan'I
3503 5542 3588 5577 [ιι
3617 5544 3702 5577 ειη

499 5529 547 5615 ρ·
566 5516 1050 5615 assem
1074 5519 2140 5615 sei-Aaﬁfjrtarmmwe
2162 5516 3711 5615 armau‘t'éaammmzma"eaeaeae

307 5588 1720 5685 9-.edegregeemmaemeae
1734 5588 1850 5685 ea
1874 5600 2155 5685 natavit.
2180 5588 2882 5685 aeream-ea;
2896 5588 3713 5685 eae'zmms’sssa

308 5662 525 5720 chus—

623 5758 883 5826 PA'mOL.
916 5757 1128 5825 CLIV.

669 5661 856 5735 paulo
874 5660 1139 5735 inferiis
1165 5661 1235 5722 in
1257 5660 1536 5735 inm-mo
1560 5666 2028 5741 scripsit—491.
2076 5660 2247 5735 45Ῑὴ
2266 5660 2352 5736 Εἴ
2373 5660 2770 5743 malignae:

3396 5781 3474 5845 25
