3946 6418
301 350 417 423 779

304 497 446 553 Anni
494 500 806 554 Anastasii.

370 595 421 641 1.
457 586 558 656 (ΙΙ.
588 589 683 657 Ιέ.)
718 591 882 644 Anno
914 578 1216 647 dominicae
1252 590 1673 647 incarnationis
1696 594 1798 645 492
1829 589 1945 661 ‘0“,

300 676 469 731 [Trbis
509 681 701 732 autem
751 677 1004 733 condita:
1053 677 1361 734 millesimo
1410 682 1562 747 2430,
1601 678 1946 735 Anastasius

299 765 599 837 imperium
632 767 879 837 accepit,
907 771 1050 822 et27
1082 767 1249 823 annis
1272 768 1561 838 regnavit,
1589 767 1948 838 quinquage-

295 856 440 910 simo
475 856 661 927 primo
692 855 821 911 loco
854 858 925 911 ab
959 858 1250 926 Augusto;
1286 855 1386 926 (H.
1412 860 1516 928 φη.)
1552 856 1949 913 Theodericus

298 959 434 1000 vero
489 960 617 1001 cum
666 946 868 1001 Gothis
916 946 1174 1002 Romano
1225 946 1489 1018 presedit
1541 945 1823 1017 imperio;
1855 945 1945 1001 hic

295 1034 599 1105 Arrianus,
620 1033 715 1089 ille
736 1034 1116 1091 Euthicianus
1135 1034 1947 1106 hereticus.Histemporibus

294 1138 495 1193 magna
528 1122 821 1180 discordia
857 1124 1005 1180 facta
1040 1130 1133 1179 est
1165 1125 1361 1181 Romae
1417 1129 1657 1195 propter
1690 1125 1947 1194 Symma-

292 1213 459 1267 chum
494 1216 551 1267 et
589 1213 986 1279 Laurencium,
1025 1214 1371 1283 quihusdam
1414 1212 1771 1281 eligentibus
1805 1214 1945 1269 Lau-

292 1302 540 1356 rentium
578 1308 775 1373 preter
823 1302 1308 1358 consuetudinem
1361 1303 1771 1371 Romanorum,
1806 1301 1942 1357 aliis

289 1406 427 1446 Vero
459 1391 711 1446 sanioris
742 1392 970 1447 consilii
1020 1392 1422 1461 Symmachum
1467 1390 1794 1447 diaconum.
1830 1392 1943 1448 Pro

291 1493 403 1549 qua
433 1494 609 1535 causa
645 1480 795 1535 facta
817 1488 953 1536 sunt
978 1480 1157 1535 multa
1176 1480 1487 1536 homicidia
1511 1481 1707 1535 Romae
1728 1480 1941 1535 civnum

289 1568 697 1638 Romanorum,
728 1569 1076 1626 clericorum
1108 1570 1283 1624 etiam
1316 1573 1376 1624 et
1416 1569 1789 1624 sacerdotum
1841 1583 1943 1640 per

287 1659 414 1710 tres
435 1655 675 1711 circiter
689 1670 888 1725 annos,
907 1671 1091 1726 usque
1116 1671 1230 1726 quo
1251 1656 1642 1711 Theodericus
1667 1656 1942 1727 princeps

288 1743 525 1799 Romam
558 1744 753 1809 venit;
788 1746 886 1815 qui
919 1745 1181 1815 quamvis
1212 1745 1493 1801 Arrianus
1522 1749 1702 1814 esset,
1739 1745 1939 1800 habito

1478 359 1958 429 EKKEHAHDI
2002 364 2561 430 URAUGIEASIS
2658 340 2685 347 ’

1978 506 2032 563 Α
2065 501 2199 558 dum
2235 501 2290 557 in
2318 499 2533 572 heresi,
2571 514 2684 573 qua
2735 498 3001 570 dilapsus
3034 500 3242 570 fuerat,
3281 509 3728 572 perseveraret,

3591 362 3735 428 780

2066 592 2333 647 Ormisda
2369 605 2535 662 papa,
2568 589 2888 661 Symmachi
2920 604 3249 659 successor,
3283 591 3437 647 misit
3481 593 3547 647 ad
3578 607 3731 648 cum

2062 680 2383 736 Ennodium
2412 679 2767 735 Ticinensem
2800 677 3134 749 episcopum
3173 694 3303 735 cum
3337 678 3467 736 aliis
3514 682 3731 737 catho-

2060 766 2214 838 licis,
2251 774 2313 824 ut
2344 782 2475 823 eum
2507 766 2859 823 reducerent
2904 766 2975 822 ad
3024 767 3283 836 regulam
3338 768 3467 824 fidei
3512 771 3729 825 catho-

2060 856 2208 926 licae,
2226 857 2328 913 sed
2354 857 2452 913 ille
2475 871 2587 912 non
2612 855 2798 912 solum
2826 856 3037 911 monita
3064 870 3264 912 eorum
3282 857 3540 913 salubria
3555 873 3728 930 spre-

2058 945 2162 1015 vit,
2191 960 2391 1001 verum
2424 946 2600 1001 etiam
2630 959 2660 1000 a
2692 944 3111 1015 conSpectibus
3136 944 3257 1001 suis
3281 960 3390 1000 non
3416 946 3539 1001 sine
3563 946 3723 1016 inju-

2057 1035 2146 1090 ria
2175 1034 2423 1106 expulit,
2448 1034 2697 1105 navique
2726 1038 2910 1089 Veteri
2942 1034 3251 1104 fragilique
3285 1035 3608 1107 impositos,
3635 1052 3721 1092 ne

2058 1123 2279 1195 uspiam
2298 1140 2398 1195 per
2413 1129 2595 1180 totam
2613 1124 2874 1179 Greciam
2891 1123 3189 1179 civitatem
3204 1124 3377 1180 ullam
3395 1124 3649 1182 intraren
3663 1131 3715 1195 t,

2057 1213 2339 1282 precepit.
2383 1211 2563 1277 Quam
2619 1212 2746 1281 ejus
2794 1211 3027 1281 impiam
3078 1212 3468 1268 temeritatem
3511 1213 3715 1270 divina

2059 1315 2187 1355 mox
2211 1300 2359 1356 ultio
2380 1302 2692 1357 subsecuta
2710 1305 2822 1355 est.
2844 1301 2979 1355 Nam
3004 1315 3134 1355 eum
3160 1305 3229 1356 27
3253 1301 3477 1372 imperii
3503 1307 3714 1372 ageret

2055 1402 2291 1459 annum,
2353 1393 2623 1445 mortuus
2681 1391 2790 1444 est.
2856 1388 3099 1469 Quidam
3157 1405 3297 1445 vero
3344 1390 3524 1461 aiunt,
3551 1390 3716 1460 quod

2056 1476 2296 1531 fulmine
2326 1492 2639 1548 percussus
2679 1477 2775 1533 sit.
2876 1478 2881 1487 “

2125 1567 2174 1620 4.
2212 1564 2377 1635 (ΟΙιν.
2429 1566 2536 1636 W.)
2586 1568 2649 1621 A.
2697 1567 2761 1620 D.
2816 1568 2937 1620 495.
3000 1565 3390 1623 Theodericus
3447 1566 3714 1625 Odoaca-

2053 1668 2174 1709 rem
2208 1654 2525 1724 interemit,
2550 1661 2611 1710 et
2639 1655 2765 1726 ipse
2798 1654 3134 1710 Occidentis
3165 1669 3407 1724 regnum
3438 1659 3499 1711 31
3533 1656 3710 1711 annis

2053 1743 2260 1799 tenuit.

288 1837 477 1888 tamen
512 1834 751 1904 synodo,
787 1834 1185 1904 Symmachum
1233 1833 1570 1903 episcopum
1609 1833 2022 1920 rRomze‘flr-B
2100 1837 2172 1920 77.
2225 1834 2289 1887 A.
2326 1832 2405 1920 7D.
2460 1835 2580 1889 498.
2629 1832 3061 1889 Trasemundus
3109 1847 3212 1888 rex
3266 1832 3702 1903 Wandalorum,

289 1920 485 1989 mavit,
505 1920 874 1977 Laurentium
903 1935 1038 1976 vero
1063 1921 1117 1975 in
1141 1920 1383 1976 civitate
1408 1919 1693 1975 Nucerina
1718 1920 1939 1990 episco-

290 2016 422 2079 pum
456 2008 633 2064 locari
671 2010 953 2080 precepit.
991 2008 1096 2074 Qui
1130 2015 1326 2064 tamen
1360 2009 1522 2065 nullo
1563 2014 1731 2080 pacto
1778 2010 1939 2078 quie-

285 2113 474 2167 scens,
500 2099 604 2153 sed
638 2099 965 2155 sedieiones
997 2113 1385 2165 commovens,
1414 2112 1443 2153 a
1470 2099 1809 2169 Symmacho
1842 2098 1938 2153 de-

289 2187 522 2259 ponitur
553 2192 612 2242 et
646 2188 700 2242 in
732 2188 969 2243 exilium
1016 2187 1355 2243 Dalmatiam
1390 2186 1662 2242 mittitur.
1700 2190 1720 2210 '

426 2278 448 2300 '
472 2277 556 2331 D?
590 2278 647 2332 E.
693 2277 832 2333 add.
870 2278 980 2332 Pro
1012 2276 1181 2346 cujus
1211 2308 1274 2316 —
1307 2276 1558 2332 excelsis
1610 2276 1930 2331 decantari.

494 2361 570 2404 ea:
597 2348 801 2419 Sigea.

353 2438 567 2493 Eodem
630 2442 893 2509 tempore
942 2436 1390 2505 Trasamundus,
1427 2435 1702 2492 Geiserici
1754 2434 1928 2504 filius,

286 2524 382 2593 qui
410 2524 528 2594 jam
551 2539 729 2596 super
752 2524 1065 2581 Wandalos
1086 2524 1370 2592 regnavit,
1400 2530 1638 2579 secutus
1663 2523 1848 2595 patris
1871 2527 1929 2577 et

282 2612 483 2668 fratris
514 2613 840 2683 perfidiam,
865 2612 1161 2669 aecclesias
1192 2613 1290 2668 Dei
1322 2612 1560 2682 clausit,
1588 2619 1647 2667 et
1677 2616 1782 2667 220
1812 2610 1931 2682 epi-

279 2716 490 2773 scopos
522 2703 577 2757 in
609 2702 931 2758 Sardiniam
965 2702 1251 2771 cxiliavit,
1286 2702 1498 2771 quibus
1538 2702 1747 2757 beatus
1779 2701 1930 2772 Sym-

279 2791 520 2847 machus
553 2805 697 2862 papa
727 2791 1044 2848 cottidiana
1079 2790 1343 2845 subsidia
1379 2790 1753 2845 ministravit.

349 2881 508 2934 Inter
534 2878 639 2933 has
666 2882 1054 2948 tempestates
1091 2879 1299 2933 beatus
1334 2877 1670 2946 Fulgentius
1703 2875 1926 2947 episeo-

278 2983 386 3039 pus
415 2967 471 3023 in
503 2968 868 3023 confessione
908 2967 1040 3022 fidei
1072 2971 1128 3021 et
1161 2966 1407 3022 scientia
1438 2966 1672 3021 claruit.

345 3057 444 3113 His
500 3056 643 3127 ipsis
700 3055 907 3112 diebus
957 3056 1110 3127 apud
1160 3055 1409 3110 Africam
1462 3055 1597 3111 dum
1643 3053 1924 3109 Arrianus

274 3145 526 3217 quidam,
563 3146 849 3218 Olimpius
884 3146 1135 3217 nomine,
1168 3146 1224 3200 in
1280 3144 1486 3200 balneo
1536 3144 1835 3200 lavaretur
1865 3149 1924 3199 et

2053 1919 2207 1976 ﬁlius
2238 1919 2535 1989 Geiserici,
2569 1920 2891 1977 catholicas
2917 1920 3218 1978 aacclesias
3249 1921 3480 1991 clausit,
3511 1926 3567 1977 et
3595 1926 3710 1979 220

2050 2009 2364 2080 episcopos
2396 2009 2450 2064 in
2481 2008 2719 2065 exilium
2754 2010 2928 2065 misit.

2123 2101 2207 2153 12.
2246 2101 2307 2153 A.
2364 2101 2425 2154 D.
2476 2102 2595 2154 503.
2655 2099 2901 2155 Boeeius
2949 2099 3153 2156 consul
3205 2102 3399 2156 Romae
3449 2100 3702 2171 plurima

2049 2188 2263 2257 ingenii
2294 2193 2384 2245 sui
2420 2189 2768 2245 monimenta
2801 2189 3117 2246 scribendo
3150 2191 3414 2261 reliquit.

2121 2279 2204 2333 14.
2259 2280 2323 2334 A.
2377 2280 2441 2334 D.
2494 2282 2615 2334 505.
2669 2278 3064 2335 Theodericus
3118 2280 3355 2335 Romam
3407 2280 3584 2350 venit,
3635 2285 3701 2335 et

2046 2365 2226 2423 multa
2257 2367 2519 2423 miranda
2548 2367 2795 2423 aedificia
2826 2367 2882 2423 in
2914 2382 2979 2423 ea
3017 2368 3368 2424 construxit.

2117 2461 2201 2512 15.
2236 2460 2299 2512 A.
2332 2458 2394 2513 D.
2430 2461 2552 2512 506.
2606 2457 2909 2513 Hormisda
2956 2471 3104 2529 papa
3154 2460 3281 2513 54η*⁵
3330 2457 3481 2514 sedit
3528 2457 3696 2514 annis

2042 2549 2093 2615 9,
2129 2545 2501 2616 decessitque
2528 2550 2561 2601 8
2593 2546 2731 2602 ldus
2762 2546 3025 2616 Augusti.

2109 2638 2197 2691 20.
2232 2638 2296 2690 Α.
2331 2636 2395 2691 Ι).
2429 2640 2550 2691 511.
2586 2638 2608 2659 "

2183 2724 2446 2780 ‘5—11.
2506 2725 2646 2781 add.
2702 2744 2713 2779 :
2775 2725 3059 2781 Genovefa
3116 2725 3280 2794 virgo
3339 2725 3693 2782 Parisiensis

2252 2795 2626 2865 octogenaria
2657 2795 2927 2866 migravit
2949 2796 3021 2852 ad
3046 2798 3223 2853 Deum
3250 2795 3359 2851 ¹⁰⁰⁷.
3385 2809 3461 2853 ea:
3480 2795 3683 2869 Sigea.

2108 2885 2196 2938 21.
2232 2885 2296 2938 Α.
2331 2885 2394 2938 Ι).
2430 2888 2552 2939 512.
2590 2886 2611 2908 ‘

2598 2974 2887 3030 Genovefa
2910 2990 2963 3029 v.
2986 2975 3049 3029 P.
3074 2988 3127 3031 ο.
3152 2974 3367 3030 transit
3398 2973 3471 3031 ad
3498 2975 3687 3031 Domi-

2249 3076 2405 3117 num.
2441 3077 2516 3119 ex
2550 3062 2755 3134 Sigea.

2104 3154 2191 3207 22.
2226 3152 2291 3206 A.
2336 3153 2397 3207 D.
2447 3155 2570 3206 513.
2603 3152 2928 3208 Clodoveus
2977 3166 3078 3209 rex
3130 3152 3299 3221 obiit,
3335 3151 3681 3224 relinquens

272 3236 507 3304 indigna
539 3236 800 3307 quaedam
824 3241 882 3292 et
908 3235 1244 3307 hlasphema
1268 3236 1444 3291 verba
1469 3234 1539 3289 de
1564 3240 1782 3291 sanctae
1804 3233 1923 3289 Tri-
1952 3220 2003 3285 C
2035 3245 2287 3312 quatuor
2319 3240 2471 3297 ﬁlios
2515 3240 2761 3297 heredes
2813 3240 2974 3311 regni
3007 3240 3102 3310 (cf,
3138 3243 3206 3302 θ,
3240 3220 3390 3314 ἢκ),

273 3326 476 3381 uitatis
499 3325 609 3381 fide
634 3326 997 3396 loqueretur,
1016 3325 1210 3381 subito
1226 3324 1429 3395 igneus
1444 3322 1675 3394 gladius
1691 3322 1760 3379 de
1775 3322 1921 3379 caelo

272 3415 433 3470 venit
453 3429 701 3485 eumque
729 3416 1040 3487 percussit.
1061 3415 1369 3470 Deuterius
1391 3420 1583 3469 autem
1609 3412 1920 3484 episcopus

272 3504 651 3560 Arrianorum
695 3504 1001 3576 baptizans
1052 3502 1338 3573 quendam
1392 3501 1638 3557 Bizantii
1688 3502 1920 3558 nomine

271 3592 536 3663 Barbam,
568 3593 704 3649 dum
733 3598 936 3649 contra
970 3592 1231 3661 regulam
1266 3591 1397 3647 fidei
1433 3591 1713 3647 minorem
1745 3591 1919 3647 Patre

271 3681 476 3738 Filium
508 3687 567 3737 et
596 3682 871 3752 Spiritum
908 3687 1172 3738 sanetum
1206 3696 1497 3750 asserens,
1523 3680 1744 3736 diceret
1771 3698 1784 3733 :
1808 3679 1903 3737 Ba

265 3771 445 3843 ptizo,
481 3773 534 3828 te
560 3771 817 3840 Barbas,
854 3773 918 3828 in
948 3773 1184 3828 nomine
1221 3772 1432 3828 Patris
1451 3784 1563 3843 per
1594 3770 1823 3827 Filiam
1852 3771 1919 3826 in

267 3861 511 3931 Spiritu
529 3862 755 3929 sancto,
771 3860 967 3916 subito
990 3874 1161 3930 aqua,
1178 3860 1233 3914 in
1250 3874 1358 3929 qua
1376 3858 1675 3930 baptizare
1690 3858 1915 3929 debuit,

272 3952 552 4019 nusquam
581 3949 928 4020 comparuit.
966 3950 1125 4015 Quod
1157 3948 1364 4005 videns
1397 3949 1491 4019 qui
1528 3946 1918 4017 baptizandus

270 4042 418 4107 erat,
453 4039 763 4095 confestim
796 4038 866 4093 ad
895 4038 1217 4094 accelesiam
1249 4038 1596 4094 catholicam
1639 4051 1916 4108 propera-

271 4126 370 4196 vit,
402 4132 458 4183 et
486 4127 654 4198 juxta
679 4142 894 4183 morem
919 4132 1098 4183 rectze
1124 4127 1253 4183 fidei
1283 4127 1634 4198 baptismum
1658 4126 1908 4196 accepit.

339 4215 569 4271 [Iisdem
609 4217 970 4288 temporibus
1006 4215 1395 4273 Alamundaro
1431 4216 1691 4286 principe
1714 4214 1914 4269 Sarra-

265 4318 543 4361 cenorum
575 4304 892 4377 baptizato,
918 4312 1204 4362 venerunt
1234 4305 1305 4361 ad
1338 4319 1468 4360 eum
1503 4305 1618 4359 duo
1650 4302 1911 4374 epiSCOpi

266 4392 515 4464 Arriani,
540 4395 856 4450 suadentes
878 4395 950 4459 ei,
971 4400 1031 4452 ut
1054 4410 1175 4451 sua:
1200 4399 1377 4450 sectae
1399 4392 1909 4459 consentiret.Qui

263 4486 336 4540 ab
365 4484 711 4540 orthodoxis
746 4485 1079 4556 baptizatus
1109 4491 1169 4540 et
1200 4483 1549 4553 instructus,
1575 4481 1911 4537 memorabi-

2103 3332 2190 3385 23.
2224 3332 2287 3385 A.
2323 3331 2385 3385 D.
2423 3334 2544 3386 514.
2584 3330 2913 3400 Lotharius,
2949 3329 3218 3386 Clodovei
3271 3330 3444 3399 ﬁlius,
3481 3346 3679 3401 regna-

2030 3418 2117 3474 vit
2144 3419 2311 3475 annis
2348 3422 2433 3473 51.

2100 3510 2188 3564 24.
2225 3510 2288 3562 Α.
2322 3510 2385 3563 Ι).
2422 3512 2545 3564 515.
2576 3508 2868 3566 Johannes
2902 3521 3048 3580 papa
3078 3513 3204 3564 35‘“
3237 3507 3397 3565 sedit
3426 3508 3593 3566 annis
3620 3514 3674 3581 2,

2030 3610 2211 3653 mens.
2246 3599 2297 3652 9.
2342 3599 2365 3621 '

2163 3695 2185 3716 ‘
2208 3694 2296 3748 D?
2326 3695 2385 3749 E.
2427 3693 2567 3751 add.
2614 3713 2627 3748 :
2678 3696 2800 3751 Rex
2848 3694 3252 3765 Sigismundus
3283 3729 3326 3737 -α
3359 3695 3675 3753 sanitatum

2240 3765 2449 3835 gratia.
2484 3780 2558 3821 ea:
2582 3766 2787 3839 Sigea.

2096 3861 2185 3919 25.
2221 3861 2389 3932 (σήν.
2462 3863 2569 3935 W.)
2626 3876 2691 3920 A.
2751 3865 2814 3919 Ι).
2875 3867 2997 3919 516.
3055 3862 3443 3922 Theodericus
3502 3864 3673 3922 ﬁliam

2028 3965 2192 4008 suam
2226 3951 2695 4009 Amalasuindam
2728 3952 2888 4009 dedit
2912 3951 3244 4010 Eutharico.

2095 4044 2184 4097 27.
2237 4043 2302 4098 A.
2355 4042 2419 4097 D.
2472 4043 2595 4097 518.
2650 4042 2810 4098 Felix
2866 4056 3013 4114 papa
3069 4040 3196 4097 56m!
3244 4042 3394 4099 sedit
3424 4044 3589 4100 annis
3618 4047 3668 4114 4,

2023 4131 2261 4186 transiit
2297 4135 2352 4187 11
2389 4130 2512 4187 Kal.
2546 4134 2670 4188 Jan.
3130 4134 3139 4155 '

2097 4220 2199 4289 (H.
2234 4236 2311 4276 φη.
2348 4225 2406 4276 et
2437 4222 2631 4292 Jonn.)
2686 4224 2850 4278 Anno
2900 4223 3205 4280 dominica)
3256 4221 3670 4279 incarnationis

2023 4312 2174 4380 519°,
2208 4310 2382 4366 Urbis
2427 4310 2679 4367 condita:
2731 4311 3037 4369 millesimo
3077 4318 3228 4385 270°,
3256 4312 3542 4383 Justinus,
3574 4326 3670 4382 ge-

2023 4412 2162 4453 nere
2194 4398 2488 4470 Illyrieus,
2522 4398 2610 4455 vir
2641 4400 2966 4457 catholicus
2994 4407 3053 4457 et
3083 4402 3280 4458 senior
3311 4400 3668 4471 multumque

2026 4486 2271 4558 peritus,
2306 4503 2504 4544 comes
2532 4490 2964 4559 excubitorum,
2990 4505 3019 4546 a
3053 4490 3338 4547 militibus
3361 4489 3668 4563 proficiens

261 4573 397 4630 liter
424 4588 525 4630 eos
554 4573 856 4644 redarguit
886 4572 1289 4645 hujuscemodi
1330 4570 1542 4627 fabula.
1580 4572 1675 4626 Ait
1702 4572 1853 4626 enim
1892 4590 1904 4626 :
1936 4581 1993 4643 1)
2024 4574 2095 4631 ad
2128 4580 2415 4648 senatum,
2440 4582 2536 4633 52°
2564 4577 2691 4634 loco
2713 4577 2783 4634 ab
2812 4580 3095 4649 Augusto,
3121 4583 3362 4636 senatus
3382 4578 3668 4635 electione

259 4664 522 4721 Litteras
548 4664 746 4735 accepi
778 4663 968 4733 hodie,
995 4664 1144 4735 quia
1170 4660 1485 4718 Michahel
1508 4659 1909 4732 archangelus

255 4753 525 4810 mortuus
554 4754 658 4810 est.
696 4751 817 4809 Illis
842 4768 979 4808 vero
1009 4751 1363 4820 dicentibus,
1398 4750 1508 4804 hoc
1541 4749 1907 4820 impossibile

259 4842 403 4912 fore,
429 4842 512 4898 ait
544 4842 813 4914 princeps
838 4861 850 4896 :
873 4842 954 4896 Et
974 4839 1258 4911 quomodo
1286 4838 1565 4897 Christus
1584 4840 1910 4897 secundum

254 4946 356 4988 vos
376 4932 549 4988 vivus
570 4932 901 4989 cruci/imas
924 4931 1028 4998 est,
1054 4931 1177 4986 nisi
1199 4930 1557 4985 naturarum
1589 4931 1741 4986 esset
1769 4931 1908 4988 daa-

252 5021 774 5092 ram,quaadoqai
788 5021 908 5075 tem
929 5033 1033 5075 nec
1051 5018 1303 5090 angelus
1325 5026 1591 5076 mortuas
1604 5021 1718 5077 est?
1730 5021 1798 5075 Et
1825 5020 1904 5077 ita

256 5124 386 5165 cum
410 5109 753 5166 confusione
775 5107 1449 5179 recesseruutepiscopi.
1468 5108 1649 5179 Hujus
1665 5111 1907 5167 Anasta-

255 5198 325 5254 sii
350 5198 715 5270 temporibus
741 5196 1068 5254 Clodoveus
1091 5196 1147 5251 in
1171 5196 1410 5252 Francia
1426 5198 1712 5268 regnavit,
1733 5199 1901 5269 quiet

260 5288 546 5344 Alarieum
580 5303 774 5358 regem
808 5287 1126 5343 Gothorum
1159 5286 1477 5353 interfecit,
1509 5292 1569 5342 et
1597 5289 1670 5343 ab
1700 5289 1901 5345 eodem

255 5377 567 5433 Anastasio
609 5376 891 5448 epistolas
941 5391 1045 5448 pro
1089 5374 1436 5433 consulatus
1481 5376 1763 5446 dignitate
1810 5392 1901 5434 ac-

2022 4666 2247 4737 aceepit
2298 4666 2627 4739 imperium,
2681 4668 3059 4739 regnavitquc
3105 4668 3271 4723 annis
3314 4672 3365 4725 8.
3398 4667 3485 4723 Ad
3516 4666 3669 4725 hunc

2018 4755 2092 4812 ob
2121 4770 2358 4813 causam
2388 4755 2857 4826 redintegrandae
2892 4756 3023 4811 fidei
3056 4755 3316 4812 directus
3347 4770 3377 4810 a
3407 4756 3667 4812 Romano

2018 4844 2257 4916 presule
2304 4845 2396 4902 vir
2443 4846 2759 4901 sanctitate
2807 4844 3125 4914 precipuus
3172 4843 3511 4911 Germanus,
3565 4844 3668 4898 Ca-

2019 4948 2225 5004 puanaa
2254 4932 2420 4989 urbis
2442 4933 2775 5003 episcopus,
2801 4931 2972 4999 digne
3001 4930 3072 4985 ab
3103 4944 3172 4985 eo
3203 4932 3293 4983 est
3325 4933 3660 5001 susceptus,

2018 5022 2453 5092 multorumque
2483 5020 2662 5076 corda
2693 5017 2869 5074 dubia
2902 5018 2955 5073 in
2989 5017 3102 5073 fide
3146 5015 3443 5073 solidavit.

2088 5113 2167 5165 Eo
2201 5115 2461 5181 tempore
2490 5112 2723 5163 mortuo
2768 5105 2922 5177 apud
2967 5105 3220 5163 Africam
3269 5106 3663 5164 Trasemundo

2016 5213 2152 5270 rege
2201 5196 2631 5266 Wandalorum,
2674 5193 3028 5270 Hildericus,
3060 5195 3219 5255 illius
3268 5195 3394 5268 ejus
3441 5209 3515 5253 ex
3555 5196 3666 5253 Eu-

2014 5268 2185 5344 doxia
2217 5287 2447 5359 captiva
2476 5268 2864 5341 Valentiniani
2899 5284 3035 5358 filia,
3072 5301 3313 5357 regnum
3355 5284 3659 5357 suscepit;

2013 5375 2111 5447 qui
2140 5390 2251 5431 non
2285 5380 2506 5447 patrem
2528 5387 2816 5446 avumque
2844 5376 3145 5464 Arrianos,
3172 5376 3275 5435 sed
3302 5382 3546 5434 matrem
3569 5390 3661 5435 ca-

253 5464 411 5539 cepit
443 5463 538 5536 (cf.
572 5466 752 5525 Gesta
780 5465 1026 5538 Iv‘raac.)
1059 5466 1160 5539 (H.
1184 5466 1288 5538 m.)
1322 5465 1667 5523 Anastasius
1699 5466 1898 5535 itaque
2008 5463 2296 5559 tholicam'
2340 5465 2601 5533 secutus,
2649 5469 2826 5525 rectae
2876 5462 3009 5525 fidei
3061 5465 3255 5529 cultor
3302 5463 3521 5526 extitit.
3556 5462 3660 5524 Hic

1611 5571 1847 5631 VARI/E
1887 5569 2286 5632 LECTIONES.

322 5668 414 5709 1°“
445 5672 565 5735 493.
598 5674 647 5729 5.
683 5676 760 5734 9°.
796 5676 881 5732 11.
915 5674 1039 5732 492.
1071 5685 1222 5732 corr.
1256 5674 1381 5732 493.
1415 5674 1502 5729 10.
1562 5668 1653 5711 ίοοτ
1681 5670 1977 5732 dominum
2007 5676 2084 5736 9°.
