3946 6456
194 444 303 505 ’781

1059 441 1499 508 UHRONICA.
1533 478 1610 490 --
1648 442 2125 509 CHRONICON
2170 442 2717 515 UNIVERSALE.

3468 449 3585 512 782

195 579 494 633 universos
509 576 820 649 episcopos
835 578 931 648 qui
958 578 1204 633 inexulio
1225 582 1391 633 erant
1417 575 1647 647 regredi
1668 575 1820 646 fecit,
1855 577 1913 638 A
1943 593 2004 635 se
2034 579 2088 636 in
2120 583 2390 640 omnibus
2436 582 2729 640 auxiliari.
2762 581 2976 638 Eodem
3008 596 3158 639 anno
3216 581 3442 640 adhesit
3476 585 3586 641 no-

188 667 385 737 eisque
413 665 713 722 aecclesias
748 668 1059 722 reformare
1091 667 1389 738 praecepit,
1415 680 1542 737 quae
1577 679 1607 719 a
1637 664 1830 721 Celse-

188 756 308 812 rico
339 771 521 827 usque
577 759 647 815 ad
705 756 1056 814 Hildericum
1101 772 1200 828 per
1232 760 1303 812 70
1359 769 1542 812 annos
1602 754 1829 810 fuerant

182 847 280 901 dst
319 852 531 903 ructaz.

257 935 520 991 Justinus
544 949 775 1005 quoque
801 940 1083 1003 angustus
1106 938 1273 989 sexto
1315 933 1542 1003 imperii
1574 931 1659 987 sui
1685 944 1833 985 anno

192 1038 295 1093 pro
317 1023 527 1080 ardore
549 1024 853 1079 catholica}
880 1024 1010 1079 fidei
1035 1024 1377 1079 decertabat
1401 1021 1695 1077 hereticos
1719 1021 1835 1076 dis-

191 1112 402 1183 sipare,
454 1112 832 1183 preeepitque
881 1118 945 1168 ut
976 1112 1192 1183 ubique
1250 1112 1478 1168 illarum
1535 1110 1835 1167 zecelesias

190 1200 465 1257 catholici
489 1201 745 1272 episcopi
761 1208 1194 1258 consecrarent.
1215 1200 1377 1267 Quod
1394 1199 1637 1256 audiens
1658 1199 1837 1254 Theo-

191 1289 447 1359 dericus,
485 1290 582 1359 qui
614 1294 671 1345 et
704 1290 827 1361 ipse
863 1290 970 1345 fuit
1001 1290 1299 1359 Arrianus,
1333 1289 1488 1344 misit
1517 1289 1831 1343 Iohannem

194 1384 329 1433 tunc
355 1378 637 1448 temporis
662 1393 865 1449 papam
890 1379 958 1433 ad
982 1379 1295 1447 Iustinum,
1329 1383 1390 1433 ut
1423 1381 1522 1432 aut
1558 1375 1834 1432 hereticis

190 1466 489 1523 {ecclesias
535 1482 671 1523 suas
719 1466 985 1522 redderet
1010 1466 1119 1535 ίυοθ,
1167 1472 1262 1522 aut
1297 1467 1419 1537 ipse
1442 1465 1625 1521 totius
1654 1463 1835 1519 Italiae

194 1555 469 1626 populum
500 1554 696 1625 gladio
730 1555 950 1611 feriret.
987 1556 1110 1621 Quo
1144 1556 1415 1623 abeunte,
1451 1555 1574 1625 ipse
1603 1552 1835 1608 interim

189 1643 590 1714 Symmachum
626 1645 931 1715 patricium
982 1652 1041 1700 et
1070 1644 1328 1700 Boetium
1358 1647 1686 1700 senatorem
1718 1641 1837 1711 gla-

186 1732 283 1789 die
307 1733 577 1803 peremit,
613 1734 1069 1805 redeuntemque
1104 1748 1307 1805 papam
1340 1733 1485 1787 fame
1517 1730 1830 1786 interfecit.

188 1822 349 1877 Unde
405 1821 614 1877 divinae
647 1821 971 1891 ‘°°’judieio
1030 1822 1297 1878 vindiciae
1350 1824 1445 1877 99°
1477 1819 1683 1876 dehinc
1740 1818 1835 1873 die

1944 670 2126 726 manis
2159 672 2369 728 mulier
2432 672 2798 744 quaedamcx
2856 672 3053 743 llunis,
3114 671 3306 743 vidua,
3366 674 3586 731 habens

1942 771 2138 814 secum
2185 761 2479 816 Hunorum
2512 765 2745 816 centum
2779 760 2953 816 milia.
2990 762 3143 818 Tunc
3174 768 3232 817 et
3267 778 3369 818 rex
3400 764 3587 820 Huno-

1944 860 2090 916 rum,
2125 848 2223 919 qui
2256 854 2386 905 sunt
2444 850 2612 919 juxta
2656 850 3031 919 Bosphorum,
3088 851 3317 906 nomine
3373 853 3582 922 Corda,

1943 934 2195 991 accessit
2226 936 2292 992 ad
2330 936 2763 1009 imperatorem,
2790 941 2848 992 et
2876 940 3063 995 factus
3088 936 3177 972 ¹⁰¹³
3205 936 3583 1012 Christianus,

1943 1030 2258 1094 susceptus
2288 1030 2374 1080 est
2409 1027 2481 1082 ab
2513 1041 2602 1097 eo,
2657 1028 2973 1099 multisque
2995 1028 3049 1084 ei
3074 1026 3163 1060 ¹⁰¹⁶
3196 1029 3463 1100 prostitis
3490 1030 3587 1085 do-

1943 1109 2229 1177 nis,misit
2261 1128 2392 1169 eum
2435 1113 2488 1168 in
2536 1117 2831 1186 regionem
2854 1118 3035 1189 ipsius
3066 1118 3135 1173 ad
3170 1120 3458 1174 Romanas
3492 1133 3587 1174 res

1942 1198 2355 1257 custodiendas
2386 1206 2443 1257 et
2478 1205 2837 1275 Bosphorum
2870 1208 3187 1276 civitatem,
3224 1223 3351 1278 quae.
3386 1222 3488 1277 pro
3520 1221 3587 1261 eo

1944 1290 2275 1363 Bosphorus
2328 1297 2419 1346 est
2449 1290 2626 1360 dicta,
2662 1292 2812 1362 quod
2868 1296 3141 1352 Romanis
3174 1311 3274 1367 per
3330 1296 3591 1364 singulos

1944 1394 2124 1435 annos
2157 1382 2335 1436 boves
2366 1396 2472 1451 pro
2504 1382 2770 1451 pecuniis
2804 1382 3109 1438 inferebat.
3147 1385 3463 1439 Renovavit
3501 1383 3588 1416 1°”

1945 1468 2261 1539 imperator
2293 1469 2470 1540 leges,
2500 1469 2715 1526 faciens
2748 1470 3008 1526 codicem
3034 1472 3386 1541 singularem
3412 1478 3471 1529 et
3494 1491 3587 1529 vo-

1942 1570 2083 1614 cans
2135 1572 2265 1614 eum
2316 1558 2576 1615 novellas
2629 1560 3104 1616 constitutiones.
3167 1562 3383 1617 Eodem
3442 1579 3589 1621 anno

1944 1659 2113 1715 passa
2162 1651 2253 1700 est
2288 1646 2592 1702 Antiochia
2638 1651 2991 1705 terremotus
3022 1664 3258 1719 magnos
3284 1655 3339 1706 et
3376 1657 3590 1724 tempe-

1945 1738 2152 1804 states,
2176 1738 2233 1789 et
2260 1734 2550 1790 faciebant
2595 1734 2857 1791 lmtanias
2878 1752 3079 1793 omnes
3100 1738 3446 1810 discalciati,
3476 1741 3591 1797 cla-

1948 1826 2173 1878 mantes
2205 1823 2363 1894 kyrie
2396 1823 2648 1895 eleyson.
2687 1826 2966 1897 Apparuit
3000 1832 3189 1883 autem
3224 1828 3278 1883 in
3314 1828 3439 1885 visu
3471 1831 3591 1886 eui-

189 1910 492 1967 subitanea
546 1914 730 1967 morte
762 1911 1004 1966 interiit.
1063 1910 1327 1966 Justinus
1354 1923 1493 1965 vero
1552 1910 1835 1976 angustus
1862 1935 1919 1997 Β
1949 1909 2077 1965 dam
2111 1911 2211 1966 Dei
2238 1912 2473 1981 cultori,
2511 1917 2570 1969 ut
2615 1913 2834 1970 diceret
2870 1915 3156 1984 omnibus,
3193 1917 3345 1987 quod
3378 1918 3592 1974 scribe-

187 2016 317 2058 cum
346 2001 462 2071 jam
498 2004 705 2056 octavo
735 2013 884 2055 anno
913 1999 1278 2069 augustalem
1304 1997 1644 2067 dignitatem
1678 2000 1835 2051 tene-

190 2097 301 2160 ret,
336 2105 531 2146 mense
554 2089 760 2161 Aprili,
793 2089 1110 2145 indictione
1133 2092 1360 2159 quarta,
1387 2089 1675 2155 aegrotare
1698 2084 1836 2141 inei-

190 2180 377 2252 piens,
423 2180 711 2251 provexit,
747 2179 881 2234 dum
929 2178 1115 2234 adhuc
1146 2177 1390 2245 viveret,
1427 2175 1482 2230 in
1532 2173 1834 2245 imperium

185 2270 601 2339 Iustinianum,
647 2268 866 2325 sororis
897 2282 1016 2323 sua:
1050 2266 1249 2335 tilium,
1285 2265 1380 2335 qui
1411 2269 1470 2319 et
1520 2263 1837 2334 coimpera-

188 2362 272 2415 vit
304 2358 397 2393 ¹⁰¹⁰
423 2359 475 2414 ei
524 2358 818 2415 mensibus
864 2360 1146 2428 quatuor;
1182 2368 1375 2411 mense
1402 2368 1542 2408 vero
1576 2354 1836 2422 Augusto

188 2448 314 2519 ipse
337 2447 491 2520 apud
508 2445 1067 2517 Constantinopolim
1083 2440 1524 2500 rebusexeessit
1544 2440 1830 2498 humanis.

188 2537 335 2593 Anni
366 2536 598 2594 Iustini.

255 2630 304 2680 1.
342 2625 556 2698 (Icum)
591 2625 692 2681 Hic
738 2638 887 2680 anno
918 2622 1078 2691 regni
1112 2621 1202 2678 sui
1263 2620 1448 2693 primo
1506 2619 1832 2676 Amantium

183 2714 549 2787 prepositum
583 2712 785 2785 palatii
815 2716 875 2768 et
904 2711 1049 2767 alios
1081 2725 1261 2781 regno
1294 2724 1401 2766 suo
1433 2709 1723 2765 inhiantes
1752 2707 1834 2763 in-

182 2803 444 2860 terfecit.

256 2895 308 2949 4.
342 2895 415 2948 A.
446 2894 514 2947 D.
555 2895 682 2949 522.
723 2889 813 2924 ίοίι
847 2888 1174 2946 Bonifacius
1228 2902 1372 2960 papa
1405 2893 1532 2945 57‘“
1554 2886 1709 2943 sedit
1738 2900 1835 2942 an-

185 2983 276 3040 nis
303 2985 364 3039 2.

258 3077 316 3130 6.
349 3074 415 3126 A.
442 3072 503 3127 D.
527 3074 647 3127 524.
672 3070 984 3139 Iohannes,
1010 3067 1107 3139 qui
1137 3072 1195 3124 et
1219 3066 1554 3137 Mercurius,
1580 3079 1725 3138 papa
1744 3063 1834 3098 ¹ο¹²

188 3164 317 3217 58υ⁸
348 3160 505 3217 sedit
535 3160 701 3217 annis
730 3164 781 3230 2,
837 3158 1203 3228 decessitque
1235 3162 1265 3213 δ
1296 3155 1423 3213 Kal.
1486 3155 1666 3212 Iunii.
1731 3154 1832 3210 Hic

189 3251 409 3308 missus
460 3248 1019 3320 Constantinopolim
1050 3248 1118 3304 ad
1178 3247 1467 3304 Iustinum
1499 3260 1530 3302 a
1580 3245 1834 3302 Theode-
1865 3285 1910 3312 ρ,
1943 3246 2148 3317 dogma
2179 3247 2495 3304 corruisse.
2549 3247 2674 3313 Quo
2706 3248 2777 3303 ad
2811 3248 2941 3303 fidei
2995 3249 3254 3318 regulam
3288 3257 3585 3321 revocato,

189 3341 329 3410 rieo,
351 3354 483 3395 cum
510 3338 767 3395 venisset
801 3336 871 3393 ad
907 3342 1132 3409 portam
1166 3351 1419 3407 auream,
1454 3350 1671 3393 caream
1705 3333 1834 3391 illu-
1863 3314 1912 3348 υ
1945 3335 2094 3392 idem
2127 3335 2411 3408 Agapitus
2444 3350 2588 3408 papa
2619 3335 2949 3391 Anthimum
3000 3338 3589 3410 Constantinopolita-

185 3341 329 3411 rieo,
351 3354 483 3395 cum
510 3338 767 3395 venisset
801 3336 871 3393 ad
907 3342 1132 3409 portam
1166 3351 1419 3407 auream,
1454 3350 1671 3393 eaaeum
1705 3333 1834 3391 illu-

181 3428 428 3485 minavit
457 3428 551 3499 (cf.
585 3429 824 3500 Bson).

249 3524 303 3576 7.
340 3520 413 3573 A.
451 3519 521 3572 Ι).
576 3522 704 3572 525.
761 3515 1146 3572 Theodericus
1201 3530 1304 3571 rex
1330 3514 1421 3548 ¹⁰¹³
1449 3515 1717 3571 Boecium
1772 3520 1829 3570 et

181 3608 587 3679 Symmachum
635 3605 829 3676 gladio
860 3604 1203 3673 trucidavit,
1256 3606 1567 3661 Iohannem
1624 3618 1829 3677 papam

180 3700 332 3754 fame
365 3696 421 3751 in
453 3709 689 3752 carcere
748 3695 999 3767 necavit,
1036 3694 1276 3766 ipseque
1331 3699 1428 3751 99°
1456 3694 1549 3752 die
1608 3695 1829 3752 interiit

179 3790 315 3858 post
352 3784 495 3840 haec.

253 3880 305 3933 8.
345 3872 511 3945 (01w.
558 3873 665 3946 W.)
698 3876 767 3930 A.
798 3875 867 3930 D.
908 3876 1316 3933 526.1ustinus
1334 3875 1725 3932 Iustinianum
1745 3890 1833 3932 re-

178 3965 281 4036 gni
311 3970 648 4021 consortem
678 3968 737 4020 et
768 3979 1169 4021 successorem
1200 3964 1439 4035 faciens,
1473 3965 1646 4021 obiit.
1689 3968 1832 4036 Aga-

183 4052 463 4127 pitusm‘
515 4068 658 4126 papa
702 4057 831 4109 59“!
857 4054 1010 4111 sedit
1065 4069 1247 4111 annos
1303 4055 1526 4126 decem,
1561 4054 1710 4110 obiit
1764 4057 1835 4111 10

181 4142 309 4200 Kal.
346 4141 482 4199 Mai.

257 4231 360 4302 (Η.
394 4233 696 4304 m.)~Anno
746 4232 817 4287 ab
851 4232 1250 4289 incarnatione
1295 4230 1517 4287 Domini
1574 4235 1725 4301 527°,
1757 4231 1830 4287 ab

181 4322 340 4378 Urbe
362 4320 595 4377 condita
620 4318 924 4376 millesimo
953 4323 1105 4390 278°,
1137 4317 1523 4391 Iustinianus,
1558 4318 1711 4376 illius
1741 4333 1831 4376 so-

182 4410 341 4467 roris
359 4410 567 4467 Iustini
604 4408 994 4481 imperatoris,
1028 4413 1123 4465 53°
1145 4408 1272 4466 loco
1296 4409 1368 4465 ab
1414 4411 1696 4479 Augusto,
1732 4409 1832 4464 im-

182 4500 412 4574 perium
446 4499 606 4556 solus
663 4498 939 4569 obtinuit,
975 4500 1031 4554 et
1062 4501 1131 4553 28
1159 4498 1325 4554 annis
1384 4498 1667 4568 regnavit.
1727 4498 1829 4556 Hic

182 4606 321 4647 mox
343 4594 407 4646 ut
435 4586 755 4662 imperialia
779 4587 910 4657 jura
930 4586 1215 4657 suscepit,
1241 4586 1310 4642 ad
1335 4586 1722 4658 reparandum
1745 4587 1831 4644 rei

1949 2002 2081 2054 rent
2111 1999 2166 2055 in
2200 2000 2746 2072 superliminaribus
2773 2003 2897 2060 suis
2932 2021 2944 2060 :
2982 2004 3260 2062 Christus
3288 2006 3593 2065 nobiscum

1945 2087 2117 2145 state.
2150 2087 2274 2154 Quo
2306 2089 2479 2159 facto,
2513 2090 2679 2146 stetit
2713 2090 2796 2147 ira
2830 2092 2948 2148 Dei.

2019 2177 2244 2234 Interea
2269 2176 2654 2249 Athalaricus,
2682 2195 2861 2251 nepos
2883 2181 3241 2255 Theoderici,
3259 2200 3356 2241 rex
3380 2188 3591 2245 Gotho~

1948 2279 2094 2337 rum,
2131 2282 2259 2324 eum
2310 2269 2513 2338 paucis
2544 2270 2709 2327 annis
2741 2276 3032 2342 regnaret,
3068 2271 3372 2331 immatura
3405 2280 3590 2332 morte

1949 2361 2265 2425 preventus
2290 2362 2398 2415 est.
2426 2359 2602 2430 Cujus
2625 2365 2810 2415 mater
2835 2360 3209 2419 Amalsuinda
3232 2364 3588 2421 Theodatum

1944 2447 2356 2503 consobrinum
2404 2463 2569 2504 suum
2622 2448 2736 2504 sibi
2792 2449 3036 2505 asscivit
3068 2451 3122 2507 in
3156 2467 3417 2521 regnum.
3477 2455 3586 2509 Sed

1946 2541 2080 2607 post
2104 2537 2230 2594 dies
2248 2536 2471 2608 aliquot
2496 2537 2697 2606 isdem,
2733 2537 3031 2595 immemor
3061 2540 3260 2597 collati
3297 2542 3583 2611 beneficii,

1945 2640 2070 2681 eam
2103 2626 2160 2681 in
2212 2625 2420 2683 balneo
2450 2627 2808 2697 strangulari
2839 2626 2929 2660 ¹⁰¹⁸
2961 2629 3243 2700 precepit.
3278 2630 3419 2696 Quia
3450 2646 3587 2687 vero

1946 2714 2067 2786 ipsa
2101 2715 2235 2771 dum
2278 2715 2499 2771 \iveret
2533 2730 2595 2771 se
2639 2730 2924 2787 suumque
2953 2716 3131 2773 filium
3166 2719 3414 2790 principi
3443 2734 3590 2775 com-

1944 2802 2340 2873 mendaverat,
2404 2804 2598 2860 audita
2632 2804 2759 2874 ejus
2790 2809 2997 2876 morte,
3058 2805 3376 2877 imperator
3423 2810 3588 2875 gravi

1944 2892 2168 2948 exarsit
2190 2892 2493 2949 iracundia
2515 2892 2570 2948 in
2593 2893 2965 2950 Theodatum.
2994 2894 3154 2959 Quod
3181 2893 3279 2950 ille
3302 2898 3581 2967 sentiens,

1945 2981 2253 3052 Agapitum
2285 2996 2490 3053 papam
2515 2981 2961 3038 intercessorem
2994 2983 3152 3039 misit
3184 2984 3587 3043 Constantino-

1945 3068 2409 3141 polim.Quicum
2437 3070 2695 3127 venisset
2725 3075 2786 3126 et
2806 3069 3159 3142 colloquium
3182 3087 3310 3128 eum
3343 3073 3587 3144 impera-

1945 3161 2071 3214 tore
2102 3159 2317 3214 habere
2340 3157 2431 3192 ί⁰¹⁰
2456 3158 2753 3231 coepisset,
2785 3160 3005 3231 reperit
3035 3174 3165 3215 eum
3197 3161 3251 3215 iu
3305 3162 3586 3218 Eutieetis

1943 3246 2148 3317 dogma
2179 3247 2495 3304 corruisse.
2549 3247 2674 3313 Quo
2706 3248 2777 3303 ad
2811 3248 2941 3303 fidei
2995 3249 3254 3318 regulam
3288 3257 3585 3321 revocato,

1943 3440 2078 3482 num
2108 3424 2466 3497 episcOpum,
2518 3424 2616 3495 qui
2647 3424 2883 3480 eandem
2932 3425 3178 3482 heresim
3212 3427 3582 3498 defendebat,

1941 3514 2176 3586 publice
2207 3513 2480 3584 convicit,
2510 3528 2759 3585 cumque
2789 3515 3191 3571 communione
3224 3517 3494 3588 privavit,
3528 3524 3584 3574 et

1943 3608 2008 3659 ut
2039 3603 2286 3659 eundem
2314 3602 2550 3659 exilium
2584 3603 2865 3674 mitteret,
2900 3604 3239 3676 imperatori
3273 3609 3581 3678 persuasit.

1943 3693 2063 3749 Hoc
2096 3692 2271 3763 facte,
2307 3707 2420 3748 non
2453 3692 2636 3749 multo
2670 3696 2801 3765 post
2835 3693 2986 3749 idem
3012 3696 3271 3765 pontifex
3304 3698 3586 3769 Agapitus

1904 3788 1907 3797 ‘
1944 3781 2023 3837 ibi
2054 3780 2143 3817 ¹⁰²⁰
2175 3782 2489 3839 defunctus
2518 3786 2627 3839 est.

2015 3872 2240 3927 Interea
2268 3886 2399 3929 eum
2422 3872 2544 3942 jam
2577 3886 2682 3943 per
2710 3871 2924 3929 multos
2951 3887 3134 3930 annos
3154 3875 3418 3932 Wandali
3442 3877 3587 3932 Afri-

1941 3973 2067 4016 cam
2089 3965 2379 4031 tenerent,
2406 3960 2565 4016 misit
2584 3962 2900 4032 imperator
2924 3963 3251 4021 Bilisarium
3277 3965 3583 4036 patricium

1943 4065 2075 4109 cum
2106 4038 2372 4108 exercitu
2429 4053 2634 4106 contra
2663 4063 2784 4106 eos.
2844 4050 2950 4117 Qui
2980 4052 3220 4109 veniens
3277 4055 3584 4126 tribusque

1943 4140 2262 4211 mensibus,
2298 4139 2355 4194 id
2402 4142 2493 4195 est
2525 4152 2554 4194 a
2589 4138 2865 4197 Kalendis
2910 4142 3268 4212 Septembris
3299 4159 3482 4214 usque
3512 4146 3583 4202 ad

1941 4228 2231 4285 Kalendas
2262 4226 2620 4296 Decembris,
2681 4241 2782 4283 eos
2814 4228 3173 4300 impugnans,
3206 4232 3406 4288 multis
3437 4234 3587 4290 occi-

1941 4317 2042 4389 sis,
2075 4316 2307 4374 tandem
2340 4331 2443 4374 eos
2476 4316 2636 4387 vicit,
2671 4317 3036 4386 Kartaginem
3095 4318 3354 4393 intravit,
3391 4337 3584 4393 regem

1940 4406 2354 4463 Wandalorum
2387 4406 2761 4462 Gelismerem
2812 4405 3003 4461 vivum
3033 4408 3208 4479 cepit,
3243 4424 3584 4481 omnemque

1943 4496 2217 4565 Africam,
2244 4499 2379 4567 post
2397 4494 2704 4564 nonaginta
2729 4508 2831 4550 sex
2847 4508 3029 4551 annos
3051 4510 3081 4551 a
3105 4497 3586 4569 Wandalicojure

1944 4584 2272 4656 liberatam,
2298 4584 2552 4640 Romano
2577 4582 2820 4654 imperio
2844 4582 3115 4652 subjecit.
3143 4586 3356 4644 Deinde
3379 4598 3583 4651 contra

184 4678 440 4755 publieze
465 4650 680 4735 statum
705 4650 956 4734 animum
982 4650 1251 4744 intendit,
1277 4691 1343 4732 ac
1366 4650 1612 4748 primum
1633 4676 1832 4734 Bilisa-
1856 4650 1913 4714 D
1942 4650 2299 4731 Theodatum
2330 4674 2564 4743 missus,
2600 4650 2731 4729 cum
2755 4650 2979 4729 veniret
2997 4674 3269 4749 Siciliam,
3292 4650 3587 4743 Theodato

183 4771 338 4827 rium
366 4767 672 4841 patricium
697 4767 989 4835 ingentem
1037 4764 1220 4821 virum
1246 4769 1447 4822 contra
1472 4766 1698 4836 Persas,
1732 4768 1831 4838 qui

182 4859 478 4914 Romanos
507 4856 650 4912 fines
682 4856 1034 4923 invaserant,
1067 4852 1303 4924 direxit,
1330 4854 1429 4925 qui
1453 4853 1522 4910 de
1554 4853 1669 4913 illis
1698 4856 1833 4913 viri-

184 4945 327 5003 liter
353 4944 754 5017 triumphavit.
802 4946 1029 4999 lnterea
1058 4958 1162 4999 rex
1220 4944 1588 5014 Herulorum,
1624 4945 1830 5003 Cretes

183 5034 438 5106 nomine,
474 5050 604 5092 cum
652 5032 865 5106 populo
895 5049 1001 5091 suo
1058 5032 1618 5106 (onstantmopolim
1648 5034 1827 5106 venit,

185 5128 399 5198 petens
415 5129 481 5181 ut
502 5124 922 5195 baptizaretur.
949 5124 1127 5191 Quem
1150 5124 1205 5179 in
1227 5122 1551 5196 epyphania
1575 5124 1833 5196 baptiza-

181 5220 313 5271 tum
343 5214 661 5289 imperator
690 5214 762 5273 de
813 5215 970 5273 fonte
1002 5214 1281 5287 suscepit,
1314 5214 1749 5288 promittentem
1779 5214 1832 5271 ei

1945 4763 2277 4833 interfecto,
2336 4762 2567 4833 Witigis
2601 4777 2838 4833 regnum
2872 4764 3000 4833 ejus
3053 4764 3284 4839 invasit,
3320 4771 3423 4825 sed
3452 4787 3590 4830 euu-

1943 4854 2073 4911 dem
2102 4856 2337 4925 captum
2369 4851 2674 4909 Bilisarius
2699 4853 3255 4926 Constantinopolim
3288 4860 3581 4930 perduxit.

1942 4943 2028 5014 (P.
2058 4943 2122 4998 D.
2158 4957 2197 5011 ῐ,
2229 4940 2344 5012 25.)
2393 4940 2516 4996 Alia
2550 4955 2780 5012 quoque
2811 4941 3011 5013 praelia
3045 4944 3224 5001 multa
3272 4947 3420 5004 idem
3454 4951 3587 5008 Bili-

1941 5031 2132 5089 sarius
2163 5028 2254 5063 ¹⁰²¹
2276 5029 2587 5101 commisit,
2614 5030 2945 5103 multasque
2977 5037 3181 5103 gentes
3201 5035 3471 5094 bellando
3490 5039 3587 5097 de-

1942 5122 2117 5187 vicit;
2148 5120 2301 5178 unde
2331 5125 2392 5177 et
2445 5123 2690 5191 propter
2748 5120 2961 5178 multas
3019 5122 3299 5181 victorias
3354 5126 3585 5186 diversa

1947 5210 2255 5286 agnomina
2284 5209 2522 5281 meruit,
2571 5208 2652 5267 ita
2684 5214 2751 5267 ut
2780 5215 3097 5271 vocaretur
3154 5213 3585 5291 Alamannicus,

1545 5389 1783 5448 VARIE
1822 5385 2221 5445 LECTIONES.

260 5517 601 5594 ‘9°'f_olium
626 5519 696 5577 in
721 5516 844 5577 cod.
904 5523 962 5576 1.
1001 5516 1267 5576 excisam
1311 5517 1415 5594 est.
1498 5515 1591 5551 ίοοθ
1620 5515 1827 5594 divino
1863 5512 2158 5594 vinc‘djcte
2185 5515 2263 5573 9°.
2348 5511 2440 5594 ίῗίο
2456 5515 2833 5594 comparavit
2858 5514 2909 5594 4.
2943 5518 3021 5594 9°.
3048 5511 3199 5594 _1°“
3231 5526 3358 5594 A523.
3395 5520 3445 5578 4.
3478 5518 3591 5594 qui

182 5592 330 5651 inde
354 5586 424 5649 ᾱὸ
446 5594 661 5663 α.β2ο.
680 5622 751 5632 -
773 5594 905 5648 527.
932 5590 1555 5663 nmummjorm
1578 5588 1840 5663 ambibat.
1884 5660 1893 5663 _
1921 5588 2071 5663 191’].
2109 5601 2256 5663 papa
2289 5586 2389 5661 qui
2415 5591 2473 5645 et
2494 5586 2664 5663 ,πμ-Β.
2744 5587 2836 5663 ξῗξῗ
2859 5589 3023 5663 deest
3048 5588 3090 5646 E
3122 5595 3195 5663 1.,
3226 5591 3314 5627 ¹⁰¹⁶
3345 5586 3505 5652 Ηωό
3526 5604 3586 5653 α.

186 5664 409 5735 δ2δηΕ.
493 5661 649 5735 ²⁰¹⁸1¹.
683 5666 775 5721 est
802 5664 886 5719 9°.
964 5659 1055 5696 ¹⁰¹⁶
1073 5659 1296 5721 deum
1324 5659 1375 5719 12
1454 5659 1545 5697 ¹⁰¹⁷
1575 5662 1643 5721 R.
1677 5661 1856 5735 igitur
1879 5660 1916 5718 i.
1942 5662 1986 5720 Ε
2008 5667 2055 5718 1.

186 5732 281 5769 ⁸ου
312 5734 413 5795 Mc
436 5734 638 5808 vergit
660 5738 709 5790 1.

2134 5657 2673 5732 “'“transgularia.
2750 5657 3114 5718 ‘°1°deest9°.
3183 5662 3275 5698 ¹⁰¹⁰
3296 5666 3507 5722 ibidem
3533 5668 3586 5722 δ.
