3946 6444
339 444 457 512 ⁸783

1505 436 1987 506 EKKEHARDI
2032 431 2589 505 URAUGIENSIS

3639 428 3754 498 784

343 580 643 652 Gothicus,
675 578 1009 651 Francicus,
1061 578 1456 651 Germanicus,
1496 579 1792 651 Alanicus,
1828 580 1996 637 Wan-
2022 581 2081 641 A
2110 578 2200 637 hic
2232 577 2517 636 habitare.
2544 598 2573 632 ιθ
2624 576 2878 633 Veniens
2911 582 3103 632 autem
3137 580 3373 632 sanctus
3406 570 3755 631 Benedictus

342 671 583 741 dalicus,
613 670 937 727 Africanus.
968 670 1223 739 Magnam
1250 684 1480 740 quoque
1528 669 1775 739 gloriam
1808 673 1869 724 et
1896 669 1996 725 ho-

341 774 540 816 norem
565 759 717 831 apud
747 760 1158 830 imperatorem
1186 763 1245 813 et
1278 772 1478 814 omnes
1511 758 1826 829 optimates
1848 757 1996 814 obti-

341 848 488 904 nuit.
518 847 746 916 (ΗΛη.)
772 846 1033 911 Quicum
1075 847 1271 902 Romae
1311 850 1662 917 moraretur,
1696 846 1995 902 Theodora

342 940 589 1007 augusta
623 935 675 990 ei
710 934 1103 1005 demandavit,
1139 940 1204 991 ut
1234 934 1541 990 Silverium
1575 950 1800 1007 papam,
1831 933 1999 991 falso-

342 1040 466 1082 rum
502 1024 741 1081 testium
789 1024 1165 1079 accusatione
1224 1024 1576 1094 convictum,
1640 1023 1905 1080 truderet
1939 1022 1996 1079 in

341 1114 599 1183 exilium,
635 1127 703 1168 eo
732 1112 884 1183 quod
933 1113 1294 1184 Anthimum;
1312 1112 1634 1168 hereticum
1669 1111 1999 1169 Constanti-

343 1202 745 1274 nOpolitanum
788 1201 1148 1272 episcopum,
1182 1216 1350 1271 quem
1407 1201 1691 1271 Agapitus
1725 1215 1871 1272 papa
1902 1214 1999 1255 ex-

340 1290 812 1358 eommunicavit,
861 1289 1172 1345 absolvere
1222 1288 1523 1345 noluisset.
1584 1289 1749 1356 Quod
1800 1288 1999 1345 Bilisa-

341 1380 482 1450 rius,
509 1379 642 1434 licet
670 1378 897 1448 nolens,
922 1378 1136 1449 cll'ccit,
1176 1392 1426 1449 eumque
1448 1379 1517 1434 ad
1543 1379 1883 1435 Pontianam
1916 1378 1999 1433 iu-

339 1468 527 1524 sulam
559 1466 843 1536 exiliavit,
906 1467 1000 1522 ubi
1034 1472 1094 1521 et
1124 1467 1297 1522 obiit.
1355 1466 1634 1523 Similiter
1661 1471 1722 1523 et
1752 1467 2000 1537 Vigilius

339 1571 509 1628 papa,
546 1570 857 1611 successor
888 1555 1038 1625 ejus,
1073 1569 1248 1611 causa
1282 1555 1545 1624 ejusdem
1580 1555 1998 1626 indignationis

338 1660 445 1715 per
464 1644 798 1700 Anthimum
819 1644 1147 1699 scribonem
1172 1644 1735 1716 Constantinopolim
1758 1644 1993 1715 ductus,

339 1733 473 1789 inde
504 1734 558 1789 in
616 1733 854 1789 exilium
902 1736 994 1787 est
1053 1732 1268 1788 missus
1300 1733 1390 1803 (P.
1431 1735 1500 1788 D.
1542 1733 1588 1788 Ζ.
1628 1734 1703 1797 ι.)
1740 1734 1856 1789 Sub
1886 1734 1996 1789 hoc

341 1838 491 1897 papa
542 1824 754 1894 Vigilio
807 1826 1018 1879 Arator
1076 1823 1474 1880 subdiaconus
1522 1826 1718 1881 Romae
1774 1825 1990 1895 ﬂoruit,

339 1918 637 1983 Actusque
670 1910 1072 1984 apostolorum
1105 1911 1376 1967 versibus
1408 1913 1666 1984 scripsit.

410 2002 509 2057 His
542 2015 774 2071 quoque
821 2000 1189 2071 temporibus
1222 1999 1608 2058 Cassiodorus
1650 2003 1845 2057 Romae
1875 2006 1994 2057 tam

338 2090 591 2147 seculari
627 2104 796 2160 quam
819 2088 1010 2144 divina
1037 2089 1281 2144 scientia
1312 2089 1547 2161 claruit,
1574 2090 1671 2161 qui
1697 2090 1850 2145 inter
1882 2089 1994 2146 alia

339 2178 487 2234 bona
522 2190 649 2247 quae
675 2175 911 2246 scripsit
938 2174 1290 2246 psalmorum
1320 2166 1553 2233 secreta
1577 2178 1795 2249 optime
1820 2178 1997 2233 inter-

338 2270 608 2339 pretatus
641 2269 751 2321 est.
786 2266 904 2321 Iste
924 2272 1094 2320 antea
1118 2265 1324 2321 consul
1346 2266 1476 2336 fuit,
1504 2265 1711 2322 deinde
1735 2271 1991 2338 senator,

336 2355 409 2411 ad
442 2355 710 2410 ultimum
743 2352 1081 2409 monachus.

409 2445 525 2498 Hoc
555 2442 730 2498 etiam
764 2446 1025 2513 tempore
1058 2442 1350 2499 Dionisius
1408 2444 1590 2499 abbas
1626 2443 1681 2499 in
1738 2446 1995 2501 Romana

338 2534 480 2589 urbe
500 2532 751 2603 positus,
774 2530 974 2602 cyclos
995 2530 1300 2601 paschales
1321 2532 1618 2603 sapienter
1630 2534 1993 2605 composuit;

332 2623 433 2678 sed
464 2626 526 2676 et
577 2620 915 2676 Priscianus
961 2620 1338 2677 Czcsaricnsis
1397 2621 1741 2691 profundum
1771 2636 1995 2692 grama-

335 2712 466 2767 tica)
496 2709 821 2779 inquisivit.

407 2800 516 2870 (la.
554 2815 613 2869 η,
656 2800 748 2870 9.)
800 2798 959 2854 Felix
990 2813 1221 2869 quoque
1271 2799 1660 2857 Tharvisianaa
1708 2799 1991 2857 azcclesiae

333 2885 533 2958 presul
562 2891 621 2940 et
670 2886 1030 2940 Fortunatus
1078 2884 1519 2955 condiscipulus
1574 2887 1701 2957 ejus
1731 2887 1987 2944 fuerunt.

330 2976 434 3032 Hic
466 2976 827 3031 Fortunatus
872 2973 978 3029 fuit
1013 2973 1084 3027 dc
1115 2972 1245 3029 loco
1270 2974 1365 3043 qui
1398 2972 1615 3030 dicitur
1643 2975 1987 3049 Duplabilis,

331 3078 443 3119 non
474 3063 647 3131 longe
677 3076 707 3118 a
736 3061 1060 3128 Tharvisio,
1086 3061 1463 3130 gramaticam
1491 3077 1631 3119 vero
1659 3068 1721 3119 et
1741 3064 1994 3121 rethori-

328 3166 454 3208 cam
509 3150 716 3206 didicit
770 3148 925 3220 apud
984 3150 1333 3205 Ravennam.
1398 3150 1668 3217 Quicum
1728 3152 1987 3209 dolorem

328 3244 638 3312 pateretur
695 3237 978 3307 dentium,
1033 3237 1320 3309 simulque
1376 3239 1570 3296 socius
1624 3240 1750 3311 ejus
1806 3242 1985 3312 Felix,

330 3329 601 3385 abierunt
635 3327 803 3383 ambo
836 3326 905 3381 ad
958 3327 1284 3382 zecclesiam
1315 3333 1649 3384 sanctorum
1712 3330 1991 3388 Johannis

329 3423 390 3473 et
419 3417 602 3487 Pauli,
655 3431 781 3486 qua:
811 3420 903 3470 est
962 3414 1018 3471 in
1048 3415 1249 3472 eadem
1311 3417 1551 3474 civitate
1608 3419 1897 3491 Ravenna,
1932 3420 1986 3476 in

330 3520 442 3577 qua
474 3512 566 3561 est
595 3510 655 3561 et
697 3504 883 3560 altare
916 3505 1100 3561 sancti
1133 3506 1381 3567 Martini.
1426 3507 1590 3575 juxta
1651 3509 1805 3579 quod
1839 3511 1990 3566 teneo

329 3599 451 3650 stra
474 3598 583 3663 est,
611 3593 663 3647 in
691 3607 801 3662 qua
836 3592 1070 3649 lucerna
1106 3594 1241 3665 poni
1289 3594 1537 3665 solebat,
1560 3596 1629 3651 de
1660 3596 1827 3666 cujus
1856 3597 1989 3654 oleo

328 3696 508 3753 super
538 3680 743 3737 oculos
780 3696 919 3737 suos
945 3687 1293 3752 posuerunt,
1320 3688 1378 3737 et
1422 3683 1729 3740 sanitatem
1754 3700 1990 3758 recepe-

328 3776 485 3826 runt.
524 3772 635 3825 Pro
669 3786 778 3840 qua
813 3785 987 3825 causa
1022 3772 1379 3827 Fortunatus
1413 3772 1647 3829 beatum
1681 3775 1986 3832 Martinam

327 3859 383 3914 in
417 3862 642 3915 tantum
678 3858 907 3928 dilexit,
944 3863 1001 3914 ut
1042 3859 1286 3930 patriam
1331 3860 1656 3932 dimittens,
1692 3864 1760 3919 ad
1797 3864 1988 3936 sepul-

325 3948 525 4004 chrum
551 3946 677 4017 ejus
698 3949 988 4004 Turonum
1014 3949 1262 4018 veniret,
1286 3954 1596 4019 antequam
1621 3952 1987 4023 Longobardi

325 4036 548 4093 italiam
585 4038 905 4103 intrarent;
954 4037 1203 4108 indeque
1253 4038 1570 4095 Pictavium
1604 4042 1852 4099 tendens
1883 4045 1990 4099 ibi-

325 4141 437 4197 que
488 4140 744 4195 manens,
802 4125 1014 4183 multas
1072 4128 1381 4197 passiones
1435 4136 1800 4203 sanctorum,
1843 4133 1987 4191 alias

324 4230 429 4286 per
464 4214 856 4285 versus,alias
880 4231 983 4287 per
1014 4232 1224 4287 prosas
1254 4219 1612 4289 composuit,
1652 4220 1850 4292 ibique
1871 4224 1987 4294 pri-

324 4318 478 4361 mum
514 4304 827 4376 presbiter,
863 4312 1060 4376 postea
1085 4307 1399 4380 episcopus
1434 4309 1623 4366 factus
1651 4316 1763 4366 est.

393 4393 567 4465 (13.1,
598 4395 724 4465 26.)
749 4394 982 4449 Hisdem
1018 4398 1384 4467 temporibus
1422 4402 1663 4455 sanctus
1694 4404 1863 4471 pater
1895 4400 1986 4435 ¹⁰²²

323 4480 685 4538 Benedictus
710 4487 840 4553 post
864 4483 1264 4541 heremiticam
1291 4486 1491 4557 vitam,
1533 4502 1704 4558 quam
1728 4489 1893 4547 duxit
1927 4492 1982 4548 in

321 4570 453 4628 loco
476 4573 571 4628 cui
596 4571 882 4628 Sublacus
917 4573 1263 4629 vocabulum
1288 4580 1400 4646 est,
1430 4576 1485 4631 in
1510 4582 1705 4633 monte
1739 4578 1983 4637 Cassino

2022 1941 2080 2002 B

2109 669 2166 725 in
2196 669 2589 726 summitatem
2611 667 2845 737 montis,
2869 666 2923 722 in
2941 680 3143 737 magna
3167 680 3230 722 se
3254 664 3610 723 constrinxit
3627 665 3758 720 abs-

2108 758 2387 824 tinentia;
2425 758 2697 828 factoque
2739 756 3112 827 monasterio,
3148 754 3433 810 habitavit
3465 753 3565 825 ibi,
3599 753 3754 810 sicut

2108 846 2161 901 in
2197 846 2428 917 dialogo
2458 849 2539 918 (ιι,
2573 848 2625 919 1)
2659 846 2892 917 legitur.

2179 934 2279 1003 (Η.
2312 939 2416 1008 m.)
2450 938 2569 992 Hoc
2615 934 2823 991 eodem
2858 939 3120 1006 tempore
3152 947 3297 1003 gens
3354 931 3753 1002 Longobardo-

2107 1038 2253 1094 rum,
2291 1025 2472 1081 amica
2500 1027 2642 1081 tunc
2672 1025 2931 1079 Romano
2978 1021 3211 1094 populo,
3248 1021 3302 1076 in
3330 1021 3617 1079 Pannonia
3656 1022 3755 1077 ha-

2107 1113 2354 1183 bitabat,
2379 1113 2472 1170 cui
2494 1120 2635 1170 tunc
2667 1114 2725 1169 in
2758 1112 2919 1182 regni
2955 1110 3350 1181 gubernaculo
3382 1110 3601 1166 Audoin
3631 1125 3757 1182 pre-

2106 1206 2256 1272 erat,
2288 1202 2563 1273 omnique
2594 1206 2879 1273 tempore,
2917 1215 3032 1271 quo
3066 1199 3421 1269 Longobardi
3453 1199 3508 1255 in
3538 1200 3761 1255 Panno-

2107 1290 2198 1346 nia
2216 1290 2858 1360 habitabant,Romanae
2875 1290 2957 1345 rei
2973 1288 3756 1361 publicwadversusemulos

2108 1379 2410 1449 adjutores
2432 1384 2619 1435 erant.
2655 1378 2818 1435 Unde
2846 1384 2906 1433 et
2937 1378 3163 1447 Alboin,
3200 1377 3447 1434 Audoini
3474 1376 3639 1447 Illius,
3665 1393 3753 1433 ro-

2104 1472 2279 1538 gatus
2312 1482 2342 1523 a
2368 1469 2631 1539 Narsctc,
2658 1482 2828 1538 quem
2850 1467 3216 1524 Justinianus
3239 1466 3547 1523 exarcbum
3572 1466 3751 1523 Italiae

2109 1557 2247 1613 fecit
2275 1562 2332 1613 et
2363 1558 2417 1612 in
2452 1557 2847 1613 defensionem
2867 1557 3253 1613 Romanorum
3277 1560 3477 1611 contra
3510 1555 3748 1611 Totilam

2107 1646 2423 1703 Gothorum
2450 1661 2640 1716 regem
2671 1645 2907 1716 direxit,
2946 1644 3194 1701 validam
3230 1646 3281 1700 ei
3316 1660 3539 1701 manum
3574 1644 3627 1699 in
3656 1658 3747 1701 au-

2107 1734 2310 1791 xilium
2344 1735 2524 1805 misit,
2560 1749 2675 1805 qua
2708 1735 2891 1791 fretus
2914 1736 3147 1805 Narses,
3178 1733 3418 1790 Totilam
3442 1733 3599 1805 vicit,
3633 1749 3750 1790 om~

2107 1837 2355 1894 nemque
2378 1822 2604 1879 Italiam
2627 1837 2658 1879 a
2676 1827 2971 1895 potestate
2997 1823 3315 1880 Gothorum
3334 1822 3574 1879 liberam
3596 1821 3754 1878 dein-

2108 1926 2248 1983 ceps
2283 1911 2441 1967 fecit.

2182 2000 2484 2057 Bilisarius
2518 2006 2711 2058 autem
2737 2001 3022 2073 patricius
3050 2004 3364 2057 accusatus
3395 1998 3546 2072 apud
3580 2000 3757 2073 impe-

2108 2094 2383 2160 ratorem,
2421 2091 2575 2161 quod
2607 2091 2894 2147 adversus
2923 2105 3051 2147 eum
3089 2090 3508 2162 conspirasset,
3546 2090 3756 2145 ablatis

2107 2179 2397 2249 omnibus,
2451 2179 2663 2235 missus
2709 2183 2801 2235 est
2833 2179 2890 2235 in
2919 2179 3279 2245 custodiam;
3332 2178 3433 2235 sed
3467 2184 3598 2250 post
3645 2193 3754 2234 non

2108 2267 2353 2324 multum
2390 2272 2621 2340 tempus
2649 2268 2947 2339 dimissus,
2984 2268 3173 2325 omnia
3207 2269 3446 2340 recepit.

2175 2355 2541 2413 Justinianus
2564 2371 2703 2413 vero
2726 2358 3045 2428 imperator
3068 2361 3374 2428 postquam
3401 2359 3469 2412 38
3486 2355 3647 2412 annis
3667 2353 3758 2388 1°”

2107 2444 2395 2515 regnavit,
2427 2445 2606 2501 rebus
2639 2444 2902 2502 humanis
2934 2445 3211 2502 excessit.

2107 2533 2253 2589 Anni
2284 2534 2617 2589 Iustiniani.

2177 2620 2278 2691 (H.
2309 2621 2410 2695 νη.)
2444 2624 2639 2679 Primo
2668 2623 2845 2695 hujus
2868 2638 3017 2679 anno
3046 2623 3264 2680 missus
3309 2626 3511 2680 contra
3540 2624 3755 2679 Persas

2103 2708 2411 2768 Bilisarius
2441 2712 2728 2783 patricius
2760 2713 2984 2783 magnis
3013 2726 3115 2769 eos
3144 2712 3363 2784 praeliis
3389 2712 3558 2784 fudit,
3592 2715 3648 2767 ct
3678 2725 3753 2767 ex

2100 2798 2406 2857 voluntate
2455 2802 2735 2874 principis
2771 2801 3328 2873 Constantinopolim
3384 2800 3749 2873 triumphans

2104 2886 2365 2945 intravit.

2172 2983 2223 3035 2.
2257 2982 2301 3034 A
2334 2980 2396 3035 D.
2430 2984 2552 3036 528.
2602 2982 2974 3038 Terremotus
3023 2995 3265 3051 magnus
3318 2979 3639 3037 Antiochia)
3669 2979 3747 3037 fa-

2099 3072 2233 3124 ctus
2261 3072 2369 3124 est.

2172 3162 2222 3212 3.
2250 3159 2315 3214 Α.
2341 3159 2405 3214 Ι).
2429 3161 2550 3213 529.
2575 3159 2940 3216 Justinianus
2958 3159 3306 3217 sententiam
3330 3159 3740 3232 promulgavit,

2102 3259 2172 3301 ne
2196 3244 2518 3302 militarent
2539 3249 2746 3319 pagani
2770 3249 2862 3305 vel
2887 3249 3149 3321 heretici,
3176 3249 3322 3306 dans
3345 3249 3428 3305 illi
3451 3253 3574 3306 tres
3596 3264 3747 3305 men-

2102 3349 2199 3391 ses
2230 3333 2299 3390 ad
2335 3334 2600 3392 inducias
2632 3339 3052 3396 conversionis.

2171 3428 2223 3478 6.
2259 3423 2424 3494 (ϐΙιν.
2483 3425 2587 3492 W.)
2614 3428 2685 3481 A.
2717 3429 2787 3482 D.
2846 3432 2975 3484 532.
3013 3428 3304 3485 Dionisius
3336 3428 3518 3484 abbas
3546 3428 3743 3484 Roma-

2100 3527 2210 3568 nus
2242 3513 2545 3584 paschales
2576 3515 2775 3585 cyclos
2807 3520 2879 3572 ab
2922 3518 3031 3575 hoc
3063 3517 3356 3573 inchoavit
3387 3532 3561 3573 anno.

2171 3605 2230 3658 8.
2264 3602 2371 3674 (Η.
2393 3605 2506 3666 m.)
2529 3606 2573 3658 A
2622 3606 2692 3660 D.
2714 3609 2843 3661 534.
2871 3607 2932 3661 In
2959 3606 3360 3678 Pompeiopoli
3391 3607 3580 3676 Misyaa
3610 3605 3752 3661 civi-

2100 3696 2223 3746 tate
2247 3692 2427 3748 scissa
2450 3696 2541 3748 est
2567 3697 2725 3749 terra
2743 3699 3135 3767 aterremotu,
3153 3700 3210 3751 et
3231 3697 3505 3753 obrutum
3529 3699 3748 3751 estme-

2100 3779 2257 3835 dium
2289 3780 2549 3837 civitatis
2588 3798 2721 3839 cum
2752 3784 3209 3855 habitatoribus,
3258 3789 3315 3841 et
3346 3799 3518 3841 voces
3547 3799 3745 3840 eorum

2101 3868 2318 3925 auditae
2341 3874 2476 3925 sunt
2491 3870 2564 3926 de
2578 3872 2790 3929 subtus
2804 3877 2956 3928 terra
2983 3873 3377 3946 clamantium,
3403 3879 3467 3930 ut
3486 3873 3595 3931 sibi
3619 3888 3747 3930 suc-

2099 3964 2475 4028 curreretur;
2506 3964 2563 4015 et
2610 3961 2929 4033 imperator
2960 3964 3032 4020 ad
3064 3963 3399 4021 educendos
3428 3979 3532 4021 eos
3566 3962 3741 4020 multa

2102 4046 2359 4117 donavit,
2387 4047 2769 4122 viventesque
2792 4051 3118 4110 liberaliter
3136 4053 3423 4111 liberavit.
3446 4086 3514 4094 —
3534 4053 3743 4110 Eodem

2100 4152 2249 4194 anno
2274 4138 2895 4199 tradiditJustinianus
2915 4144 2984 4200 ad
3012 4143 3369 4215 psallendum
3385 4144 3667 4201 :ecclesiae
3683 4142 3751 4199 il-

2099 4224 2196 4283 lud
2213 4226 2367 4298 quod
2386 4228 2643 4286 canitur:
2664 4231 2815 4303 Um‘g
2826 4232 3024 4289 enitus
3036 4232 3235 4291 Filius
3247 4234 3307 4289 et
3344 4232 3588 4290 Verbum
3600 4233 3736 4291 Dei.

2174 4320 2264 4373 10.
2288 4317 2359 4371 A.
2389 4318 2462 4372 D.
2491 4320 2619 4373 536.
2652 4319 2936 4377 Silverius
2958 4336 3104 4393 papa
3137 4325 3264 4378 60us
3294 4322 3448 4379 sedit
3478 4336 3661 4379 annos
3689 4325 3739 4393 2,

2098 4404 2247 4461 obiit
2280 4410 2343 4461 12
2372 4406 2504 4463 Kal.
2536 4408 2698 4463 Julii.

2168 4498 2226 4551 11
2295 4496 2366 4550 Α.
2397 4497 2466 4552 D.
2495 4502 2626 4553 537.
2674 4498 3086 4571 Theodericus,
3119 4500 3273 4558 ﬁlius
3305 4500 3600 4571 Clodovei,
3636 4500 3747 4555 fra-

2100 4586 2191 4638 ter
2214 4583 2490 4655 l.otbarii,
2515 4586 2662 4642 obiit
2686 4601 2834 4643 anno
2856 4588 3018 4657 regni
3055 4590 3141 4646 sui
3174 4594 3290 4661 23°,
3318 4589 3654 4661 relinquens
3688 4587 3747 4643 fl-

320 4660 589 4718 doctrina
643 4665 723 4750 et
755 4661 1054 4718 miraculis
1086 4662 1320 4719 claruit.
1383 4665 1508 4732 Quo
1544 4681 1675 4721 cum
1734 4668 1983 4738 primum
2014 4658 2069 4718 D
2101 4670 2240 4728 lium
2267 4673 2731 4732 Theodebertum
2762 4676 2857 4746 (cf.
2894 4675 2963 4734 θ.
2988 4678 3147 4750 Fax).

319 4750 612 4821 tenderet,
646 4749 849 4806 relicta
888 4750 1081 4821 priore
1115 4751 1483 4809 habitatione
1537 4768 1612 4810 ex
1645 4756 1838 4813 divina
1866 4759 1985 4829 jus.

317 4840 503 4910 sione,
532 4844 657 4895 tres
683 4839 865 4910 corvi,
889 4854 1033 4909 quos
1063 4840 1310 4897 cottidie
1333 4843 1656 4913 nutriebat,
1693 4862 1875 4919 prope
1904 4849 1987 4921 ip-

317 4942 442 4985 sum
476 4943 712 4999 semper
735 4928 990 4985 volando
1025 4929 1211 4985 secuti
1236 4937 1375 4987 sunt
1397 4945 1551 5003 eum,
1584 4938 1644 4990 ut
1680 4935 1735 4991 in
1769 4938 1988 5008 Longo-

317 5017 632 5075 bardorum
667 5017 926 5088 hystoria
988 5017 1295 5075 scribitur.
1335 5021 1593 5092 Cumque
1649 5026 1875 5083 veniret
1909 5028 1983 5084 ad

316 5106 606 5176 quoddam
635 5105 873 5175 bivium,
894 5104 1010 5162 duo
1029 5106 1221 5175 angeli
1243 5111 1602 5180 apparebant
1625 5117 1683 5169 et
1705 5114 1759 5170 in
1784 5116 1982 5187 specie

317 5192 567 5251 duorum
593 5193 895 5265 juvenum,
948 5194 1331 5252 ostendentes
1362 5198 1434 5267 ei,
1472 5214 1576 5271 per
1628 5216 1797 5271 quam
1829 5205 1982 5263 viam

317 5281 401 5338 ire
428 5282 693 5339 deberet.
733 5284 791 5339 In
830 5283 959 5341 loco
990 5289 1186 5341 autem
1218 5286 1342 5358 ipso
1376 5288 1609 5357 quidam
1640 5292 1739 5346 Dei
1774 5309 1982 5351 servus

316 5368 642 5442 habitabat,
675 5372 771 5428 cui
805 5388 915 5429 vox
948 5373 1019 5429 de
1050 5373 1196 5430 czelo
1246 5375 1480 5433 dicebat
1507 5396 1518 5430 :
1568 5378 1691 5437 Hi8
1712 5381 1779 5438 tu
1799 5395 1982 5453 parca

316 5456 481 5529 locis,
514 5461 672 5517 alter
722 5463 954 5521 amicus
983 5463 1171 5520 adest.
1215 5462 1378 5531 Quod
1409 5466 1676 5539 apertius
1708 5468 1928 5527 dicitur
1962 5490 1975 5525 :

319 5569 345 5598 σι
375 5547 595 5621 Amice,
622 5549 715 5607 exi
766 5549 837 5607 de
874 5549 1004 5609 loco
1029 5553 1164 5625 isto,
1198 5554 1330 5635 quia
1364 5554 1516 5612 alter
1548 5554 1773 5615 amicus
1801 5559 1978 5617 debet

2169 4765 2262 4817 12.
2305 4764 2375 4818 A.
2406 4763 2477 4818 D.
2510 4768 2640 4820 538.
2671 4764 2917 4835 Vigilius
2945 4781 3090 4837 papa
3116 4770 3242 4821 61ml
3265 4764 3417 4821 sedit
3452 4766 3620 4823 annis
3649 4768 3742 4824 14.

2168 4855 2263 4906 12.
2296 4850 2405 4919 (Η.
2434 4852 2551 4921 m.)
2575 4854 2644 4909 A.
2673 4853 2744 4907 D.
2765 4856 2895 4908 539.
2920 4851 3163 4908 Mundus
3184 4851 3415 4922 quidam
3439 4866 3512 4906 ex
3532 4867 3750 4922 genere

2096 4938 2447 5009 Cepidarum
2479 4940 2741 4997 sociatus
2770 4945 2857 4996 est
2889 4939 3188 4996 Romanis.

2167 5027 2313 5083 Anni
2348 5028 2421 5084 ab
2451 5027 2628 5083 inicio
2662 5028 2856 5085 mundi
2892 5030 3047 5083 4500.

2166 5121 2259 5173 15.
2290 5118 2363 5171 Α.
2391 5117 2463 5172 D.
2504 5118 2635 5172 541.
2666 5116 2954 5187 Ypapanti
2978 5116 3200 5174 Domini
3223 5118 3472 5191 sumpsit
3505 5118 3738 5177 inicium

2095 5210 2159 5261 ut
2189 5204 2595 5262 celebraretur
2616 5204 2770 5276 apud
2793 5204 3141 5280 Bizantium,
3166 5223 3297 5267 cum
3316 5212 3475 5267 esset
3501 5224 3571 5268 eo
3593 5224 3742 5267 anno

2092 5292 2172 5351 ibi
2205 5308 2409 5364 magna
2441 5292 2796 5351 mortalitas.

2163 5386 2259 5440 17.
2284 5387 2356 5439 Α.
2388 5384 2459 5438 D.
2490 5385 2619 5439 543.
2656 5385 2868 5443 Factus
2899 5391 2993 5444 est
3026 5393 3383 5447 tcrremotus
3414 5404 3656 5461 magnus
3684 5388 3739 5445 in

2091 5469 2367 5528 universo
2400 5471 2645 5541 mundo;
2679 5476 3003 5549 eodemque
3036 5492 3185 5537 anno
3206 5478 3481 5554 apparuit
3512 5478 3739 5551 quidam

2088 5574 2162 5617 ex
2193 5560 2747 5641 regioneltalorum,
2763 5566 2997 5626 nomine
3012 5568 3297 5645 Andreas,
3320 5582 3425 5645 per
3436 5567 3609 5628 villas
3631 5566 3743 5628 dis-

1686 5682 1921 5744 νΑΙῖΙίΕ
1964 5685 2364 5751 LECTIONES.

393 5742 484 5791 ⁸ου
514 5761 570 5827 p.
607 5751 812 5808 noster
843 5747 924 5815 ιδ.
1004 5746 1098 5788 ⁸⁸³³
1128 5748 1294 5812 dam
1320 5756 1372 5814 1.
