3946 6428
299 431 418 498 ’789
1183 428 1622 496 CHRONICA.
1658 459 1736 474 -
1768 420 2250 490 CHRONICON
2292 424 2840 494 UNIVERSALE.
3591 426 3716 492 790

303 566 554 628 ϐοάθοοο
608 564 733 636 QUO
784 567 1036 638 ωονιιιο,
1089 563 1242 624 ﬁlius
1273 565 1398 639 eius
1427 563 1644 638 CalPhO
1683 560 1947 634 l‘egmtvit
1980 561 2031 621 A
2067 568 2198 628 dum
2219 565 2454 626 brachia
2475 567 3224 642 extenderent,crudeliter
3241 567 3312 626 ab
3331 565 3603 626 hostibus
3618 580 3712 624 ce-

305 663 526 718 sextus.
578 659 647 715 Et
695 657 807 715 isto
859 661 1112 726 mortuo,
1159 657 1426 727 regnavit
1459 655 1744 728 septimus
1771 651 1944 709 Tado.

303 749 442 804 Post
473 748 592 804 meo
623 747 844 819 egressi
880 745 1240 816 Longobardi
1273 745 1344 802 de
1373 745 1667 815 Rugilant,
1703 757 1830 814 quae
1853 743 1952 798 La-

301 837 426 893 tino
455 836 690 908 eloquio
721 839 1016 906 Rugorum
1047 836 1232 908 patria
1265 835 1504 905 dicitur,
1539 834 1948 890 habitaverunt

303 927 361 983 in
384 927 607 998 apertis
636 927 875 998 campis,
909 924 1005 997 qui
1029 940 1293 982 sermone
1324 924 1628 982 barbarico
1659 919 1955 994 appellan-

304 1019 406 1072 tur
438 1015 559 1072 felt.
604 1017 665 1071 In
697 1031 812 1086 quo
844 1013 971 1071 loco
1001 1015 1137 1071 dum
1171 1029 1274 1086 per
1308 1018 1433 1070 tres
1475 1028 1656 1068 annos
1700 1011 1953 1068 habitas-

307 1107 464 1174 sent,
501 1119 690 1176 pugna
723 1103 983 1160 surrexit
1013 1103 1166 1161 inter
1193 1103 1478 1160 Tadonem
1510 1106 1571 1158 et
1602 1100 1949 1158 Ruodolfum

307 1206 500 1262 regem
534 1193 900 1262 Herulorum,
936 1193 1032 1264 qui
1069 1192 1231 1264 prius
1262 1191 1427 1248 amici
1463 1192 1723 1252 fuerunt;
1755 1192 1816 1245 et
1845 1189 1952 1244 hoc

309 1282 416 1338 fuit
448 1281 682 1352 malum,
718 1281 868 1338 unde
901 1281 956 1337 in
988 1295 1089 1337 eos
1121 1280 1409 1336 discordia
1449 1278 1707 1336 intravit.
1751 1279 1953 1334 Frater

308 1369 575 1426 Ruodolfi
603 1370 759 1440 regis
779 1385 884 1442 pro
907 1385 1080 1427 causa
1104 1370 1264 1442 pacis
1287 1370 1354 1425 ad
1379 1369 1664 1424 Tadonem
1686 1370 1948 1436 venerat,

305 1461 362 1514 et
389 1473 518 1516 cum
543 1459 612 1516 ad
641 1473 802 1516 suam
829 1459 1072 1530 patriam
1101 1458 1314 1514 reverti
1339 1457 1537 1528 vellet,
1563 1462 1696 1512 ante
1720 1455 1950 1512 domum

303 1547 702 1619 Rumctrudaa,
739 1547 870 1606 ﬁliae
904 1547 1081 1617 regis,
1112 1547 1369 1604 transiit.
1403 1545 1504 1602 llla
1538 1560 1677 1602 vero
1709 1559 1838 1600 cum
1870 1543 1954 1600 vi-

309 1639 477 1698 deret
503 1640 718 1698 multos
740 1640 901 1697 viros
925 1639 1149 1698 nobiles
1171 1639 1254 1696 ire
1271 1653 1401 1698 cum
1423 1653 1514 1708 eo,
1539 1637 1948 1708 interrogavit,

309 1729 439 1799 quis
467 1733 649 1800 esset,
681 1729 1017 1800 dictumque
1039 1735 1132 1786 est
1155 1729 1259 1800 illi,
1289 1727 1445 1801 quod
1476 1729 1654 1784 frater
1681 1725 1948 1783 Ruodolfi

307 1818 466 1887 regis
499 1817 726 1875 fuisset.
759 1819 913 1874 Tunc
938 1818 1034 1873 illa
1059 1818 1218 1874 misit
1251 1817 1521 1888 puellam,
1555 1831 1682 1886 qua)
1709 1830 1839 1872 eum
1871 1813 1952 1868 iu-

2065 661 2372 718 debantur.
2415 661 2780 733 Longobardi
2817 663 3016 733 itaque
3047 660 3304 717 victores
3333 657 3546 728 effecti,
3579 671 3712 730 pre-

2065 749 2194 806 dam
2215 765 2476 821 magnam
2495 751 2650 807 inter
2665 766 2727 807 se
2742 751 3066 808 diviserunt
3083 766 3097 814 ;
3115 749 3269 805 Tado
3281 763 3420 805 vero
3433 745 3708 803 vexillum

2063 843 2124 894 et
2143 839 2368 909 galeam
2391 841 2655 898 Ruodolfl
2682 841 2837 910 regis
2861 839 3110 911 accepit,
3141 852 3310 910 quam
3335 841 3538 909 postea
3563 850 3711 892 sem-

2065 942 2170 998 per
2199 928 2252 985 in
2283 929 2438 986 bello
2479 929 2755 1001 portavit.
2791 931 2874 988 Ex
2914 927 3014 985 illo
3051 933 3319 999 tempore
3359 925 3704 984 Ilerulorum

2064 1017 2254 1073 virtus
2287 1019 2370 1075 sic
2401 1018 2701 1076 humiliata
2731 1023 2843 1085 est,
2878 1023 2941 1074 ut
2963 1031 3140 1089 super
3162 1031 3223 1074 se
3247 1030 3438 1084 regem
3462 1014 3710 1086 amplius

2065 1121 2178 1173 non
2201 1107 2270 1163 ba
2282 1111 2514 1175 berent;
2539 1108 2902 1179 Longobardi
2925 1123 3064 1164 vero
3086 1122 3158 1164 ex
3178 1108 3289 1162 hoc
3311 1105 3526 1162 divites
3548 1103 3708 1172 facti,

2061 1202 2370 1268 coeperunt
2401 1199 2472 1254 de
2508 1198 2738 1270 propria
2778 1197 3082 1255 voluntate
3116 1210 3338 1268 pugnas
3370 1207 3618 1265 querere
3647 1197 3706 1250 et

2060 1285 2307 1354 gloriam
2335 1287 2734 1358 virtutemque
2763 1303 2926 1344 suam
2956 1286 3173 1357 ubique
3199 1284 3534 1342 extendere.
3567 1283 3710 1338 Post

2063 1373 2183 1432 haec
2214 1376 2366 1432 Tado
2399 1376 2470 1432 de
2493 1391 2595 1433 sua
2628 1376 2875 1434 victoria
2908 1391 3019 1432 non
3053 1375 3296 1432 multum
3325 1374 3562 1429 laetatus
3583 1374 3706 1435 est;

2064 1479 2190 1520 nam
2223 1465 2394 1522 irruit
2429 1481 2604 1538 super
2634 1480 2765 1524 eum
2795 1467 3032 1537 Wacho,
3069 1464 3220 1520 illius
3253 1463 3456 1520 fratris
3485 1461 3574 1519 sui
3605 1462 3711 1516 Zu-

2061 1553 2333 1623 chilonis,
2364 1560 2423 1610 et
2450 1555 2668 1612 occidit
2703 1570 2861 1612 eum.
2907 1557 3062 1611 Tunc
3104 1553 3384 1620 Hildegis,
3432 1550 3586 1608 filius
3609 1552 3711 1606 Ta-

2064 1641 2250 1708 donis,
2286 1643 2563 1714 pugnavit
2585 1643 2869 1701 adversus
2887 1643 3260 1706 Wachonem,
3287 1639 3388 1698 sed
3412 1638 3551 1695 vicit
3575 1653 3705 1694 eum

2063 1731 2300 1788 Wacho.
2341 1732 2447 1799 Qui
2492 1733 2638 1803 fugit
2669 1733 2738 1789 ad
2773 1733 3041 1804 Gepidos,
3083 1735 3140 1787 et
3181 1731 3257 1787 ibi
3300 1733 3564 1785 mortuus
3593 1731 3702 1783 est.

2066 1819 2177 1874 Pro
2207 1835 2316 1891 qua
2344 1835 2515 1878 causa
2547 1821 2914 1891 Longobardi
2942 1835 3072 1877 cum
3099 1818 3338 1890 Gepidis
3366 1833 3438 1873 ex
3468 1831 3539 1873 eo
3565 1819 3712 1871 tem-

306 1905 544 1976 vitaret,
571 1911 632 1961 ut
655 1905 996 1976 dignaretur
1018 1922 1147 1963 cum
1170 1921 1236 1963 ea
1264 1906 1480 1962 bibere.
1508 1905 1612 1972 Qui
1639 1909 1704 1961 u't
1726 1904 1832 1960 hoc
1855 1919 1953 1960 au-
1979 1922 2036 1984 Β
2070 1921 2208 1976 pore
2259 1907 2546 1966 inimicias
2595 1909 2945 1966 habuerunt.
2998 1908 3209 1964 Habuit
3253 1910 3444 1963 autem
3493 1905 3708 1962 Wacho

306 1994 472 2065 divit,
503 2010 632 2052 cum
667 1995 914 2066 simplici
945 1995 1123 2051 corde
1152 1996 1328 2052 venit.
1364 1995 1475 2052 Sed
1505 1994 1635 2066 quia
1669 1993 1948 2049 modicam

306 2084 589 2136 staturam
615 2081 887 2151 babebat,
909 2081 1100 2152 puella
1124 2083 1375 2153 superba
1400 2085 1461 2138 et
1481 2080 1738 2151 gloriosa
1763 2079 1953 2149 despi-

307 2169 502 2224 ciebat
531 2183 659 2225 eum
684 2174 744 2225 et
764 2169 1088 2226 deridebat.
1123 2171 1226 2227 llle
1257 2174 1450 2226 autem
1475 2169 1646 2225 talem
1675 2183 1952 2224 verecun-

311 2257 462 2313 diam
505 2273 616 2314 non
660 2259 980 2328 sustinens,
1025 2260 1272 2330 amplius
1309 2274 1432 2315 eam
1475 2257 1799 2330 injuriavit.
1849 2256 1947 2312 [lla

307 2360 447 2402 vero
489 2359 729 2404 accensa
770 2346 853 2403 ira
899 2347 1163 2416 feminea,
1206 2347 1438 2418 malum,
1484 2349 1638 2417 quod
1670 2347 1724 2402 in
1759 2349 1949 2401 mente

309 2441 681 2506 conceperat,
725 2436 1060 2507 complevit.
1102 2437 1295 2492 Finxit
1324 2435 1476 2493 enim
1508 2451 1568 2492 se
1597 2451 1702 2508 per
1734 2434 1951 2507 patien-

307 2523 445 2579 tiam
493 2523 683 2580 lastam
729 2539 884 2593 esse,
917 2530 977 2581 et
1009 2525 1261 2581 invitans
1304 2540 1432 2580 cum
1485 2525 1554 2580 ad
1606 2523 1946 2592 sedendum,

305 2611 446 2668 fecit
477 2626 607 2668 eum
633 2612 690 2667 in
714 2612 819 2668 tali
841 2612 972 2669 loco
999 2615 1224 2683 sedere,
1258 2614 1354 2669 ubi
1387 2616 1641 2670 fenestra
1666 2617 1790 2669 erat
1819 2616 1948 2683 post

305 2700 543 2756 dorsum
576 2699 724 2770 ejus,
767 2705 827 2757 et
857 2715 928 2756 ne
961 2701 1057 2756 ille
1089 2700 1340 2771 aliquam
1382 2701 1772 2772 suspicionem
1817 2699 1948 2755 mali

302 2793 504 2860 posset
537 2789 772 2859 habere,
806 2803 1055 2861 pannum
1087 2790 1582 2862 preciosissimum
1607 2795 1742 2845 ante
1767 2790 1951 2845 fenes-

305 2885 453 2935 tram
482 2879 658 2951 jussit
689 2881 949 2951 tendere,
984 2881 1248 2952 dixitque
1273 2882 1470 2953 pueris
1493 2882 1634 2950 suis,
1670 2885 1732 2936 ut
1758 2882 1811 2936 in
1838 2895 1946 2952 qua

302 2968 442 3025 hora
471 2969 730 3025 diceret:
756 2970 959 3036 Misce,
989 2969 1070 3024 illi
1099 2984 1230 3026 eum
1253 2985 1280 3025 a
1307 2970 1482 3026 dorso
1513 2970 1732 3027 lanceis
1760 2975 1952 3026 trans-

306 3061 585 3114 forarent.
639 3059 849 3129 Sicque
893 3059 1103 3115 factum
1145 3064 1253 3114 est.
1305 3060 1468 3126 Quod
1499 3075 1628 3116 cum
1660 3059 1949 3115 Ruodolfo

306 3146 424 3217 regi
461 3145 796 3202 nunciatum
827 3153 1006 3217 esset,
1050 3147 1218 3203 nimis
1249 3147 1436 3204 iratus
1469 3148 1540 3204 de
1569 3151 1686 3203 tam
1722 3148 1948 3203 funesta

305 3239 491 3290 morte
515 3235 714 3292 fratris
733 3235 844 3305 sui,
867 3235 1120 3307 disrupit
1141 3251 1360 3307 pacem,
1383 3252 1550 3307 quam
1571 3252 1700 3293 cum
1719 3235 1948 3292 Tadone

300 3338 436 3392 rege
470 3324 695 3394 habuit,
727 3328 789 3380 et
819 3324 870 3380 ei
909 3339 1156 3395 pugnam
1199 3325 1426 3381 indixit.
1473 3328 1728 3396 Cumque
1761 3325 1951 3382 venis-
1981 3323 2029 3345 υ

296 3418 430 3467 sent
478 3413 661 3468 ambae
715 3417 911 3483 partes
951 3412 1006 3468 in
1043 3427 1309 3485 campum
1360 3420 1649 3484 apertum,
1699 3413 1956 3471 Ruodolf

295 3515 434 3556 suos
468 3501 760 3557 mandavit
786 3501 853 3557 ad
879 3516 1150 3572 pugnam,
1183 3502 1306 3574 ipse
1335 3517 1474 3559 vero
1499 3503 1551 3558 in
1577 3504 1835 3560 tentorio
1862 3517 1949 3559 se-

297 3588 460 3659 dens,
490 3591 802 3660 jocabatur
842 3590 910 3646 ad
950 3590 1234 3660 tabulam,
1267 3605 1378 3648 non
1411 3591 1687 3648 dubitans
1727 3591 1946 3662 aliquid

300 3677 370 3734 de
391 3693 495 3734 sua
518 3678 790 3735 victoria.
814 3679 962 3735 Gens
976 3679 1128 3735 enim
1145 3680 1488 3736 Herulorum
1512 3680 1753 3736 multum
1774 3681 1946 3736 docta

301 3770 426 3822 erat
473 3766 786 3839 pugnandi,
815 3773 875 3824 et
908 3772 968 3824 ut
1003 3768 1162 3824 leves
1201 3774 1397 3826 essent
1439 3768 1508 3824 ad
1553 3769 1946 3841 pugnandum,

301 3871 504 3913 omnes
529 3856 666 3914 nudi
691 3857 1048 3928 pugnabant,
1079 3857 1440 3914 solummodo
1473 3858 1719 3914 verenda
1743 3874 1948 3929 corpo-

305 3945 386 4000 ris
414 3947 667 4001 membra
692 3946 1118 4018 cooperientes.
1145 3948 1265 4003 Rex
1289 3961 1426 4002 vero
1450 3946 1852 4003 indubitanter
1875 3947 1946 4002 de

304 4033 624 4091 virtutibus
644 4050 846 4092 eorum
865 4035 1187 4105 confidens,
1209 4051 1454 4093 securus
1495 4040 1556 4093 ut
1580 4037 1852 4107 diximus,
1874 4037 1942 4093 ad

305 4123 560 4179 tabulam
587 4123 916 4194 jocabatur,
942 4139 1117 4181 unum
1144 4129 1332 4182 tamen
1357 4124 1427 4180 de
1451 4125 1573 4181 suis
1599 4125 1652 4180 in
1678 4129 1944 4180 arborem

294 4209 473 4280 jussit
490 4209 826 4280 ascendere,
851 4211 948 4281 qui
966 4209 1020 4267 ei
1037 4211 1340 4267 victoriam
1359 4225 1596 4267 suorum
1619 4211 1942 4272 nunciaret.

302 4297 659 4372 promittens
682 4297 754 4366 ei,
787 4312 851 4353 se
883 4303 1053 4370 caput
1099 4298 1226 4367 ejus
1264 4297 1589 4365 abscidere,
1623 4298 1668 4354 si
1703 4298 1947 4356 llerulos

297 4401 436 4443 suos
468 4385 774 4443 nunciaret
805 4387 1024 4457 fugere.
1058 4385 1168 4443 Sed
1193 4386 1290 4442 ille
1313 4402 1442 4444 cum
1477 4387 1701 4444 videret
1731 4403 1836 4444 eos
1863 4389 1947 4444 fu-

300 4491 439 4546 gere
458 4481 514 4532 et
541 4477 954 4546 Langobardos
978 4476 1208 4532 fortiter
1228 4475 1470 4545 instare,
1495 4476 1897 4548 interrogatus
1915 4493 1944 4533 a

304 4579 462 4636 rege,
496 4563 638 4636 quid
669 4563 865 4621 Heruli
900 4565 1180 4634 facerent,
1211 4565 1516 4636 reSpondit
1550 4585 1562 4618 :
1599 4567 1826 4637 Optime
1841 4581 1947 4636 [m-

2065 2009 2278 2052 uxores
2299 2000 2442 2065 tres,
2471 1999 2711 2070 primam
2735 1997 3154 2067 Ranigundam,
3192 1995 3365 2050 filiam
3391 1993 3547 2062 regis
3565 1992 3712 2048 Tbu~

2064 2082 2360 2148 ringorum
2380 2103 2394 2152 ;
2414 2087 2622 2144 deinde
2639 2087 2778 2144 tulit
2797 2087 3221 2152 Austrigosam,
3239 2083 3412 2138 filiam
3433 2081 3587 2151 regis
3607 2081 3711 2138 Ge-

2063 2171 2355 2246 pidorum,
2386 2177 2456 2233 de
2479 2191 2587 2248 qua
2620 2178 2758 2232 fecit
2779 2177 2924 2232 duas
2947 2175 3096 2231 filias
3121 2193 3134 2228 :
3161 2187 3364 2229 nomen
3393 2171 3486 2228 uni
3508 2169 3710 2226 Wisel-

2061 2261 2262 2328 εθνᾱτι,
2318 2280 2484 2336 quam
2536 2267 2976 2322 Theodcbertus
3022 2279 3124 2319 rex
3173 2265 3522 2319 Francorum
3570 2258 3708 2315 tulit

2064 2364 2325 2421 uxorem,
2369 2353 2554 2411 altera
2597 2354 2752 2411 dicta
2783 2359 2873 2410 est
2904 2351 3256 2421 Walterada,
3289 2365 3460 2422 quam
3494 2349 3704 2404 iterum

2061 2438 2200 2494 tulit
2251 2456 2486 2498 uxorem
2535 2442 2936 2500 Cbusabaldus
2987 2458 3085 2499 rex
3133 2443 3500 2504 Francorum,
3536 2451 3705 2507 quam

2061 2526 2195 2584 odio
2226 2528 2465 2597 habens,
2502 2531 2659 2587 dedit
2696 2531 2791 2588 uni
2816 2531 2888 2588 de
2909 2531 3047 2600 suis,
3083 2529 3181 2600 qui
3211 2529 3520 2584 dicebatur
3549 2525 3710 2580 Gari-

2064 2615 2218 2684 bald,
2245 2617 2298 2672 in
2324 2619 2678 2688 conjugium.
2702 2620 2958 2677 Terciam
2988 2634 3228 2676 uxorem
3258 2616 3459 2674 habuit
3492 2613 3707 2670 Wacho

2062 2704 2372 2777 Salingam,
2400 2707 2573 2764 filiam
2607 2709 2764 2774 regis
2794 2708 3163 2777 Herulorum,
3193 2707 3265 2764 de
3289 2720 3398 2777 qua
3425 2706 3596 2760 natus
3619 2704 3712 2758 est

2061 2792 2363 2862 Waltbari,
2401 2795 2497 2866 qui
2535 2801 2700 2866 patre
2729 2799 2959 2852 mortuo
2982 2810 3158 2867 super
3182 2792 3592 2862 Longobardos
3623 2805 3710 2845 rc-

2060 2883 2257 2950 gnavit
2291 2889 2553 2942 octavus.
2591 2885 2689 2941 Isti
2721 2900 2921 2942 omnes
2953 2885 3163 2952 Litingi
3198 2885 3452 2949 fuerunt,
3479 2881 3549 2935 de
3571 2894 3710 2951 qua-

2063 2971 2193 3028 dam
2233 2972 2438 3044 stirpe,
2483 2988 2610 3044 quae
2651 2973 3007 3029 nobilissima
3049 2971 3356 3027 dicebatur
3387 2969 3539 3041 apud
3569 2983 3697 3022 eos.

2061 3061 2343 3118 Waltbari
2394 3063 2657 3130 regnavit
2708 3062 2874 3118 annis
2901 3067 2956 3130 7,
3000 3067 3058 3118 et
3092 3064 3356 3117 mortuus
3404 3061 3516 3115 est.
3571 3059 3684 3113 Pos

2062 3166 2232 3222 quem
2265 3151 2528 3220 regnavit
2566 3165 2752 3208 nonus
2777 3149 3022 3220 Andoin,
3050 3149 3144 3219 qui
3173 3154 3302 3221 post
3327 3162 3437 3203 non
3465 3146 3707 3202 multum

2061 3243 2293 3310 tempus
2326 3239 2734 3309 Longobardos
2759 3239 2816 3294 in
2839 3238 3191 3295 Pannoniam
3224 3236 3568 3292 introduxit.
3605 3235 3708 3292 llic

2061 3329 2265 3385 habuit
2301 3343 2537 3384 uxorem
2579 3327 2981 3394 Rodelindam,
3017 3341 3146 3396 qum
3179 3325 3402 3398 peperit
3437 3324 3488 3379 ei
3523 3323 3702 3382 tilium

2061 3416 2289 3484 Alboin,
2331 3415 2426 3486 qui
2471 3414 2574 3470 fuit
2621 3413 2788 3470 fortis
2824 3417 2883 3469 et
2921 3415 3158 3470 astutus
3186 3413 3240 3467 in
3271 3411 3556 3468 omnibus.
3601 3411 3704 3466 Gc-

2064 3505 2214 3578 pidis
2237 3505 2416 3572 igitur
2432 3519 2562 3560 cum
2589 3501 2984 3571 Longobardis
3003 3501 3186 3557 rixam
3211 3499 3580 3570 facientibus,
3601 3515 3704 3570 pu-

2059 3609 2226 3663 gnam
2251 3593 2361 3650 sibi
2383 3593 2565 3649 ambae
2587 3594 2783 3663 partes
2803 3594 3136 3662 preparant.
3165 3588 3484 3647 Commisso
3505 3588 3701 3660 itaque

2063 3683 2266 3754 prelio,
2309 3683 2442 3740 dum
2484 3682 2665 3737 ambre
2705 3686 2903 3752 partes
2936 3679 3167 3736 fortiter
3199 3681 3522 3750 pugnarent
3553 3682 3610 3732 et
3642 3677 3699 3733 in

2061 3771 2275 3827 nullam
2311 3776 2534 3842 partem
2569 3776 2728 3834 terga
2762 3773 3084 3836 verterent,
3115 3767 3361 3837 contigit
3395 3772 3458 3823 ut
3489 3766 3541 3822 in
3576 3765 3699 3837 ipsa

2063 3875 2250 3932 pugna
2285 3860 2510 3928 Alboin,
2540 3859 2692 3914 filius
2721 3857 2966 3926 Audoin,
2997 3863 3058 3914 et
3083 3855 3525 3924 Tlmrismodus,
3551 3855 3669 3911 filiu
3735 3896 3746 3907 .

2058 3947 2384 4006 Thurisindi
2406 3947 2560 4017 regis
2577 3946 2949 4019 Gepidorum,
2971 3945 3080 4001 sibi
3101 3945 3345 4002 invicem
3365 3943 3668 4000 obviarcnt

2059 4037 2159 4094 sed
2188 4035 2394 4094 Alboin
2415 4035 2858 4092 Thurismodum
2883 4039 3048 4106 spata
3076 4033 3430 4106 percutiens,
3456 4032 3527 4088 dc
3549 4046 3700 4102 equo

2059 4126 2308 4197 dejecit;
2347 4129 2405 4180 et
2447 4139 2532 4179 suc
2575 4129 2841 4181 mortuus
2879 4127 2992 4180 est.
3037 4122 3237 4194 Gepidi
3267 4137 3405 4176 vero
3437 4119 3703 4176 videntes

2059 4213 2238 4270 filium
2270 4213 2424 4283 regis
2453 4215 2765 4280 mortuum,
2797 4211 2854 4266 in
2885 4224 2999 4282 quo
3029 4225 3290 4278 magnam
3322 4209 3612 4264 habebant
3641 4207 3703 4261 fi-

2057 4302 2308 4370 duciam,
2359 4300 2556 4358 statim
2608 4301 2913 4369 fugerunt;
2969 4299 3330 4368 Longobardi
3375 4302 3569 4353 autem
3618 4312 3703 4352 se-

2059 4394 2306 4460 quentes
2328 4387 2460 4445 illos
2482 4387 2714 4444 fortiter
2743 4389 3036 4456 sternunt,
3072 4385 3386 4456 multisque
3408 4400 3478 4441 ex
3501 4384 3586 4440 eis
3608 4400 3704 4440 oc-

2057 4479 2218 4546 c’sis,
2253 4477 2323 4533 ad
2353 4476 2537 4548 spolia
2585 4479 2912 4533 recurrunt.
2959 4475 3142 4530 Finita
3182 4474 3450 4544 victoria,
3487 4474 3703 4542 Longo-

2063 4567 2223 4623 bardi
2255 4567 2323 4621 ad
2359 4581 2461 4622 sua
2495 4565 2616 4621 loca
2651 4580 2780 4621 cum
2812 4564 3095 4634 redirent,
3126 4567 3480 4632 rogaverunt
3507 4576 3701 4630 regem

293 4654 506 4725 gnaat.
541 4654 655 4710 Nec
688 4668 870 4710 ausus
899 4653 1004 4710 fuit
1037 4659 1204 4709 antea
1237 4652 1431 4710 dicere
1456 4653 1665 4709 malum
1692 4655 1843 4726 quod
1868 4654 1948 4710 vi-
1974 4647 2032 4710 D
2064 4655 2310 4727 Audoin,
2346 4659 2408 4712 ut
2443 4654 2620 4710 filium
2663 4669 2831 4710 suum
2875 4652 3080 4709 Alboin
3113 4665 3310 4708 secum
3341 4649 3414 4706 ad
3447 4664 3701 4706 mensam

301 4740 498 4811 debat,
545 4756 714 4814 quam
756 4757 958 4798 omnes
999 4741 1197 4798 Heruli
1241 4747 1400 4811 terga
1434 4743 1761 4800 vertebant.
1793 4745 1947 4800 Tunc

305 4830 568 4900 quamvis
604 4831 766 4888 tarde
796 4845 996 4888 vocem
1028 4830 1243 4900 emisit,
1287 4831 1525 4887 dicens:
1565 4833 1654 4888 Va
1683 4831 1808 4902 tibi,
1840 4834 1949 4888 mi-

303 4933 441 4976 sera
471 4921 745 4990 Herolia,
775 4919 889 4976 Dei
909 4920 1158 4977 caelestis
1177 4921 1276 4975 ira
1294 4933 1595 4990 percussa.
1629 4921 1950 4979 Ruodolfus

305 5023 445 5063 vero
475 5009 585 5064 hoc
615 5007 878 5079 audiens,
911 5012 1234 5066 commotus
1260 5009 1340 5064 ait
1377 5027 1388 5063 :
1426 5009 1705 5067 Forsitan
1739 5011 1950 5067 Heruli

301 5096 418 5151 mei
432 5095 717 5168 fugiant.
753 5097 854 5153 llle
889 5097 1034 5154 dixit
1068 5116 1080 5154 :
1114 5099 1241 5155 Hoc
1270 5111 1386 5154 non
1411 5111 1534 5169 ego,
1567 5113 1669 5156 .«ea
1701 5100 1783 5161 tu,
1816 5114 1945 5169 rex,

302 5184 541 5242 dixisti.
577 5187 751 5257 Tunc,
789 5191 853 5242 ut
884 5187 938 5242 in
974 5187 1194 5243 talibus
1235 5187 1360 5244 fieri
1400 5187 1570 5258 solet,
1604 5203 1706 5244 rex
1736 5188 1859 5259 ipse
1889 5195 1946 5246 et

301 5288 502 5332 omnes
533 5275 630 5345 qui
663 5288 792 5331 eum
821 5290 891 5333 eo
921 5279 1090 5332 erant
1130 5275 1373 5346 turbati,
1407 5276 1546 5347 quid
1581 5280 1821 5347 agerent
1855 5291 1950 5334 ne-

299 5363 582 5419 sciebant.
613 5363 972 5434 Longobardi
992 5379 1132 5420 vero
1152 5363 1658 5436 supervenientes,
1683 5381 1872 5436 regem
1889 5372 1950 5424 et

297 5465 499 5507 omnes
518 5452 616 5523 qui
635 5467 767 5509 eum
787 5468 856 5509 eo
876 5457 1040 5509 erant
1062 5452 1427 5508 occiderunt.
1448 5453 1660 5511 Herulo
1671 5469 1792 5510 rum
1807 5471 1949 5512 vero

299 5539 600 5598 exercitus
624 5542 760 5598 dum
783 5541 895 5599 huc
912 5547 972 5598 et
995 5540 1132 5600 illuc
1158 5543 1405 5613 fugeret,
1430 5546 1593 5601 tanta
1612 5543 1694 5601 ira
1716 5543 1786 5601 de
1804 5544 1948 5602 czelo

302 5641 482 5700 super
513 5643 616 5685 eos
645 5629 826 5699 venit,
853 5634 915 5687 ut
941 5629 1182 5688 frutices
1209 5629 1428 5687 virides
1449 5631 1505 5688 in
1527 5647 1732 5705 campo
1755 5632 1951 5690 viden-

303 5720 416 5786 tes,
461 5731 640 5792 aquas
679 5733 809 5775 esse
851 5723 1146 5793 putarent,
1179 5724 1235 5777 et
1269 5720 1404 5776 dum
1446 5723 1610 5798 quasi
1647 5723 1716 5782 ad
1751 5732 1950 5782 natan-

2063 4745 2430 4816 permitteret
2473 4743 2676 4803 sedere
2706 4746 2762 4798 et
2796 4741 3104 4814 prandere,
3148 4755 3218 4797 eo
3249 4739 3404 4810 quod
3439 4753 3542 4810 per
3571 4753 3700 4794 eum

2060 4833 2364 4890 victoriam
2407 4833 2708 4901 baberent,
2753 4836 2818 4888 ut
2857 4831 3011 4886 sicut
3050 4829 3200 4902 patri
3233 4844 3338 4886 suo
3371 4827 3566 4886 socius
3597 4827 3702 4882 fuit

2062 4921 2114 4976 in
2149 4921 2430 4992 periculo,
2467 4921 2543 4976 ita
2574 4924 2731 4976 esset
2755 4924 2811 4975 et
2838 4919 2892 4976 in
2917 4917 3206 4974 convivio.
3240 4918 3348 4974 Sed
3381 4921 3548 4987 pater
3575 4914 3703 4984 ejus

2063 5010 2286 5067 Audoin
2319 5010 2618 5080 respondit
2651 5009 2738 5065 eis
2774 5027 2786 5063 :
2821 5009 2947 5066 Hoc
2959 5009 3174 5081 facere
3211 5020 3326 5064 non
3343 5019 3606 5076 possum,
3639 5004 3708 5060 at

2057 5115 2333 5172 rumpam
2357 5100 2742 5156 eoastitatam
2772 5099 2954 5168 legem
2973 5098 3175 5168 gentis
3200 5096 3433 5153 nostra.
3472 5095 3575 5151 Vos
3593 5093 3706 5150 sei-

2061 5189 2160 5260 tis,
2195 5190 2376 5246 talem
2421 5188 2900 5246 consuetudinem
2939 5187 3102 5258 apud
3125 5199 3229 5243 nos
3258 5198 3402 5254 esse,
3441 5183 3706 5253 iit/llius

2057 5279 2220 5350 regis
2257 5294 2391 5336 cum
2424 5279 2598 5350 patre
2633 5292 2738 5334 sae
2767 5278 2905 5334 ante
2930 5291 3048 5333 non
3067 5274 3386 5346 prandeat,
3422 5287 3605 5346 quam
3631 5271 3706 5330 ab

2059 5369 2344 5426 extraan
2362 5381 2500 5439 rege
2519 5381 2694 5424 arma
2719 5364 2992 5436 recipiat.
3027 5363 3236 5420 Alboin
3263 5369 3326 5420 ut
3348 5362 3457 5418 hoc
3483 5360 3707 5418 audivit

2060 5471 2090 5513 a
2116 5462 2301 5529 patre,
2333 5456 2471 5512 tulit
2506 5471 2702 5512 secum
2728 5453 3075 5524 LOjuvcncs,
3102 5457 3158 5509 et
3185 5450 3444 5524 perrexit
3468 5451 3538 5507 ad
3561 5451 3708 5506 Thu-

2061 5546 2344 5604 risindum
2389 5561 2606 5616 regem,
2645 5559 2776 5601 cum
2818 5559 2933 5614 quo
2977 5547 3147 5600 antea
3181 5540 3479 5614 pugnavit,
3512 5545 3571 5596 et
3604 5556 3709 5612 pro

2063 5651 2174 5708 qua
2222 5652 2394 5694 causa
2437 5635 2718 5702 venisset,
2763 5634 2814 5689 ei
2858 5631 3158 5690 indicavit.
3189 5633 3308 5689 Rex
3337 5635 3530 5689 autem
3563 5631 3708 5688 bene

2083 5728 2312 5800 uscepit
2363 5741 2515 5786 eum.
2552 5730 2608 5781 et
2645 5722 2912 5780 invitavit
2956 5723 3024 5781 ad
3069 5723 3398 5796 prandium,
3453 5721 3705 5793 fecitque
