3946 6414
309 412 426 482 791
1478 410 1962 481 EKKEHARDI
2006 408 2564 479 URAUGIENSIS
3604 403 3732 468 792

310 571 441 614 eum
473 554 677 614 sedere
698 551 769 613 ad
794 553 1095 612 dexteram
1130 568 1311 625 suam,
1343 553 1442 612 ubi
1474 553 1630 612 ﬁlius
1660 554 1789 625 ejus
1820 554 1969 612 Thu-
1994 549 2051 609 A
2083 550 2310 609 nomine
2342 550 2499 622 regis
2524 549 2613 608 sui
2638 548 2857 606 Avares
2886 548 3022 605 sunt
3051 540 3361 618 appellati;
3386 540 3596 600 deinde
3617 540 3733 599 ivit

312 644 610 704 rismodus
632 644 837 701 sedere
861 645 1186 714 consuevit,
1219 658 1387 716 quem
1413 643 1617 701 Alboin
1643 644 1964 701 interfecit.
2076 641 2148 698 ad
2176 643 2547 714 pugnandum
2572 656 2702 697 cum
2726 638 2979 711 Gepidis.
3009 635 3116 692 Sed
3141 650 3269 692 cum
3293 632 3493 706 Gepidi
3518 636 3728 690 contra

314 738 624 805 Postquam
669 739 862 791 autem
899 734 1016 804 jam
1060 734 1178 790 laeti
1224 734 1359 790 facti
1392 738 1549 803 sunt,
1581 732 1968 790 Thurisindus
2079 731 2288 787 Alboin
2320 734 2653 802 pergerent,
2696 731 2916 785 Avares
2955 725 3153 783 statim
3187 725 3242 779 in
3275 728 3490 780 terram
3523 737 3729 779 eorum

313 840 415 881 rex
466 824 674 880 videns
725 824 1167 880 interfectorem
1218 823 1319 879 ﬁlii
1364 823 1453 879 sui
1500 821 1707 879 sedere
1740 822 1794 878 in
1838 821 1968 879 loco
2078 820 2465 890 intraverunt,
2492 820 2794 876 sicutcum
2813 816 3018 872 Alboin
3040 813 3495 871 constituerunt.
3520 812 3731 868 Hacde

313 914 462 983 ejus,
496 913 612 969 alta
643 912 824 968 traxit
867 913 1143 985 suSpiria,
1176 918 1234 969 et
1267 912 1529 969 dolorem
1561 926 1730 982 quem
1764 911 1966 968 habuit
2077 924 2254 967 causa
2294 925 2423 966 cum
2465 909 2662 965 tristis
2710 906 2960 963 nuncius
3005 904 3230 960 veniret
3272 902 3343 958 ad
3383 900 3735 959 Chunimun-

336 1017 369 1057 n
402 1003 580 1059 corde
612 1002 866 1075 aperuit,
900 1003 1140 1059 dicens:
1169 1002 1466 1060 Amabilis
1494 1000 1784 1062 cstmiclti
1809 1000 1971 1060 locus
2079 1000 2235 1067 dum,
2281 1000 2379 1055 ille
2418 999 2590 1056 nimis
2630 998 2899 1064 aﬁlictus,
2942 993 3121 1065 coepit
3150 1006 3320 1049 orare
3350 1006 3489 1047 suos
3519 995 3580 1047 ut
3613 990 3735 1061 pri-

310 1092 443 1162 ἰδία,
464 1093 858 1165 scdpcrsona,
884 1105 1017 1164 qua
1037 1092 1126 1151 ibi
1147 1092 1328 1159 sedet,
1351 1093 1609 1149 multum
1626 1090 1814 1150 miclti
1829 1104 1973 1161 θνα·
2084 1105 2236 1146 mum
2266 1105 2396 1146 cum
2430 1086 2827 1158 Longobardis
2854 1086 3181 1156 pugnarent
3210 1085 3269 1139 et
3297 1087 3497 1153 postea
3528 1080 3595 1136 ad
3631 1079 3734 1134 de-

309 1180 405 1238 cis
423 1182 515 1238 est
530 1182 615 1239 ad
631 1182 975 1240 videndam:
1002 1184 1158 1239 Tunc
1184 1180 1334 1238 alter
1356 1180 1512 1238 ﬁlius
1543 1179 1702 1251 regis
1730 1179 1974 1238 audiens
2085 1180 2387 1252 pellendos
2428 1182 2650 1236 Avares
2691 1174 3063 1247 repedarent.
3098 1174 3245 1228 Inito
3277 1176 3468 1229 autem
3504 1169 3728 1242 praalio,

314 1284 619 1327 sermones
661 1272 871 1342 patris,
918 1272 1001 1327 ira
1043 1284 1365 1327 succensus
1395 1275 1505 1341 est,
1550 1275 1610 1326 et
1649 1269 1977 1339 Longobar-
2088 1268 2292 1325 Alboin
2341 1266 2558 1325 occidit
2606 1264 3091 1333 Chunimundum,
3143 1264 3201 1318 et
3250 1262 3321 1317 de
3367 1259 3555 1331 capite
3602 1259 3736 1329 ejus

313 1356 421 1414 dos
453 1359 624 1417 nimis
662 1361 944 1431 injuriare
985 1360 1185 1430 coepit,
1229 1363 1289 1415 et
1334 1358 1469 1430 quia
1512 1357 1782 1415 fasciolas
1813 1358 1978 1415 albas
2092 1362 2291 1429 postea
2338 1357 2473 1413 fecit
2512 1356 2812 1428 scyphum,
2856 1353 2954 1424 qui
2985 1351 3203 1408 dicitur
3235 1350 3388 1422 apud
3418 1364 3518 1405 eos
3546 1347 3733 1413 scala,

316 1444 687 1505 habebantin
705 1448 1004 1515 cruribus,
1027 1447 1338 1506 deridebat
1356 1462 1482 1519 eos,
1508 1448 1745 1505 dicens:
1774 1444 1980 1505 Tibiae
2089 1446 2243 1518 apud
2294 1446 2531 1502 Latinos
2578 1447 2801 1516 patera,
2834 1446 2889 1497 et
2925 1439 3100 1496 ﬁliam
3139 1439 3267 1509 ejus
3304 1435 3733 1494 Rosemundam

311 1537 484 1597 alba:
500 1537 727 1595 habetis
743 1552 934 1609 usque
949 1537 1242 1609 adpedcs,
1264 1537 1565 1595 etsimilcs
1588 1536 1983 1609 cstiajumcn'
2088 1551 2218 1592 cum
2261 1549 2462 1605 magna
2504 1532 2877 1591 multitudine
2917 1531 3176 1588 virorum
3207 1544 3273 1585 ac
3310 1528 3612 1585 mulierum
3645 1541 3736 1582 se-

313 1628 396 1685 tis
413 1627 610 1684 variis
629 1626 884 1699 etfatus
889 1625 1287 1698 facientibus.
1307 1627 1467 1682 Ture
1494 1624 1736 1696 unusjde
1757 1626 1980 1695 Longo-
2086 1640 2217 1683 cum
2244 1624 2489 1682 abduxit
2517 1624 2827 1695 captivam.
2861 1620 3064 1692 Gepidi
3088 1619 3238 1675 enim
3263 1618 3350 1675 sic
3372 1623 3507 1675 sunt
3530 1614 3731 1685 deleti,

319 1716 518 1772 bardis
546 1716 629 1772 sic
655 1714 738 1770 illi
765 1714 1105 1785 respondit:
1132 1715 1325 1785 Perge
1352 1716 1421 1772 in
1449 1728 1723 1785 campum
1749 1717 1859 1785 qui
1883 1727 1979 1771 co-
2089 1720 2152 1771 ut
2174 1717 2246 1771 ab
2270 1714 2371 1771 illo
2401 1719 2663 1786 tempore
2688 1712 2805 1781 jam
2831 1712 2901 1767 de
2923 1710 3044 1767 suis
3066 1724 3261 1779 regem
3290 1723 3402 1765 non
3427 1707 3731 1763 haberent.

316 1806 492 1863 catur
522 1804 739 1878 Asfelt,
774 1805 831 1861 ei
859 1803 951 1861 ibi
983 1804 1116 1861 sine
1155 1802 1333 1860 dubio
1362 1817 1705 1875 cognoscere
1722 1805 1970 1876 poteris,
2086 1806 2160 1860 Ut
2189 1808 2383 1859 autem
2418 1808 2644 1859 mortua
2679 1806 2770 1858 est
2801 1799 3182 1857 Glothsuinda
3214 1796 3434 1867 regina,
3466 1796 3577 1853 ﬁlia
3608 1795 3736 1851 Clo-

317 1895 531 1968 gaalea
560 1894 831 1951 suntiati
853 1907 1001 1965 quos
1025 1893 1395 1964 tajamcntis
1423 1894 1653 1951 similes
1671 1906 1796 1951 esse
1814 1894 1976 1952 dizi-
2002 1916 2057 1976 Β
2084 1894 2283 1964 tharii,
2330 1893 2532 1949 Alboin
2574 1892 2642 1947 ad
2688 1890 2987 1947 interitum
3030 1903 3217 1957 suum,
3253 1892 3317 1943 ut
3354 1886 3408 1941 in
3441 1884 3736 1976 sequenti-

314 1982 1004 2055 ati,qaomodopos.mnt
1023 1981 1496 2050 calcitrarc;ibi
1524 1973 2048 2053 animuinocnics_
2088 1984 2196 2039 bus
2245 1983 2499 2049 dicetur,
2547 1981 2713 2037 duxit
2764 1977 3184 2035 Rosemundam
3238 1990 3496 2043 uxorem,
3556 1973 3731 2029 ﬁliam

314 2086 451 2132 ossa
463 2074 702 2145 fratris
733 2073 824 2129 tui
853 2072 1145 2143 dispersa,
1180 2071 1361 2143 quasi
1388 2071 1460 2127 de
1485 2071 1599 2129 oili
1615 2072 1888 2144 fumante
1908 2072 1979 2130 in
2088 2072 2498 2129 Chunimundi.

314 2162 533 2221 mediis
553 2162 777 2234 pratia.
814 2160 1017 2233 Gepidi
1050 2160 1173 2217 haec
1206 2160 1532 2231 audientes,
1567 2165 1623 2217 et
1659 2161 1978 2233 turpitudi-
2158 2164 2317 2217 Inter
2356 2162 2478 2218 haec
2517 2160 2884 2218 Justinianus
2926 2158 3198 2230 princeps
3241 2158 3503 2212 mortuus
3532 2157 3641 2223 est,
3672 2158 3734 2208 et

320 2266 449 2308 nem
480 2256 703 2308 tantam
730 2265 841 2309 non
870 2250 1249 2321 sustinentes,
1275 2249 1448 2306 nimis
1472 2249 1608 2306 irati
1632 2256 1787 2320 sunt,
1821 2254 1878 2307 et
1903 2251 1976 2308 de
2084 2251 2351 2308 Justinus
2380 2251 2565 2307 minor
2590 2249 2877 2307 successit
2899 2248 2950 2303 ei
2974 2248 3044 2304 ad
3071 2247 3379 2317 regendam
3413 2242 3738 2301 Constanti-

320 2346 436 2397 tam
463 2341 767 2398 manifesta
792 2339 999 2412 injuria
1024 2355 1089 2396 se
1110 2339 1409 2397 vindicare
1430 2339 1763 2397 voluerunt.
1800 2342 1980 2397 Econ-
2088 2340 2367 2412 nopolim.
2408 2340 2569 2411 Apud
2601 2353 2792 2411 quem,
2823 2343 2884 2395 ut
2908 2352 3085 2408 supra
3119 2336 3401 2406 scriptum
3424 2337 3534 2404 est,
3568 2347 3737 2389 accu-

322 2434 411 2487 tra
446 2430 806 2501 Longobardi
850 2431 921 2487 ad
957 2444 1207 2502 pugnam
1240 2444 1304 2486 se
1339 2434 1741 2501 preparantes,
1777 2444 1978 2487 omnes
2089 2435 2253 2486 satus
2295 2430 2509 2485 Narses
2550 2427 2855 2501 patricius,
2893 2441 3061 2497 quem
3096 2426 3224 2481 loco
3258 2423 3505 2480 Bilisarii
3538 2422 3606 2478 ad
3639 2422 3737 2478 de-

319 2519 836 2591 apprehenderunt
862 2518 1109 2590 gladios.
1137 2518 1974 2588 Rexverosurgensamensa,
2091 2517 2407 2574 fensionem
2459 2517 2642 2574 Italiae
2693 2516 2846 2573 misit
2899 2516 3218 2586 imperator
3263 2512 3641 2579 Justinianus,
3680 2511 3736 2565 in

321 2608 377 2663 in
412 2608 666 2665 medium
713 2607 946 2666 illorum
992 2623 1056 2664 se
1102 2607 1279 2677 misit,
1323 2612 1384 2663 et
1422 2621 1560 2663 suos
1598 2607 1671 2662 ab
1713 2606 1796 2662 ira
1826 2621 1980 2663 com-
2089 2606 2405 2663 vindictam
2432 2606 2658 2676 injuriae
2679 2622 2799 2663 suae
2820 2602 3306 2673 misitlegatosad
3329 2600 3739 2670 Longoliardos

323 2696 572 2769 pescuit,
603 2698 830 2768 jurans,
867 2712 930 2753 se
961 2696 1125 2755 illum
1168 2696 1460 2766 occidere,
1496 2695 1593 2766 qui
1626 2695 1850 2767 primus
1882 2710 1981 2753 au-
2091 2696 2308 2751 amicos
2332 2712 2483 2765 suos,
2509 2696 2709 2752 dicens
2732 2714 2743 2749 :
2770 2691 3491 2764 Dimittitepaapertaicm
3510 2691 3740 2745 Panno-

321 2785 486 2842 deret
514 2799 761 2857 pugnam
786 2786 1177 2843 committere.
1206 2785 1364 2841 Dixit
1386 2785 1538 2841 enim
1567 2803 1579 2839 :
1603 2785 1737 2843 Non
1756 2784 1982 2843 catilla
2088 2788 2224 2851 nia,
2251 2787 2308 2842 ei
2326 2786 2521 2842 unite
2541 2787 2622 2841 ad
2624 2786 2897 2858 fertilem
2921 2785 3192 2853 Italiam,
3216 2780 3486 2837 omnibus
3507 2778 3740 2836 divitiis

317 2876 575 2932 victoria
605 2889 643 2932 a
673 2876 790 2930 Deo
814 2876 1074 2945 placita,
1117 2886 1251 2932 cum
1277 2874 1417 2946 quis
1444 2874 1512 2931 in
1540 2875 1707 2931 domo
1732 2874 1981 2945 propria
2087 2876 2343 2945 plenam.
2367 2876 2435 2930 Et
2455 2880 2515 2931 ut
2540 2875 2761 2930 animos
2777 2888 2976 2930 eorum
3000 2872 3249 2944 amplius
3268 2870 3539 2927 incitaret
3556 2868 3625 2923 ad
3649 2882 3742 2922 vc-

320 2962 635 3019 inimicum
654 2976 830 3018 suam
849 2963 918 3018 in
935 2977 1080 3033 pace
1104 2963 1441 3033 susceptam
1467 2962 1768 3038 occiderit.
1804 2963 1869 3017 Et
1894 2962 1980 3019 sic
2097 2963 2388 3033 uiendum,
2427 2964 2581 3019 misit
2600 2963 2687 3019 eis
2708 2963 2780 3018 de
2801 2962 3068 3018 omnibus
3097 2960 3409 3031 generibus
3441 2971 3737 3029 pomorum

322 3065 465 3123 pace
495 3050 653 3106 inter
680 3066 783 3107 eos
816 3051 988 3121 facta,
1024 3051 1235 3107 iterum
1267 3049 1368 3105 leti
1399 3050 1725 3107 convivium
1756 3050 1977 3108 ineunt.
2095 3051 2814 3123 etquicquiddelectabile
2832 3055 3064 3122 poterat
3085 3044 3739 3118 rxcogitarededivitiis

325 3138 630 3211 Completo
669 3139 960 3210 convivio,
1002 3138 1388 3195 Thurisindus
1429 3154 1532 3195 rex
1572 3138 1790 3195 tollens
1822 3154 1982 3196 arma
2098 3146 2291 3197 terrae.
2335 3140 2697 3211 Longobardi
2731 3141 2853 3196 hac
2885 3140 3212 3208 audientes,
3247 3141 3547 3207 gratanter
3578 3147 3739 3189 acce-

324 3227 428 3284 ﬁlii
462 3228 551 3285 sui
584 3228 975 3299 Thurismodi,
1016 3227 1258 3285 tradidit
1298 3243 1364 3285 ea
1404 3226 1634 3299 Alboin,
1668 3233 1728 3285 et
1758 3228 1979 3287 salvum
2016 3278 2062 3303 η
2098 3233 2306 3303 perunt
2331 3234 2391 3286 et
2413 3229 2665 3301 qualiter
2689 3230 2841 3285 irent
2868 3234 3345 3301 preparaverunt.
3373 3227 3440 3281 Et
3463 3222 3738 3280 continuo

311 3317 487 3376 illum
523 3319 576 3375 in
614 3331 756 3391 pace
787 3318 1026 3375 dimisit.
1063 3318 1272 3375 Alboin
1307 3333 1444 3375 vero
1477 3278 1751 3375 reversus
1782 3320 1852 3375 ad
1887 3335 1983 3392 pa-
2014 3278 2064 3342 Ο
2096 3278 2249 3392 apud
2299 3278 2524 3375 Italiam
2576 3278 3004 3391 apparueruntr
3024 3318 3187 3387 signa
3222 3316 3276 3371 in
3311 3315 3473 3383 caelo,
3516 3312 3741 3369 scilicet

321 3414 475 3465 trem
500 3420 691 3479 suum,
718 3408 960 3465 conviva
985 3409 1110 3478 ejus
1133 3409 1321 3464 factus
1341 3413 1452 3464 est.
1481 3410 1551 3464 Et
1574 3409 1709 3464 dum
1734 3409 1804 3464 ad
1830 3423 1987 3465 men-
2096 3409 2279 3479 ignea:
2304 3408 2476 3478 acies,
2514 3407 2849 3477 sanguinem
2880 3408 3210 3475 humanum,
3245 3404 3341 3474 qui
3372 3409 3568 3475 postea
3602 3401 3740 3456 cfl'u-

330 3512 451 3554 sam
494 3512 625 3554 cum
666 3501 834 3569 patre
875 3512 982 3554 suo
1024 3497 1281 3567 sederet,
1317 3496 1467 3553 dixit
1508 3496 1589 3552 illi
1631 3497 1821 3553 omnia
1856 3513 1985 3569 quae
2096 3514 2198 3554 sus
2224 3502 2334 3565 est,
2366 3496 2780 3566 significantes.
2815 3494 3022 3550 Allloin
3055 3494 3233 3565 igitur
3266 3493 3431 3565 petiit
3463 3490 3737 3548 auxilium

332 3588 489 3645 circa
520 3602 649 3644 eum
686 3588 836 3643 facta
870 3591 1028 3657 sunt,
1062 3591 1121 3643 et
1152 3601 1353 3643 omnes
1383 3586 1482 3657 qui
1514 3586 1755 3642 aderant
1791 3588 1987 3643 ammi-
2096 3590 2168 3644 ab
2211 3587 2467 3657 antiquis
2508 3586 2834 3642 Saxonibus
2873 3585 3077 3641 amicis
3118 3583 3260 3652 suis,
3310 3586 3372 3639 ut
3419 3580 3734 3653 spaciosam

332 3681 551 3745 rantes,
587 3675 901 3733 laudabant
939 3676 1142 3733 Alboin
1177 3692 1281 3747 pro
1312 3675 1553 3732 audacia
1579 3690 1683 3732 sua
1707 3682 1768 3732 et
1786 3677 1986 3734 Thuri-
2098 3676 2319 3733 Italiam
2344 3677 2591 3732 intraret
2617 3690 2746 3731 cum
2773 3674 2991 3730 multis.
3022 3673 3121 3730 Cui
3145 3675 3402 3728 Saxones
3423 3671 3553 3743 plus
3571 3683 3733 3739 quam

331 3764 560 3821 sindum
596 3779 701 3836 pro
735 3764 835 3819 tali
871 3764 983 3821 ﬁde
1015 3764 1279 3821 maxima.
2096 3782 2224 3823 cum
2248 3771 2424 3823 20000
2447 3764 2633 3835 juncti
2674 3769 2833 3831 sunt,
2863 3769 2921 3819 et
2954 3762 3273 3820 secundum
3314 3761 3441 3830 ejus
3480 3759 3736 3816 volunta-

404 3854 503 3910 llis
530 3853 900 3924 temporibus
928 3852 1294 3910 Justinianus
1322 3852 1642 3925 imperator
1670 3854 1984 3911 Romanum
2097 3862 2214 3912 tem
2246 3871 2375 3912 cum
2409 3854 2691 3911 uxoribus
2719 3858 2779 3909 et
2812 3854 2947 3909 ﬁliis
2980 3853 3199 3909 Italiam
3229 3866 3359 3909 cum
3392 3865 3461 3907 eo
3494 3850 3735 3905 intrave-

331 3943 575 4012 regebat
628 3942 957 4014 imperium,
1011 3942 1108 4013 qui
1153 3956 1256 4014 per
1296 3941 1625 3999 Bilisarium
1677 3943 1985 4015 patricium
2100 3949 2252 4002 runt.
2300 3947 2358 4000 In
2402 3946 2529 4017 ipso
2570 3949 2833 4014 tempore
2871 3943 3078 4000 Alboin
3128 3941 3479 3999 Pannoniam
3520 3936 3732 3996 dimisit

334 4032 550 4088 multas
574 4031 853 4089 victorias
879 4031 1145 4103 perfecit,
1166 4032 1325 4101 leges
1348 4032 1669 4104 renovavit,
1692 4032 1988 4091 aecclesias
2098 4034 2281 4090 llunis
2321 4032 2522 4089 amicis
2563 4033 2705 4096 suis,
2750 4046 2814 4087 ea
2854 4031 3214 4101 conditione,
3254 4034 3318 4087 ut
3353 4029 3397 4086 si
3431 4024 3734 4098 aliquando

331 4120 649 4193 reparavit,
686 4119 997 4191 basylicam
1032 4135 1285 4192 quoque,
1322 4136 1490 4192 quam
1527 4121 1608 4179 Ad
1644 4125 1858 4193 Agyam
1890 4125 1987 4180 So-
2099 4122 2495 4193 Longohardis
2526 4122 2741 4178 reverti
2778 4136 3019 4178 necesse
3047 4126 3227 4190 esset,
3254 4117 3652 4189 unusquisque
3682 4114 3731 4168 in

333 4210 561 4280 phyam,
591 4208 646 4265 id
672 4213 763 4265 est
789 4215 1050 4266 sanctam
1075 4209 1442 4281 sapientiam,
1466 4211 1785 4282 nominant,
1812 4212 1988 4267 fabri-
2098 4227 2202 4269 sua
2224 4212 2461 4268 rediret.
2490 4212 2910 4268 llabitaverunt
2930 4216 3123 4268 autem
3144 4207 3504 4279 Longoliardi
3525 4206 3579 4262 in
3600 4207 3735 4260 Pan-

330 4298 516 4365 cavit;
548 4298 719 4369 cujus
759 4314 905 4370 Opus
939 4299 995 4355 in
1030 4304 1257 4355 tantum
1300 4314 1478 4371 super
1517 4301 1707 4357 omnia
1739 4300 1984 4358 aediﬁcia
2097 4301 2267 4357 nonia
2291 4316 2395 4373 per
2419 4315 2600 4357 annos
2624 4303 2707 4356 42.
2737 4300 3016 4357 Exierunt
3041 4314 3180 4355 vero
3203 4300 3275 4355 de
3298 4294 3588 4354 Pannonia
3611 4308 3732 4349 cum

330 4387 717 4444 excellentius
739 4387 1074 4459 estimatur,
1097 4388 1235 4445 utin
1255 4389 1439 4445 tantis
1457 4392 1752 4445 terrarum
1771 4389 1988 4461 spaciis
2100 4390 2445 4447 mulieribus
2477 4395 2533 4447 et
2567 4390 2703 4448 ﬁliis
2733 4394 2791 4446 et
2823 4405 2953 4447 cum
2983 4390 3255 4447 omnibus
3287 4388 3432 4458 suis,
3467 4397 3615 4443 anno
3645 4382 3735 4438 do-

327 4478 379 4534 ei
410 4477 600 4533 simile
642 4492 754 4535 non
795 4477 1145 4535 inveniatur.
1189 4480 1342 4534 Tunc
1383 4478 1532 4534 enim
1573 4477 1981 4548 Cassiodorus,
2097 4480 2760 4536 minicaeincarnationis
2778 4483 2901 4549 568,
2925 4479 3240 4536 indictione
3261 4477 3464 4550 prima,
3488 4472 3736 4532 secundo

328 4566 639 4635 llionisius,
695 4571 909 4623 Arator
967 4568 1163 4623 Romae
1218 4565 1582 4635 claruerunt,
1647 4566 1984 4623 Priscianus
2098 4570 2191 4626 die
2231 4573 2359 4641 post
2400 4570 2635 4641 pascha,
2679 4569 2831 4640 quod
2872 4575 3135 4627 sanctum
3179 4566 3392 4640 pascha
3424 4572 3565 4622 tunc
3595 4561 3738 4619 cele-

331 4656 838 4728 Constantinopoli
864 4655 1083 4722 floruit,
1110 4662 1353 4712 sanctus
1377 4668 1608 4726 quoque
1632 4654 1985 4712 Benedictus
2013 4649 2068 4712 D
2100 4661 2329 4716 bratum
2380 4662 2473 4715 est
2517 4659 2570 4714 in
2621 4658 2764 4731 ipsis
2815 4657 3088 4715 Kalendis
3135 4656 3368 4729 Aprilis.
3418 4655 3519 4711 His
3567 4652 3738 4723 igitur

327 4744 652 4801 Virtutibus
683 4743 925 4801 effulsit.
2099 4749 2325 4818 diebus,
2361 4748 2573 4820 quibus
2598 4748 2958 4817 Longobardi
2986 4748 3323 4803 invaserunt
3344 4744 3589 4811 italiam,
3623 4739 3741 4797 Clo-

405 4833 589 4903 lgitur
619 4833 844 4889 Audoin
880 4837 1150 4889 mortuus
1178 4837 1289 4899 est,
1315 4835 1374 4890 et
1400 4832 1628 4903 Alboin,
1662 4833 1816 4891 ﬁlius
1836 4834 1981 4907 ejus,
2095 4838 2326 4895 tharius
2349 4853 2445 4893 rex
2471 4840 2815 4893 Francorum
2839 4838 3104 4892 mortuus
3120 4838 3230 4901 est,
3250 4831 3474 4887 relictis
3492 4834 3740 4899 quatuor

330 4937 574 4993 regnum
616 4922 864 4993 accepit.
906 4921 1014 4987 Qui
1048 4937 1178 4978 cum
1207 4926 1365 4978 esset
1395 4922 1897 4981 nominatissimus
1926 4931 1987 4982 et
2099 4928 2251 4997 ﬁliis,
2280 4927 2609 4995 Herihei-to,
2636 4926 3033 4991 Guntrammo,
3060 4920 3389 4991 Helperico,
3418 4917 3730 4987 Sigiberto.

332 5011 503 5069 fortis
552 5011 822 5081 multum,
876 5009 1211 5067 Clotharius
1262 5024 1362 5066 rex
1409 5010 1761 5070 Francorum
1811 5013 1983 5070 ﬁliam
2098 5018 2159 5072 ln
2201 5016 2309 5073 hoc
2350 5020 2611 5085 tempore
2653 5016 2961 5071 Romanam
3008 5011 3250 5079 regebat
3287 5007 3616 5067 zecclesiam
3657 5008 3739 5063 vir

331 5115 496 5159 suam
539 5100 769 5158 nomine
809 5098 1212 5156 Glotsuindam
1254 5099 1414 5157 dedit
1446 5100 1499 5157 ei
1542 5099 1596 5156 in
1626 5102 1986 5173 conjugium,
2097 5110 2357 5174 sanctus,
2384 5118 2529 5176 papa
2555 5102 2868 5168 Johannes,
2902 5103 3034 5171 post
3060 5114 3229 5172 quem
3259 5098 3622 5155 Benedictus.
3659 5098 3738 5154 Ci-

331 5190 403 5246 de
436 5205 548 5263 qua
584 5189 724 5247 fecit
756 5203 928 5247 unam
968 5192 1195 5245 tantum
1240 5188 1414 5246 ﬁliam
1455 5190 1688 5247 nomine
1720 5191 1990 5249 Alhsuin-
2100 5194 2339 5250 vitatem
2361 5196 2555 5250 autem
2588 5188 2909 5261 Aquileiam
2941 5194 3002 5245 et
3032 5188 3311 5262 populum
3345 5189 3472 5261 ejus
3508 5189 3734 5258 regebat

333 5277 482 5335 dam.
515 5281 746 5337 Interea
779 5282 1049 5336 mortuus
1079 5281 1171 5335 est
1200 5278 1586 5337 Thurisindus
1617 5294 1717 5337 rex
1744 5281 1964 5353 chido
2100 5284 2306 5338 beatus
2340 5278 2668 5353 patriarcha
2701 5276 2934 5335 Paulus.
2968 5279 3076 5346 Qui
3103 5278 3313 5335 timens
3336 5277 3735 5335 crudelitatem

333 5382 481 5438 rum,
526 5376 587 5426 et
619 5369 847 5442 accepit
898 5382 1138 5439 regnum
1186 5368 1645 5426 Chunimundus.
1699 5370 1806 5436 Qui
1855 5385 1985 5428 cum
2101 5369 2629 5440 Langobardorum,
2682 5382 2754 5424 cx
2805 5369 3069 5439 Aquileia
3111 5368 3183 5425 ad
3226 5367 3470 5427 insulam
3523 5366 3735 5423 Gradus

332 5456 513 5514 vellet
553 5459 853 5516 vindicare
893 5459 1137 5531 injurias
1177 5458 1551 5532 Gepidorum,
1598 5459 1754 5531 rupit
1783 5473 1985 5531 pacem
2097 5458 2363 5527 secessit,
2389 5463 2447 5512 et
2471 5471 2697 5513 omnem
2729 5458 3070 5515 thesaurum
3103 5457 3389 5516 zecclcsiaz
3412 5473 3533 5514 suae
3558 5460 3735 5527 porta-

202 5558 223 5575 '
331 5559 462 5602 cum
515 5547 930 5619 Longohardis,
973 5552 1032 5604 et
1065 5547 1199 5621 plus
1249 5548 1464 5604 amavit
1514 5561 1763 5619 pugnam
1813 5563 1983 5618 quam
2099 5547 2200 5602 vit.
2235 5547 2444 5602 Narses
2484 5545 2681 5617 itaque
2714 5547 2786 5604 de
2818 5549 3127 5620 Campania
3170 5549 3407 5605 Romam
3451 5560 3731 5615 reversus,

374 5649 555 5693 acem.
594 5635 801 5695 Alboin
824 5651 965 5693 vero
986 5636 1122 5692 fecit
1147 5651 1346 5709 pacem
1378 5638 1598 5694 ﬁrmam
1627 5650 1755 5693 cum
1789 5635 1987 5693 Avari-
2100 5640 2229 5708 post
2254 5649 2366 5692 non
2390 5634 2634 5692 multum
2660 5641 2892 5712 tempus
2914 5644 3181 5695 mortuus
3202 5643 3311 5695 est.
3340 5636 3515 5707 Cujus
3535 5651 3735 5708 corpus

377 5739 445 5780 us
476 5724 571 5799 qui
606 5725 851 5799 primum
903 5724 1047 5783 Huni
1102 5726 1462 5783 vocabantur
1510 5726 1609 5784 sed
1658 5728 1861 5797 postea
1914 5725 1986 5783 de
2099 5725 2153 5782 in
2176 5728 2377 5784 cantra
2410 5724 2678 5799 plumbea
2707 5743 2839 5787 cum
2873 5729 3143 5789 omnibus
3174 5727 3395 5788 divitiis
3426 5728 3547 5787 suis
3572 5724 3735 5786 collo-
