3946 6428
287 440 406 505 793

1157 443 1598 510 CHRONICA.
1631 478 1709 490 —
1753 441 2228 509 CHRONICON
2273 443 2817 509 UNIVERSALE.

3571 439 3689 507 ’794

285 583 564 635 caverunt
588 583 648 634 et
671 577 1227 650 Constantinopolim
1251 579 1927 650 trausmiserunt.lgitur
1958 578 2014 640 A
2047 581 2230 654 bardi,
2269 581 2511 639 multum
2544 580 2810 638 dolentes
2850 579 2920 637 de
2952 580 3076 652 ejus
3107 582 3312 651 morte,
3348 578 3689 654 quesierunt

288 667 494 724 Alboin
528 669 767 724 intravit
801 668 1086 737 Liguriam
1141 668 1458 725 indictione
1507 671 1685 727 tcrcia
1720 676 1749 726 3
1784 674 1924 728 Non.

286 757 603 828 Septemb.,
638 763 694 812 et
729 759 837 813 sub
880 766 1143 828 tempore
1182 760 1458 815 Honorati
1500 761 1928 832 archiepiscopi

286 847 668 903 Mediolanum
695 847 956 916 intravit,
985 847 1191 903 deinde
1216 854 1446 904 ceteras
1467 850 1711 919 Liguriae
1731 851 1933 906 civita-

287 939 377 990 tes
409 936 810 1008 apprehendit.
851 937 1093 991 Obsedit
1125 942 1319 992 autem
1351 938 1704 993 'I‘icinensem
1731 940 1932 995 civita-

289 1029 422 1093 tem,
453 1040 579 1094 quae
599 1041 748 1081 nunc
771 1026 945 1096 Papia
970 1026 1204 1094 dicitur,
1235 1043 1335 1097 per
1359 1032 1479 1082 tres
1500 1042 1699 1092 annos,
1719 1029 1928 1098 quibus

288 1114 622 1183 transactis,
656 1119 790 1184 post
841 1115 1174 1184 aliquantos
1224 1130 1451 1170 menses
1503 1116 1713 1170 tradita
1747 1122 1839 1172 est
1873 1119 1927 1172 in

286 1216 486 1257 manus
504 1203 645 1271 ejus.
675 1203 930 1268 Quicum
959 1204 1256 1258 introisset
1286 1220 1384 1274 per
1409 1209 1634 1276 portam
1680 1223 1805 1276 quzc
1848 1207 1929 1262 di-

285 1291 439 1346 citur
460 1293 646 1346 sancti
670 1293 969 1355 Johannis,
1052 1298 1216 1363 parte
1241 1294 1505 1354 orientis.
1529 1310 1734 1365 equus,
1753 1311 1928 1366 super

285 1397 453 1450 quem
489 1381 750 1448 sedebat,
777 1382 914 1451 fixe,
943 1399 1004 1437 se
1040 1383 1093 1436 in
1129 1384 1316 1437 medio
1351 1389 1553 1454 port:e.
1593 1387 1767 1448 Quem
1797 1402 1924 1440 cum

285 1469 380 1524 ille
416 1469 686 1525 tunderet
721 1487 846 1526 cum
881 1471 1210 1526 calcaribus
1242 1479 1296 1526 et
1331 1488 1528 1527 omnes
1562 1473 1656 1542 qui
1684 1474 1926 1542 cireum-

285 1559 520 1614 stabant
571 1559 848 1614 cederent
899 1561 1260 1626 verberibus,
1298 1562 1530 1616 omnino
1563 1563 1776 1616 move.i
1813 1579 1922 1617 non

283 1648 476 1717 potuit
509 1663 716 1716 equus.
741 1651 895 1704 Tunc
928 1664 1076 1703 unus
1105 1664 1173 1702 ex
1213 1651 1604 1717 Ianigobardis
1640 1651 1722 1707 sic
1755 1652 1923 1706 aitad

283 1750 472 1804 regem
492 1756 503 1790 :
523 1736 823 1802 alimento,
843 1739 1210 1804 domi-aerea,
1228 1739 1621 1808 quideorz’sti,
1643 1739 1926 1810 etfrange

282 1823 406 1877 tam
450 1823 666 1879 duram
703 1825 916 1892 comm,
946 1825 1003 1879 et
1031 1825 1394 1895 ingredieris
1433 1827 1925 1892 civitate/namNa;

279 1911 434 1967 enim
446 1912 818 1970 clu'z'sliarms
823 1913 1076 1984 populus
1088 1915 1176 1970 est
1186 1915 1652 1971 tacititaz‘eism.
1673 1917 1918 1971 V'overat
1952 1943 2005 2002 B

281 2000 431 2055 enim
449 2000 653 2056 Alboin
671 2005 860 2070 antea,
878 2002 1027 2072 quod
1047 2003 1377 2058 universum
1403 2005 1674 2075 populum
1700 2007 1923 2062 occide-

283 2094 369 2145 ret
385 2090 703 2159 gladio,qui
720 2091 828 2146 sibi
846 2105 906 2145 se
924 2092 1154 2148 tradere
1171 2093 1597 2160 nolebat.Quod
1615 2101 1806 2151 votum
1827 2098 1921 2151 ubi

282 2179 556 2249 disrupit,
586 2194 772 2248 equus
806 2195 866 2235 se
898 2181 1172 2237 continuo
1204 2183 1400 2242 movit.
1423 2189 1479 2238 et
1512 2185 1592 2239 sic
1625 2185 1921 2241 civitatem

284 2267 540 2322 intravit.
578 2270 732 2324 Tunc
764 2269 896 2324 data
934 2285 1090 2340 pace,
1127 2271 1312 2327 omnis
1364 2273 1615 2342 populus
1663 2275 1729 2328 ad
1794 2290 1922 2330 eum

281 2359 514 2413 tandem
547 2359 808 2413 cucurrit
845 2357 912 2413 ad
945 2358 1242 2428 palatium,
1277 2362 1428 2430 quod
1470 2361 1780 2431 aliquando
1825 2380 1924 2419 rex

279 2445 671 2502 Theodericus
696 2447 853 2502 fecit.
884 2447 1089 2503 Alboin
1115 2448 1292 2516 igitur
1323 2453 1626 2519 postquam
1663 2454 1920 2516 regnavit

283 2535 336 2590 in
371 2535 533 2589 Italia
566 2550 747 2590 annos
794 2541 914 2590 tres
946 2541 1004 2591 et
1039 2550 1265 2590 menses
1300 2553 1420 2606 sex,
1458 2538 1800 2595 interfectus
1833 2547 1923 2595 est

281 2623 526 2678 consilio
589 2623 854 2691 conjugis
915 2639 1034 2679 sua)
1093 2640 1198 2694 pro
1253 2640 1446 2680 causa.
1503 2631 1638 2682 Cum
1692 2629 1804 2683 sed
1837 2636 1920 2683 ret

284 2712 491 2767 Alboin
525 2713 676 2783 apud
708 2714 1034 2767 Ravennam
1062 2713 1114 2766 in
1140 2714 1406 2769 convivio
1429 2719 1486 2769 et
1523 2716 1765 2770 bibisset
1794 2717 1922 2787 plus

280 2815 561 2869 congruo,
581 2801 842 2871 precepit
866 2801 1056 2856 afferri
1085 2802 1277 2856 vinum
1307 2803 1518 2871 regina:
1541 2805 1922 2860 Rosemunda:

281 2890 332 2944 in
371 2889 627 2956 vasculo,
655 2888 808 2958 quod
843 2889 974 2944 fecit
1015 2889 1085 2944 de
1126 2891 1316 2960 capite
1358 2892 1544 2960 patris
1569 2893 1920 2961 ejusChuui-

281 2978 474 3032 mundi
511 2978 686 3047 regis,
723 2978 922 3032 dicens
951 2979 1025 3043 ei,
1062 2985 1123 3033 ut
1158 2979 1309 3048 lzeta,
1341 2980 1566 3035 biberet
1597 2998 1724 3038 cum
1761 2991 1924 3053 patre

280 3082 402 3121 suo.
438 3069 548 3122 Pro
581 3082 689 3137 qua
725 3082 787 3122 re
820 3067 918 3121 illa
951 3068 1257 3123 maximum
1291 3070 1630 3140 concipiens
1664 3072 1714 3126 in
1750 3075 1924 3128 corde

281 3153 564 3222 dolorem,
587 3155 889 3224 cogitavit,
917 3156 1169 3226 qualiter
1194 3157 1460 3213 maritum
1489 3159 1538 3212 in
1553 3161 1843 3216 terfieeret
1867 3167 1923 3216 et

282 3249 505 3314 patrem
522 3244 1312 3315 vindicaret,consiliuimpie
1353 3247 1554 3302 habuit
1592 3264 1692 3318 pro
1726 3248 1830 3304 hac
1864 3266 1924 3306 re

278 3346 407 3388 cum
436 3332 728 3388 Helmicbe
751 3333 1036 3402 armigero
1061 3334 1351 3403 regis,qui
1377 3352 1503 3391 eum
1533 3338 1725 3405 regina
1751 3341 1924 3395 unius

280 3426 405 3476 erat
431 3422 642 3477 zetatis.
664 3421 977 3477 Helmichis
1001 3437 1136 3477 vero
1161 3423 1318 3477 dedit
1343 3424 1395 3478 ei
1417 3427 1747 3496 eonsdium,
1766 3434 1827 3482 ut
1854 3429 1920 3484 ad

277 3507 424 3566 hanc
460 3509 868 3581 perﬁciendam
902 3516 1224 3566 assumeret
1263 3513 1600 3583 Peredeum,
1639 3517 1922 3584 quendam

282 3600 487 3654 fortem
522 3599 728 3664 virum,
766 3599 1024 3668 quicum
1067 3601 1342 3655 vestiaria
1395 3602 1654 3671 ejusdem
1711 3606 1922 3670 regina:

277 3687 504 3743 solebat
536 3687 808 3742 dormire.
838 3688 937 3744 Cui
971 3705 1101 3744 eum
1137 3689 1231 3744 illa
1266 3705 1423 3746 suam
1461 3691 1816 3748 voluntatem
1843 3695 1923 3749 in-

278 3776 524 3846 dicaret,
560 3781 616 3831 ct
652 3776 773 3847 ipse
807 3777 862 3832 in
895 3778 1357 3834 interfectionem
1388 3780 1544 3849 regis
1573 3781 1660 3835 sui
1685 3798 1922 3838 consen-

277 3879 403 3920 sum
436 3880 601 3922 suum
637 3865 971 3935 denegaret,
995 3868 1192 3936 regina
1229 3869 1284 3922 in
1316 3873 1572 3939 tempore
1593 3871 1784 3926 noctis
1807 3872 1921 3927 eol-

277 3953 491 4009 locavit
525 3968 587 4010 se
617 3954 670 4009 in
703 3953 855 4010 lecto
881 3955 1170 4010 vestiarize
1203 3971 1340 4024 suze,
1370 3972 1536 4026 quam
1564 3958 1658 4013 ille
1683 3961 1914 4027 amavit,

277 4043 634 4113 veniensque
663 4042 973 4110 Percdeus,
1012 4044 1264 4112 reginam
1295 4044 1664 4101 adulteravit.
1702 4048 1820 4114 Qua
1857 4065 1915 4104 rc

277 4132 557 4202 perfecta,
581 4131 758 4201 C(Bpit
784 4131 880 4186 illa
903 4131 1096 4186 dicere
1121 4133 1377 4189 Peredeo
1397 4153 1407 4186 :
1431 4135 1718 4199 Qaamme
1732 4139 1918 4194 consi-

275 4220 452 4276 deras
469 4224 637 4276 esse?
661 4219 918 4288 Cumque
951 4219 1048 4274 ille
1096 4221 1417 4277 nominaret
1470 4237 1674 4279 nomen
1717 4225 1916 4281 amicz‘e

275 4323 417 4376 suae,
449 4307 549 4362 illa
581 4307 882 4378 respondit
910 4328 921 4363 :
957 4310 1088 4367 Non
1115 4317 1217 4378 est,
1242 4311 1313 4366 at
1332 4312 1397 4366 ta
1412 4325 1650 4382 speras;
1665 4327 1766 4384 ego
1788 4328 1918 4371 sam

276 4397 666 4455 Rosemunda.
689 4396 858 4454 Certe
879 4398 1057 4454 talem
1078 4412 1321 4455 causam
1339 4399 1506 4455 modo
1509 4401 1741 4472 fecisti,
1763 4403 1848 4472 at,
1861 4407 1919 4461 si

276 4487 341 4542 tu
359 4499 477 4542 non
497 4485 872 4560 interfeceris
891 4485 1123 4555 Albam,
1140 4487 1266 4557 ipse
1280 4488 1332 4542 te
1345 4487 1691 4559 interﬁciat.
1711 4492 1815 4556 Qui
1839 4492 1918 4547 in-

276 4575 548 4643 telligens
581 4575 791 4631 malum
818 4575 970 4645 quod
996 4576 1150 4646 fecit,
1179 4576 1314 4632 licet
1341 4577 1576 4648 invitus,
1596 4579 1648 4634 in
1671 4585 1913 4636 mortem

2045 673 2364 730 I-Ielmichin
2400 672 2748 729 ii'iterficere.
2783 673 2942 727 Inter
2969 671 3092 727 bzec
3133 670 3498 727 Rosemunda
3533 686 3688 727 man-

2044 761 2200 816 davit
2237 762 2488 831 Longino
2519 763 2782 832 prcfecto
2815 762 3120 828 Ravennae,
3148 760 3458 815 utconcite
3494 760 3684 815 navim

2044 850 2322 919 mitteret,
2353 866 2478 926 quat
2503 864 2602 905 eos
2627 850 2986 919 deportaret.
3012 848 3190 914 Quam
3223 864 3351 903 eum
3378 847 3472 904 ille
3499 848 3690 903 misis-

2044 944 2153 1007 set,
2194 956 2294 1010 per
2326 939 2619 994 silentium
2655 939 2846 993 noctis
2879 937 3194 994 IIelmichis
3225 943 3279 992 et
3318 937 3682 993 Rosemunda

2043 1031 2231 1084 navim
2265 1031 2649 1097 intraverunt,
2676 1035 2734 1084 et
2768 1029 3163 1096 Albsuindam,
3201 1027 3374 1082 filiam
3409 1028 3564 1096 regis
3595 1026 3686 1083 AI-

2046 1121 2077 1173 b
2107 1121 2198 1183 in,
2233 1123 2289 1174 et
2324 1134 2550 1174 omnem
2602 1119 2937 1174 thesaurum
2971 1133 3166 1173 secum
3200 1118 3678 1186 deportaverunt.

2043 1209 2331 1274 Longinus
2364 1214 2555 1264 autem
2593 1209 2886 1278 profectus
2917 1207 3101 1262 suasit
3139 1204 3582 1271 Rosemundam,
3621 1207 3685 1258 ut

2042 1297 2361 1352 lIelmiehin
2395 1298 2687 1352 occideret
2725 1301 2782 1350 et
2814 1312 2876 1351 se
2911 1296 3177 1350 maritum
3203 1293 3515 1362 acciperet.
3541 1291 3679 1356 Quae

2039 1401 2166 1440 cum
2201 1387 2623 1454 consensisset,
2662 1385 2906 1454 quadam
2941 1385 3032 1439 die
3080 1383 3214 1438 dum
3265 1380 3577 1437 IIelmichis
3609 1378 3679 1434 ad

2043 1475 2309 1528 balneum
2345 1475 2473 1542 iret,
2515 1475 2770 1544 perrexit
2819 1489 2948 1529 cum
2992 1488 3080 1541 eo,
3119 1476 3181 1527 ut
3227 1471 3277 1527 ei
3326 1468 3675 1535 deserviret,

2041 1567 2281 1633 portans
2307 1579 2502 1617 secum
2532 1579 2833 1631 venenum,
2853 1577 2964 1632 quo
2980 1576 3108 1617 eum
3127 1560 3503 1615 interficeret.
3524 1558 3683 1612 Cum-

2039 1668 2148 1721 que
2183 1652 2278 1706 ille
2323 1653 2393 1706 de
2437 1652 2641 1706 balneo
2683 1653 2892 1712 exiret.
2930 1649 3192 1721 porrexit
3225 1649 3276 1705 ei
3306 1661 3587 1703 venenum
3626 1645 3678 1699 in

2041 1739 2268 1808 poculo,
2305 1740 2504 1795 dicens
2536 1760 2548 1794 :
2581 1741 2655 1796 Si
2687 1740 2792 1796 [me
2831 1738 3067 1800 biberis.
3101 1749 3384 1806 magnam
3423 1734 3679 1791 salutem

2035 1830 2174 1884 inde
2196 1829 2456 1886 habebis.
2475 1830 2580 1894 Qui
2605 1845 2733 1884 cum
2761 1829 2987 1884 biberet
3013 1842 3076 1883 ac
3100 1841 3382 1883 venenum
3407 1839 3538 1879 esse
3554 1838 3680 1878 seu-

2039 1917 2195 1985 tiret,
2224 1920 2590 1988 apprehenso
2622 1917 2834 1986 gladio,
2859 1915 3282 1972 Rosemundam
3310 1929 3412 1983 per
3434 1910 3679 1982 capillos

2038 2007 2246 2072 tenuit,
2282 2011 2341 2061 et
2374 2021 2654 2061 venenum
2705 2004 2855 2074 quod
2897 2008 3254 2060 remanserat
3289 2000 3442 2055 illam
3479 1999 3677 2053 bibere

2037 2095 2250 2162 coegit,
2287 2095 2490 2163 sicque
2524 2094 2622 2150 Dei
2653 2094 2873 2163 judicio
2904 2095 3071 2148 ambo
3107 2094 3401 2162 perierunt
3435 2103 3674 2145 veneno.

2041 2184 2326 2250 l'.onginus
2363 2200 2500 2238 vero
2535 2185 2830 2253 prefectus
2880 2181 3295 2238 Albsuuiudam
3345 2193 3476 2234 cum
3525 2177 3676 2232 omni

2036 2273 2309 2328 thesauro
2327 2273 2482 2327 misit
2499 2270 3058 2340 ConstantinOpolim
3079 2266 3677 2339 imperatoriJustino.

2039 2361 2395 2427 Longohardi
2431 2364 2622 2416 autem
2655 2375 2873 2428 omnes,
2903 2360 3100 2413 habito
3135 2358 3284 2412 inter
3315 2371 3377 2412 se
3408 2354 3675 2423 consilio,

2038 2452 2297 2506 fecerunt
2339 2465 2530 2519 regem
2574 2449 2769 2520 Cleph,
2806 2449 2990 2503 virum
3033 2445 3453 2502 nobilissimum
3487 2443 3678 2513 gentis

2036 2539 2565 2606 Longobardorum,
2605 2539 2657 2592 in
2692 2538 2932 2593 civitate
2963 2535 3366 2591 Ticinensium.
3402 2533 3503 2587 Hic
3538 2531 3678 2587 mul-

2035 2632 2127 2681 tos
2160 2632 2430 2696 potentes
2461 2627 2617 2682 viros
2650 2628 3035 2680 Romanorum
3068 2623 3213 2678 alios
3260 2620 3495 2689 occidit,
3532 2619 3676 2674 alios

2036 2715 2106 2769 de
2153 2716 2316 2770 Italia
2365 2715 2572 2785 ejecit;
2605 2731 2708 2770 nec
2750 2713 2899 2770 enim
2952 2712 3222 2768 Romanis
3264 2710 3364 2765 illo
3411 2714 3676 2779 tempore

2036 2803 2226 2858 victus
2261 2804 2388 2870 fuit,
2414 2809 2474 2859 ut
2508 2804 2782 2859 resistere
2819 2806 3056 2872 possent
3087 2798 3506 2868 Longobardis,
3543 2796 3675 2866 quia

2035 2897 2093 2948 et
2128 2892 2475 2961 mortalitas,
2504 2908 2630 2963 qum
2663 2893 2770 2948 sub
2802 2893 3042 2946 Narsete
3077 2889 3202 2955 fuit,
3229 2893 3288 2944 et
3322 2888 3518 2955 fames,
3548 2900 3674 2955 qua)

2041 2986 2236 3051 postea
2289 2981 2465 3050 venit,
2510 2996 2734 3038 onmem
2785 2979 3006 3036 Italiam
3048 2977 3373 3049 dissipavit.
3421 2977 3677 3044 Cumque

2035 3086 2139 3141 per
2171 3085 2344 3126 unum
2378 3084 2587 3125 annum
2620 3075 2675 3124 et
2711 3084 2810 3125 sex
2842 3083 3070 3125 menses
3111 3067 3286 3136 Cleph
3320 3066 3612 3135 regnaret,
3647 3076 3678 3116 a

2037 3157 2282 3226 quodam
2325 3173 2524 3229 puero,
2561 3157 2827 3213 familiari
2859 3172 2986 3222 suo,
3022 3171 3150 3213 cum
3181 3153 3397 3223 gladio,
3433 3151 3587 3222 quod
3622 3151 3676 3205 in

2038 3261 2230 3302 mensa
2265 3246 2335 3301 ad
2378 3248 2720 3316 obsequium
2763 3261 2930 3302 suum
2970 3245 3243 3311 habebat,
3289 3241 3521 3298 occisus
3561 3245 3673 3296 est.

2038 3337 2172 3390 Post
2207 3335 2374 3404 cujus
2403 3340 2647 3390 mortem
2683 3333 3044 3401 Longobardi
3079 3346 3270 3400 regem
3299 3330 3413 3398 jam
3450 3343 3552 3399 per
3582 3342 3679 3383 an-

2035 3440 2139 3479 nos
2171 3425 2368 3478 decem
2403 3439 2513 3478 non
2562 3423 2911 3491 habuerunt,
2946 3421 3048 3477 sed
3082 3421 3279 3488 duces,
3314 3431 3677 3488 unaquaeque

2033 3513 2242 3568 civitas
2274 3528 2439 3569 suum
2473 3512 2697 3568 ducem.
2733 3512 2814 3566 Ex
2847 3511 3059 3582 quibus
3099 3508 3347 3565 ducibus
3387 3505 3672 3576 aliquanti

2031 3617 2158 3658 cum
2192 3601 2391 3657 multis
2425 3601 2850 3672 pugnatoribus
2884 3600 3096 3655 Gallias
3141 3596 3410 3667 ingressi,
3446 3593 3673 3666 predati

2032 3695 2187 3760 sunt,
2223 3693 2429 3745 contra
2461 3705 2612 3761 quos
2655 3692 2894 3748 Amatus
2944 3686 3250 3760 patricius,
3286 3685 3383 3753 qui
3426 3687 3553 3740 erat
3603 3698 3673 3737 ex

2031 3785 2197 3850 parte
2229 3780 2585 3835 Guntrammi
2625 3779 2800 3849 regis,
2839 3793 3074 3834 movens
3105 3776 3451 3845 exercitum,
3487 3774 3558 3829 ab
3590 3773 3675 3828 eis

2030 3869 2258 3924 occisus
2291 3873 2400 3937 est,
2425 3869 2648 3939 ipsique
2680 3884 2808 3924 cum
2844 3867 3020 3923 multa
3054 3867 3229 3938 preda
3264 3863 3486 3920 reversi
3518 3866 3670 3919 sunt.

2029 3958 2251 4024 Quibus
2282 3957 2743 4027 discedentibus,
2771 3973 2872 4013 rex
2901 3957 3165 4027 Ennium,
3191 3955 3286 4027 qui
3315 3958 3376 4012 et
3407 3955 3676 4010 Nummu-

2028 4045 2120 4103 lus
2154 4047 2346 4102 dictus
2378 4050 2488 4115 est,
2517 4045 2584 4100 ad
2619 4061 2681 4102 se
2713 4047 2963 4115 vocavit,
2989 4060 3235 4116 eumque
3260 4043 3568 4116 patricium
3604 4041 3679 4096 fe-

2027 4135 2126 4189 cit.
2154 4137 2364 4190 Iterum
2403 4134 2766 4203 Longobardi
2801 4135 3168 4190 intraverunt
3201 4131 3472 4198 Galliam;
3504 4131 3676 4185 Num-

2030 4222 2220 4278 mulus
2254 4227 2444 4278 autem
2473 4223 2724 4292 jungcns
2754 4237 2816 4278 se
2850 4221 3378 4292 Burgundionibus,
3407 4219 3512 4274 ivit
3540 4231 3675 4272 con-

2028 4317 2115 4366 tra
2149 4326 2268 4380 eos,
2306 4317 2364 4366 et
2392 4312 2762 4367 circumdans
2801 4326 2901 4366 eos
2953 4310 3200 4379 insidiis,
3239 4309 3452 4364 multos
3483 4323 3552 4362 ex
3587 4305 3672 4362 eis

2028 4399 2265 4468 occidit,
2301 4405 2531 4454 ceteros
2567 4399 2757 4455 redire
2792 4413 3005 4454 vacuos
3037 4398 3248 4467 coegit.

2101 4499 2240 4552 Post
2272 4497 2392 4553 haec
2427 4499 2700 4566 Saxones,
2731 4497 2826 4567 qui
2855 4512 2982 4552 cum
3018 4494 3414 4565 Longobardis
3445 4492 3669 4548 Italiam

2029 4585 2416 4656 intraverunt,
2435 4602 2563 4641 cum
2578 4586 2845 4642 viderent
2871 4584 3276 4654 Longobardos
3302 4597 3543 4652 regnare
3566 4596 3670 4637 nec

275 4664 430 4734 regis
459 4665 778 4721 consensit.
811 4666 964 4721 Tunc
1007 4667 1366 4722 Rosemunda
1416 4668 1714 4725 crudelior
1763 4671 1914 4726 omni
1944 4662 1998 4726 D
2031 4675 2138 4746 ipsi
2171 4675 2383 4731 vellent
2418 4676 2524 4731 sub
2555 4676 2638 4730 eis
2673 4676 2886 4744 vivere,
2919 4690 3048 4729 cum
3096 4673 3364 4728 omnibus
3410 4671 3533 4727 suis
3569 4683 3671 4742 per

275 4752 482 4823 bestia,
516 4769 646 4808 cum
678 4754 886 4808 Alboin
921 4753 973 4808 in
1007 4754 1247 4810 meridie
1284 4769 1345 4810 se
1396 4771 1594 4812 somno
1635 4758 1913 4830 dedisset,

274 4841 535 4913 precepit
559 4857 826 4911 magnum
851 4841 1150 4898 silentium
1178 4842 1229 4896 in
1257 4843 1474 4914 palatio
1499 4845 1620 4902 fieri
1646 4851 1705 4902 et
1727 4850 1915 4905 omnia

273 4945 431 4985 arma
454 4931 586 4986 inde
613 4930 900 5001 subtrahi,
919 4938 972 4987 et
991 4931 1247 5002 gladium
1274 4932 1432 4989 illius
1459 4935 1690 4992 fortiter
1713 4937 1916 5006 ligavit

273 5020 342 5074 ad
364 5024 536 5089 caput
564 5018 783 5090 lectuli,
800 5035 870 5076 ne
894 5025 1093 5093 posset
1113 5022 1405 5092 evaginari
1431 5029 1528 5078 aut
1556 5025 1914 5098 tolli,sicquc

269 5107 686 5164 interfectores
712 5109 837 5177 ejus
864 5110 1210 5166 introduxit.
1232 5112 1439 5167 Alboin
1466 5129 1602 5169 vero
1622 5116 1916 5172 excitatus

270 5209 296 5247 a
349 5210 566 5266 somno,
603 5202 660 5250 et
705 5196 1039 5264 intelligens
1089 5198 1294 5254 malum
1350 5200 1502 5270 qued
1556 5200 1911 5273 imminebat,

269 5284 498 5339 coucite
529 5301 755 5340 manuni
789 5285 856 5340 ad
887 5286 1162 5356 gladium,
1184 5289 1278 5358 qui
1314 5289 1588 5358 alligatus
1619 5298 1767 5362 erat,
1797 5299 1918 5347 teu-

270 5372 465 5441 debat,
501 5375 600 5429 sed
649 5389 758 5429 non
801 5375 1002 5429 valens
1051 5392 1178 5430 eum
1230 5379 1558 5444 extrahtu'e,
1597 5380 1912 5437 scabellum

269 5463 766 5532 apprehendcbat,
783 5470 840 5519 et
866 5463 1217 5534 aliquamdiu
1236 5482 1297 5521 se.
1314 5468 1659 5525 defendebat
1679 5472 1808 5536 ;sed
1831 5471 1912 5525 illi

267 5549 641 5620 prevalentes
664 5567 794 5608 eum
821 5553 1186 5609 occidebant.
1217 5556 1528 5612 llelmiehis
1551 5562 1744 5614 autem
1773 5561 1916 5616 acci-

270 5638 432 5709 piens
448 5639 871 5696 Rosemundam
891 5642 942 5696 in
961 5645 1572 5715 uxorem,decretavit,
1592 5651 1652 5703 ut
1673 5664 1911 5718 regnum

269 5726 473 5784 Alboin
507 5730 993 5802 apprehenderet,
1017 5731 1117 5788 sed
1154 5747 1260 5790 non
1297 5735 1506 5806 potuit,
1535 5738 1667 5808 quia
1694 5738 1914 5810 Longo-

2029 4764 2269 4819 Galliam
2294 4764 2615 4834 redierunt,
2633 4770 2689 4819 et
2716 4780 2815 4836 per
2839 4763 3190 4833 adjutorium
3215 4761 3488 4830 Sigiberti
3517 4760 3673 4828 regis

2028 4851 2081 4906 in
2120 4852 2365 4923 patriam
2399 4868 2559 4907 suam
2596 4854 3002 4908 rctcmlerunt.
3044 4852 3166 4918 Quo
3201 4866 3328 4907 eum
3376 4848 3671 4920 pervenis-

2030 4946 2179 5009 sent,
2210 4941 2553 4997 invenerunt
2579 4956 2702 4998 eam
2728 4945 2928 4998 tenere
2951 4943 3168 4997 Suevos
3191 4945 3249 4996 et
3274 4939 3418 4996 alias
3441 4943 3666 5008 gentes.

2028 5031 2478 5085 Insurrexerunt
2508 5045 2647 5099 ergo
2681 5035 2881 5087 contra
2915 5047 3035 5100 eos,
3070 5034 3126 5085 et
3178 5030 3487 5086 certabant
3538 5027 3669 5083 inde

2027 5119 2322 5189 expellere
2354 5134 2473 5174 eos.
2511 5122 2579 5174 At
2617 5120 2696 5174 illi
2730 5120 3014 5176 dederunt
3046 5120 3131 5175 eis
3173 5117 3410 5174 terciam
3447 5121 3668 5189 partem

2028 5208 2304 5278 regionis,
2339 5208 2601 5263 dicentes
2631 5228 2641 5262 :
2673 5209 2824 5274 Qm'n
2843 5222 3158 5279 possumus
3185 5205 3568 5262 communiter
3589 5207 3674 5262 τί-

2024 5312 2175 5353 eere.
2213 5298 2538 5353 Saxonibus
2570 5313 2683 5354 non
2711 5300 3238 5366 consentientibus,
3265 5297 3476 5352 iterum
3501 5294 3674 5351 dede-

2027 5390 2160 5441 runt
2195 5387 2279 5441 eis
2317 5386 2482 5442 aliam
2513 5387 2776 5458 terciam,
2814 5392 2876 5443 ut
2909 5387 3017 5457 ipsi
3047 5389 3318 5441 tenerent
3346 5399 3544 5446 unam;
3571 5384 3671 5439 sed

2027 5475 2352 5531 Saxonibus
2383 5474 2541 5531 nullo
2592 5477 2759 5531 modo
2810 5475 3341 5545 acquiescentibus,
3375 5473 3674 5530 commise-

2025 5572 2159 5619 runt
2195 5579 2463 5634 pugnam,
2499 5564 2553 5619 in
2589 5579 2698 5635 qua
2731 5565 2800 5620 de
2831 5557 3162 5620 Saxonibus
3186 5563 3340 5618 mille
3365 5568 3434 5619 “20
3459 5561 3672 5617 mortui

2027 5659 2183 5723 sunt,
2221 5654 2290 5709 de
2324 5654 2440 5710 illis
2470 5669 2608 5710 vero
2642 5657 2744 5711 400
2777 5653 2932 5709 milia
2966 5659 3023 5709 et
3055 5659 3142 5723 80,
3193 5653 3395 5724 sicque
3419 5655 3674 5709 Saxones

2028 5747 2243 5799 terram
2279 5758 2439 5800 suam
2474 5743 2878 5801 obtinuerunt.
