3946 6412
309 407 428 475 ’795

1463 410 1949 477 EKKEHARDI
1991 409 2550 476 URAUGIENSIS

3604 408 3732 475 796

386 546 505 605 Hoc
533 548 799 621 tempore
834 547 1165 621 Sigibertus
1200 563 1303 607 rex
1336 549 1689 607 Francorum
1731 548 1965 607 occisus
1997 557 2047 619 Α
2080 546 2204 605 rius
2257 547 2466 604 scribit
2497 546 2551 603 in
2583 544 2822 617 Dialogo
2875 544 2975 619 (cf.
3016 560 3097 617 ιιι,
3136 546 3245 619 19),
3277 548 3337 603 et
3387 544 3729 620 pestilentia

316 642 409 695 est
440 637 642 695 fraude
692 638 981 712 Hclperici
1036 639 1235 698 fratris
1285 640 1395 711 sui,
1445 643 1504 697 et
1558 655 1799 708 regnum
1838 640 1965 710 ejus

318 727 577 800 suscepit
612 727 765 785 illius
792 730 919 800 ejus
949 728 1313 788 Ilildibertus
1334 746 1463 787 cum
1489 729 1827 786 Brunihilde
1852 745 1968 785 ma-

320 820 408 872 tre
440 830 563 872 sua.

388 906 652 964 Justinus
683 922 915 979 quoque
949 908 1137 965 minor
1166 924 1295 966 cum
1332 915 1387 965 11
1430 909 1596 965 annis
1642 912 1963 979 regnasset,

320 993 540 1050 eisdem
594 997 957 1068 temporibus
1004 997 1169 1064 obiit,
1200 1002 1259 1055 et
1287 999 1592 1071 Tyberium
1643 997 1969 1054 Constanti-

323 1098 454 1139 num
490 1098 894 1142 successorem
929 1088 1187 1158 reliquit.
1212 1088 1334 1155 Quo
1363 1092 1495 1160 post
1529 1103 1712 1144 annos
1743 1092 1967 1159 septem

320 1171 614 1245 defuncto,
651 1176 963 1233 Mauricius
993 1178 1043 1233 ei
1075 1178 1359 1234 successit
1394 1179 1448 1234 in
1488 1177 1751 1249 imperio.

392 1262 911 1334 Longobardivero
929 1284 1057 1325 cum
1088 1283 1186 1339 per
1209 1268 1407 1324 decem
1433 1283 1615 1325 annos
1636 1271 1835 1323 essent
1861 1266 1969 1322 sub

325 1352 594 1426 ducibus,
638 1361 843 1428 postea
896 1359 1185 1414 communi
1238 1358 1487 1415 consilio
1536 1358 1971 1414 constituerunt

319 1441 432 1498 sibi
487 1458 679 1513 regem
737 1446 1000 1517 Authari,
1036 1447 1212 1503 ﬁlium
1271 1447 1583 1519 Calpbonis
1643 1445 1967 1517 supradicti

322 1530 608 1604 principis
640 1534 734 1605 qui
764 1541 897 1592 ante
926 1538 1211 1592 Talouezu
1236 1537 1524 1607 regnavit,
1549 1542 1606 1591 et
1633 1552 1734 1607 pro
1765 1550 1970 1605 magno

324 1620 540 1677 honore
565 1631 922 1682 vocaverunt
945 1642 1073 1682 eum
1103 1627 1378 1696 Flavium,
1405 1632 1463 1682 et
1484 1626 1638 1681 istud
1661 1641 1971 1698 pronomen

324 1717 523 1781 postea
550 1712 605 1768 in
631 1729 738 1770 usu
764 1714 1094 1772 habuerunt
1116 1731 1286 1786 reges
1311 1715 1837 1785 [.rmgohardorum.
1866 1718 1973 1770 Du-

325 1814 426 1856 ces
456 1816 597 1859 vero
623 1804 717 1874 qui
747 1810 879 1861 tunc
901 1810 1067 1861 erant
1092 1821 1198 1878 pro
1221 1807 1648 1862 restauratione
1676 1806 1834 1876 regni
1859 1819 1972 1860 mc-

324 1889 600 1947 dietatem
631 1894 881 1950 omnium
915 1910 1147 1951 suarum
1182 1896 1642 1953 substantiarum
1676 1896 1729 1951 in
1761 1892 1974 1967 expen-
2000 1930 2054 1991 B

323 1978 477 2036 dium
511 1983 592 2037 rei
627 1982 878 2053 publicm
925 1984 1236 2055 dederunt,
1271 1989 1335 2041 ut
1379 1988 1557 2055 esset,
1594 1985 1744 2041 unde
1773 1984 1971 2040 vivere

328 2069 618 2140 potuisset
648 2071 773 2143 ipse
808 2088 930 2139 rex,
963 2072 1053 2128 vel
1086 2074 1182 2144 qui
1217 2073 1270 2129 in
1320 2075 1568 2131 servicio
1610 2074 1735 2143 ejus
1782 2077 1968 2143 erant,

327 2157 417 2213 vel
449 2158 546 2230 qui
581 2158 651 2214 ad
683 2175 814 2216 cum
845 2161 1174 2218 veniebant.
1198 2164 1315 2219 lloc
1339 2167 1532 2219 autem
1557 2168 1679 2219 erat
1709 2162 1973 2218 mirabile

326 2245 379 2301 in
415 2262 594 2318 regno
632 2250 1160 2323 Longobardorum,
1189 2253 1341 2324 quod
1369 2253 1566 2310 nullus
1595 2252 1766 2309 alicui
1803 2253 1975 2310 faeie-

326 2336 422 2390 bat
458 2336 819 2409 violentiam,
854 2339 1011 2397 nulla
1045 2342 1202 2398 fraus
1236 2342 1312 2397 ibi
1346 2347 1494 2414 erat,
1527 2357 1692 2399 nemo
1723 2342 1970 2414 aliquem

326 2424 542 2495 injuste
568 2427 929 2500 angariabat,
958 2445 1066 2485 non
1089 2430 1167 2486 ibi
1192 2430 1454 2489 latrones
1472 2435 1658 2503 erant,
1678 2431 1778 2488 sed
1802 2447 1975 2490 unus-

326 2514 575 2586 quisque
599 2517 696 2573 ubi
722 2518 951 2574 volebat
977 2534 1222 2577 securus
1244 2522 1547 2592 pergebat.
1576 2523 1688 2578 lloc
1714 2526 1975 2593 tempore
2018 2552 2029 2569 ι

329 2602 640 2662 Mauricius
664 2606 982 2679 imperator
1006 2610 1424 2681 quinquaginta
1460 2610 1617 2666 milia
1649 2610 1974 2668 solidorum

332 2691 489 2748 misit
526 2693 853 2753 Hildibcrto
886 2697 1008 2768 regi
1058 2700 1429 2770 Francorum,
1465 2704 1530 2756 ut
1562 2698 1976 2770 Longohardos

328 2778 399 2836 de
430 2782 596 2838 Italia
628 2785 971 2857 expelleret.
996 2786 1119 2853 Quo
1142 2788 1410 2845 veniente
1431 2804 1559 2845 cum
1584 2804 1789 2858 magno
1814 2803 1977 2845 exer-

327 2870 470 2941 citu,
507 2872 871 2943 Longobardi
902 2876 1173 2934 civitates
1207 2892 1344 2934 suas
1377 2878 1766 2948 intraverunt,
1792 2884 1851 2934 et
1882 2892 1979 2932 xe-

329 2958 422 3014 nia
456 2960 781 3020 Hildiberto
814 2965 935 3037 regi
970 2965 1273 3033 miserunt,
1298 2981 1617 3038 pacemque
1639 2982 1768 3022 cum
1801 2981 1869 3021 eo
1904 2967 1979 3021 fe-

328 3054 556 3107 cerunt.
587 3051 694 3119 Qui
726 3067 1002 3111 reversus
1033 3057 1124 3111 est
1159 3055 1212 3110 in
1247 3054 1505 3111 Galliam.
1534 3055 1695 3121 Quod
1733 3054 1978 3111 audiens

330 3138 657 3215 Mauricius,
690 3141 935 3214 solidos,
962 3158 1109 3215 quos
1140 3144 1190 3200 ei
1225 3159 1330 3216 pro
1354 3143 1738 3215 dissipatione
1761 3145 1981 3214 Longo-

334 3228 644 3288 bardorum
677 3232 858 3303 dedit,
889 3238 1155 3304 repetere
1178 3233 1509 3304 coepit;sed
1543 3231 1641 3289 ille
1674 3234 1731 3288 in
1761 3234 1979 3289 virtute

2079 636 2201 705 illa,
2238 654 2342 709 pro
2377 651 2485 708 qua
2520 636 2647 709 ipse
2674 637 2788 708 jam
2830 635 3297 706 archvdiaconus
3325 637 3727 709 septiformem

2078 726 2368 783 laetaniam
2397 726 2706 784 constituit
2730 727 2968 799 ipseque
2986 728 3302 782 Romanum
3325 727 3730 798 pontiﬁcatum

2080 815 2300 872 invitus
2316 816 2561 887 accepit.
2581 817 2721 871 Post
2740 815 2862 871 haec
2886 814 3046 870 misit
3069 815 3309 870 Authari
3339 816 3559 885 legatos
3582 831 3729 874 suos

2080 904 2150 960 ad
2192 904 2564 961 Ga-ribaldum
2617 920 2811 974 regem
2863 904 3278 975 Bawariorum,
3319 908 3519 976 petens
3548 906 3727 962 ﬁliam

2078 1008 2242 1050 suam
2279 1009 2535 1050 uxorem.
2571 993 2678 1059 Qui
2716 994 2858 1049 bene
2890 992 3117 1063 legatos
3147 994 3426 1066 suscepit,
3459 1000 3514 1051 et
3549 994 3727 1052 tiliam

2079 1097 2241 1139 suam
2268 1083 2497 1139 nomine
2515 1082 2966 1138 Theodclindam
3000 1083 3050 1138 ei
3084 1082 3373 1153 promisit.
3401 1083 3561 1149 Quod
3586 1085 3724 1140 dum

2082 1171 2243 1228 missi
2304 1172 2716 1228 renunciarent
2770 1171 3034 1235 Authari,
3088 1170 3184 1227 ille
3236 1172 3477 1242 cupiens
3526 1173 3727 1229 videre

2081 1276 2352 1332 sponsam
2382 1276 2567 1331 suam,
2591 1261 2768 1330 elegit
2796 1276 2991 1317 secum
3025 1275 3242 1332 paucos
3267 1260 3511 1331 juvenes
3533 1262 3729 1320 fortis-

2082 1351 2277 1417 simos,
2311 1354 2366 1405 et
2406 1366 2578 1406 unum
2616 1348 3016 1406 fidelissimum
3050 1349 3213 1420 quasi
3247 1364 3352 1421 pro
3384 1349 3631 1418 domino,
3663 1355 3730 1406 et

2083 1454 2211 1495 eum
2272 1454 2491 1495 summa
2542 1439 2913 1494 festinatione
2968 1438 3227 1511 perrexit
3279 1439 3332 1493 in
3386 1439 3724 1495 Bawariam.

2085 1530 2340 1600 Cumque
2364 1534 2589 1585 starent
2615 1528 2669 1584 in
2697 1533 3008 1600 conSpcctu
3038 1528 3330 1584 Garibaldi
3358 1528 3606 1598 regis,et
3627 1528 3730 1586 ille

2085 1618 2181 1688 qui
2216 1620 2376 1689 quas'
2414 1618 2610 1675 senior
2652 1617 2965 1673 videbatur
3013 1616 3169 1671 dicta
3219 1630 3322 1673 sua
3352 1618 3726 1688 complesset,

2086 1708 2237 1763 dixit
2270 1707 2513 1763 Authari
2549 1708 2618 1763 ad
2654 1722 2846 1777 regem
2881 1726 2893 1764 :
2927 1708 3216 1764 Dominus
3261 1720 3422 1763 meus
3467 1707 3731 1763 Aul/tari

2082 1799 2325 1868 progm'e
2340 1811 2453 1869 pro
2476 1796 2594 1853 ista
2628 1811 2813 1853 causa
2840 1810 2932 1852 me
2959 1796 3145 1866 misit,
3180 1795 3252 1852 ut
3274 1795 3507 1852 rideam
3524 1797 3731 1867 ﬁliam

2083 1888 2361 1956 castram,
2396 1887 2696 1942 (laminam
2723 1886 3007 1955 nostram,
3051 1886 3135 1953 ut,
3181 1883 3383 1956 qualis
3420 1884 3505 1941 sit
3518 1885 3733 1956 forma

2083 1978 2235 2048 ejus,
2258 1978 2488 2047 possim
2519 1976 2751 2032 domino
2768 1988 2893 2032 meo
2914 1988 3047 2031 vere
3067 1975 3374 2031 nausiare.
3398 1974 3503 2040 Qui
3530 1974 3728 2030 statim

2087 2064 2223 2121 fecit
2272 2080 2395 2122 eam
2448 2066 2667 2121 venire.
2722 2064 2858 2130 Qua:
2909 2079 3038 2120 cum
3087 2063 3413 2135 placuisset
3463 2062 3729 2133 Authari,

2086 2155 2229 2210 dixit
2265 2156 2334 2210 ad
2367 2169 2560 2224 regem
2597 2173 2608 2208 :
2641 2155 2714 2211 Si
2738 2154 2937 2226 placet
2960 2152 3170 2210 cesti-ce
3179 2152 3487 2224 potestati,
3522 2153 3591 2207 de
3616 2143 3733 2208 sua

2084 2259 2267 2301 manu
2289 2244 2389 2300 det
2413 2242 2582 2301 uobis
2607 2242 2819 2313 bibere,
2850 2244 3011 2301 sicut
3038 2243 3094 2299 et
3110 2242 3357 2314 post/mc
3384 2240 3734 2313 debebttfa-

2085 2347 2213 2390 cere
2242 2332 2403 2399 Quod
2436 2348 2565 2389 cum
2598 2348 2701 2388 rex
2736 2332 2858 2388 fieri
2887 2332 3190 2402 jussissct,
3218 2330 3317 2386 illa
3350 2329 3563 2387 tollens
3595 2329 3735 2386 cali-

2085 2436 2209 2477 cem
2246 2423 2476 2495 plenum
2513 2436 2693 2491 mero,
2721 2421 2883 2477 dedit
2909 2421 3154 2493 primum
3179 2420 3262 2475 illi
3299 2419 3396 2491 qui
3429 2420 3619 2477 senior
3652 2419 3705 2474 vi

2087 2513 2355 2584 debatur,
2392 2512 2601 2568 deinde
2643 2511 2981 2585 porrigebat
3014 2509 3278 2581 Authari,
3305 2510 3571 2566 nesciens
3602 2508 3735 2580 quis

2086 2608 2264 2659 esset.
2290 2604 2418 2674 Ipse
2443 2616 2583 2659 vero
2612 2606 2918 2674 postquam
2944 2600 3092 2656 bibit
3114 2603 3168 2655 et
3194 2597 3433 2655 calicem
3456 2598 3730 2667 reddidit,

2088 2693 2316 2748 nemine
2348 2691 2607 2761 vidente,
2627 2691 2812 2760 digito
2841 2705 2963 2745 eam
2986 2689 3199 2759 tetigit,
3227 2693 3285 2744 et
3320 2703 3542 2744 manum
3569 2702 3729 2743 suam

2089 2795 2192 2853 per
2226 2781 2428 2837 faciem
2463 2780 2589 2851 ejus
2623 2780 2790 2836 duxit
2838 2778 2975 2845 Quae.
3008 2776 3413 2834 verecundans
3435 2793 3562 2833 cum
3623 2777 3731 2833 hoc

2090 2872 2304 2927 nutrici
2337 2887 2456 2927 sua)
2488 2869 2795 2939 indicaret,
2836 2868 3037 2924 nutrix
3060 2866 3387 2939 respondit:
3440 2868 3515 2925 Si
3544 2881 3653 2923 rea:
3680 2868 3739 2922 et

2088 2974 2337 3033 sponsus
2393 2961 2529 3017 tuus
2559 2973 2675 3016 non
2706 2959 2874 3027 esset,
2922 2958 3153 3015 temtllo
3184 2957 3341 3012 moa’e
3354 2956 3592 3029 tangere
3606 2969 3735 3027 pre-

2089 3065 2215 3108 sim
2214 3049 2455 3122 pstsset.
2464 3050 2589 3106 Sed
2617 3050 2838 3106 taceam
2848 3062 3049 3117 κωκυ
3061 3046 3283 3103 audiat
3291 3046 3397 3103 hoc
3406 3047 3584 3118 pater
3598 3047 3659 3102 tu
3668 3060 3734 3103 as

2090 3141 2213 3197 Iste
2226 3140 2332 3211 qui
2348 3140 2522 3196 talem
2534 3137 2711 3194 habet
2709 3151 3049 3211 personam,
3086 3136 3305 3208 dignus
3318 3137 3422 3205 est,
3467 3137 3523 3192 et
3562 3136 3735 3207 impe-

2090 3228 2482 3287 ri-mnltabere
2495 3226 3113 3284 etteaxoremrlwcere.
3149 3226 3287 3281 Erat
3317 3225 3465 3280 cnim
3494 3224 3733 3280 Authari

332 3332 434 3375 sua
467 3320 791 3393 conﬁdens,
828 3295 1047 3379 nullum
1080 3322 1132 3378 ei
1166 3295 1505 3394 responsum
1539 3322 1722 3378 dedit.
1757 3325 1979 3378 Interea
2013 3295 2061 3358 Ο
2087 3317 2990 3390 juvenispulcherrimusetboni
3030 3320 3243 3372 status.
3280 3316 3416 3369 Post
3433 3314 3555 3371 haec
3588 3329 3739 3370 com-

331 3406 696 3464 Hildibertus
730 3410 1012 3481 pugnavit
1043 3424 1172 3466 cum
1203 3409 1509 3482 Hyspanis,
1531 3415 1586 3465 et
1609 3410 1745 3466 vicit
1772 3425 1895 3480 eos,
1923 3415 1982 3466 et

334 3496 445 3552 ista
482 3496 587 3554 fuit
623 3512 818 3566 causa,
855 3497 1007 3555 unde
1046 3497 1198 3554 inter
1238 3514 1299 3555 se
1351 3513 1611 3572 pugnare
1642 3504 1979 3571 cmpcrunt;

332 3585 699 3643 Hildibertus
730 3600 829 3644 rex
866 3602 1126 3644 sororem
1175 3602 1335 3644 suam
1385 3588 1618 3645 nomine
1669 3589 1981 3659 Ingundem

333 3674 580 3730 dederat
616 3690 857 3732 uxorem
892 3677 1293 3747 Erminigildo,
1329 3677 1447 3733 ﬁlio
1478 3677 1794 3747 Leovigildi
1830 3679 1983 3748 regis

333 3763 755 3834 Ilyspanorum.
793 3765 900 3831 Qui
931 3766 1337 3835 Ermengildus
1382 3780 1485 3838 per
1527 3766 1981 3839 predieationem

335 3851 579 3908 Leandri
605 3853 870 3925 epiSCOpi
888 3859 947 3911 et
968 3869 1069 3926 per
1091 3856 1305 3912 monita
1335 3856 1533 3913 uxoris
1558 3872 1677 3913 suae
1697 3855 1766 3910 de
1793 3857 1985 3912 Arria-

333 3954 403 3997 na
434 3941 646 4004 heresi.
673 3956 841 4013 quam
870 3948 1034 4015 pater
1057 3959 1197 4002 suus
1221 3945 1470 4018 colebat,
1500 3946 1569 4002 ad
1595 3945 1763 4002 ﬁdem
1785 3946 1983 4003 catho-

329 4028 500 4086 licam
525 4045 845 4088 conversus
872 4034 1088 4099 fuerat;
1114 4049 1218 4106 pro
1244 4049 1352 4105 qua
1379 4048 1556 4092 causa
1580 4035 1793 4107 impius
1817 4040 1984 4108 pater

332 4118 462 4190 ejus
492 4119 547 4175 in
584 4120 707 4192 ipsa
732 4121 1051 4178 festivitate
1077 4123 1305 4194 paschae
1330 4139 1459 4180 cum
1486 4124 1678 4181 securi
1701 4140 1831 4182 eum
1857 4139 1986 4197 per-

332 4208 458 4265 cuti
486 4209 681 4280 jussit.
717 4211 871 4267 Uxor
900 4227 1037 4269 vero
1067 4212 1226 4269 illius
1272 4213 1500 4283 fugiens
1548 4214 1619 4270 de
1672 4214 1980 4285 IIyspania,

334 4296 520 4355 voluit
550 4299 766 4356 reverti
791 4300 846 4356 in
876 4301 1119 4372 patriam
1144 4305 1458 4370 suam;sed
1480 4303 1698 4359 milites
1721 4303 1981 4373 Romani,

339 4386 435 4459 qui
470 4385 526 4442 in
565 4387 683 4445 illis
728 4389 996 4461 partibus
1045 4395 1231 4462 erant,
1267 4392 1781 4465 apprehenderunt
1828 4392 1983 4447 illam

335 4489 465 4532 cum
498 4474 618 4532 ﬂlio
650 4491 755 4533 suo
788 4478 1052 4550 parvulo,
1078 4484 1136 4536 et
1167 4481 1541 4537 adduxerunt
1572 4479 1728 4536 illam
1762 4480 1815 4535 in
1850 4480 1989 4536 Sici-

336 4561 492 4635 liam,
519 4565 715 4637 ibique
747 4572 975 4625 mortua
997 4573 1107 4640 est,
1134 4568 1310 4625 lilium
1335 4585 1474 4625 vero
1497 4568 1623 4640 ejus
1645 4569 1988 4626 direxerunt

2093 3414 2342 3465 meatum
2386 3410 2655 3479 petentes
2693 3420 2724 3463 a
2755 3420 2911 3477 rege,
2950 3408 3337 3478 perrexerunt.
3379 3404 3449 3459 ad
3492 3404 3733 3475 patriam

2092 3513 2275 3554 suam.
2318 3497 2558 3554 Authari
2581 3511 2717 3552 vero
2732 3511 2861 3553 cum
2879 3494 3237 3568 pervenisset
3256 3508 3433 3567 prepc
3458 3494 3599 3549 ﬁnes
3629 3494 3737 3548 Ita-

2094 3586 2207 3656 lize,
2225 3585 2646 3643 comitantibus
2661 3584 2980 3656 aliquantis
2995 3583 3296 3654 Bawariis,
3311 3581 3735 3654 a’ppropinqua-

2092 3676 2177 3731 vit
2202 3675 2418 3745 arbori,
2446 3690 2573 3746 quae
2599 3660 2796 3731 stabat
2815 3674 2981 3744 juxta
2998 3672 3167 3743 viam,
3192 3677 3251 3729 et
3274 3672 3540 3728 erexitse
3564 3685 3736 3742 super

2092 3763 2381 3821 caballum
2400 3768 2679 3834 quantum
2723 3762 2933 3835 potuit,
2962 3766 3018 3818 et
3047 3762 3293 3818 securim
3337 3775 3506 3831 quam
3550 3763 3736 3833 porta-

2095 3854 2193 3911 bat
2226 3854 2280 3909 in
2312 3868 2480 3909 manu
2517 3853 2572 3908 in
2596 3852 2777 3924 ipsam
2803 3852 3068 3907 arborem
3102 3850 3342 3923 impegit
3367 3848 3732 3921 ibiquedimi-

2095 3943 2194 4015 sit,
2230 3942 2468 3999 diccns:
2509 3942 2735 3999 Taliter
2733 3941 2938 4014 ferire
2965 3939 3404 3998 soletAuthari.
3443 3939 3564 4007 Quo
3581 3939 3732 3995 dicto

2096 4030 2516 4087 intellexerunt
2549 4030 2970 4100 Bawariiquod
2992 4030 3116 4102 ipse
3131 4028 3573 4085 essetAutbari.
3606 4029 3731 4082 Post

2096 4121 2454 4193 aliquantum
2485 4123 2718 4192 tempus
2749 4119 3143 4175 conturbatus
3159 4122 3369 4174 estrex
3397 4116 3734 4173 Garibaldus

2098 4210 2168 4267 de
2192 4210 2442 4266 adventu
2471 4210 2844 4278 Francorum,
2880 4208 3373 4278 etThcodelinda,
3429 4206 3545 4262 illia
3593 4205 3731 4275 ejus,

2095 4314 2226 4355 cum
2262 4299 2438 4355 fratre
2453 4313 2579 4367 suo,
2612 4297 2841 4354 nomine
2864 4295 3330 4367 Gundoaldoml,
3366 4295 3515 4365 fugit
3536 4294 3606 4351 ad
3636 4295 3735 4349 Ita-

2099 4388 2253 4460 liam,
2284 4392 2342 4444 et
2376 4387 2671 4449 mandavit
2698 4402 2913 4459 sponso
2937 4401 3042 4443 suo
3101 4386 3365 4455 Authari,
3418 4389 3481 4442 ut
3518 4383 3733 4441 veniret

2099 4478 2329 4534 obviam
2361 4477 2466 4533 eis.
2506 4476 2869 4547 Quigavisus
2888 4480 2999 4547 est,
3020 4480 3081 4532 et
3114 4475 3331 4532 faciens
3347 4486 3740 4545 magnampre-

2101 4567 2486 4639 parationem,
2508 4566 2769 4638 perrexit
2794 4566 2848 4621 in
2863 4579 3129 4636 campum
3172 4564 3500 4636 quidicitur
3529 4561 3736 4627 Sardis,

334 4654 389 4710 in
435 4656 997 4729 Constantinopolim
1050 4658 1324 4714 Mauricio
1374 4658 1732 4729 imperatori.
1771 4660 1985 4715 Iterum
2017 4654 2070 4719 D
2104 4672 2282 4729 super
2312 4658 2620 4721 Veronam,
2655 4662 2710 4710 et
2747 4655 3010 4726 suscepit
3034 4669 3156 4710 eam
3186 4668 3314 4709 eum
3346 4652 3577 4722 gaudio.
3613 4652 3739 4707 Erat

337 4744 649 4803 Mauricius
681 4745 1000 4817 imperator
1030 4747 1188 4803 misit
1224 4748 1293 4803 ad
1330 4747 1741 4817 lIildibertum,
1776 4762 1988 4819 rogans

337 4831 520 4904 illum,
549 4838 612 4890 ut
637 4835 961 4891 exercitum
984 4835 1266 4906 dirigeret
1291 4836 1346 4891 in
1373 4836 1595 4892 Italiam
1620 4842 1824 4894 contra
1851 4838 1991 4893 Lon-

337 4921 655 4992 gobardos.
680 4922 785 4988 Qui
812 4936 1075 4993 sperans,
1105 4923 1257 4994 quod
1283 4937 1452 4980 soror
1482 4937 1583 4980 sua
1618 4924 1806 4982 adhuc
1836 4926 1991 4983 vive-

338 5014 426 5066 ret
458 5014 517 5067 et
555 5010 609 5066 in
645 5011 1151 5082 ConstantinOpoli
1182 5017 1358 5083 esset,
1380 5012 1585 5070 volens
1615 5029 1740 5071 eam
1766 5014 1991 5072 rec-illi-

335 5113 498 5169 gere,
533 5099 847 5172 complevit
903 5098 1266 5157 voluntatem
1317 5102 1709 5175 imperatoris,
1741 5110 1800 5161 et
1835 5106 1992 5161 misit

339 5189 669 5246 exercitum
704 5190 1056 5245 Francorum
1103 5189 1158 5245 in
1205 5189 1459 5255 Italiam;
1497 5192 1598 5248 sed
1633 5193 1990 5264 Longobardi

342 5276 687 5349 frequenter
702 5278 1044 5349 pugnabant
1066 5282 1270 5333 contra
1298 5279 1476 5350 ipsos.
1496 5282 1773 5339 Posthzec
1791 5283 1993 5339 Franci

340 5369 399 5419 et
452 5364 751 5423 Alamanni
783 5365 966 5423 rixam
1016 5366 1168 5423 inter
1218 5384 1280 5425 se
1313 5369 1614 5441 habentes,
1650 5371 1874 5442 egressi
1924 5371 1996 5428 de

344 5452 533 5525 Italia,
558 5455 861 5512 redierunt
888 5456 959 5512 ad
984 5457 1240 5530 propria.
1259 5459 1379 5516 Hoc
1403 5464 1516 5515 tem
1529 5476 1667 5529 pore
1691 5461 1994 5516 inundatio

344 5555 626 5613 aquarum
658 5544 808 5603 facta
842 5549 934 5602 est
968 5546 1024 5602 in
1056 5547 1245 5618 Italia,
1281 5548 1353 5605 de
1386 5562 1498 5622 qua
1532 5550 1740 5605 beatus
1785 5552 1997 5618 Grego-

2105 4751 2299 4803 autem
2334 4745 2413 4801 ibi
2438 4749 2577 4802 tunc
2610 4744 2763 4799 inter
2798 4744 2945 4800 alios
2998 4741 3414 4812 Longobardos
3463 4739 3741 4808 Agiloll‘us

2103 4835 2220 4891 dux
2244 4835 2314 4891 de
2346 4834 2587 4891 civitate
2618 4831 2986 4888 Taurinensi.
3018 4833 3174 4885 Tunc
3205 4828 3398 4884 subito
3437 4829 3745 4882 conturba-

2101 4931 2201 4981 tus
2234 4929 2324 4981 est
2357 4938 2476 4993 aer,
2495 4927 2550 4978 et
2582 4921 2739 4993 cepit
2772 4925 2979 4975 tonare
3029 4922 3088 4972 ct
3132 4929 3446 4972 coruscare
3491 4914 3738 4985 fortiter,

2104 5014 2425 5084 statimque
2475 5010 2687 5068 fulmen
2741 5006 3033 5079 percussit
3078 5020 3249 5062 unum
3298 5002 3542 5075 lignum,
3594 5004 3741 5075 quod

2102 5106 2228 5159 erat
2254 5101 2504 5174 positum
2539 5099 2592 5154 in
2616 5097 2851 5153 clusura
2885 5095 3067 5165 regis.
3111 5093 3393 5165 Agilolfus
3420 5098 3613 5150 autem
3655 5094 3741 5149 ha-

2106 5192 2501 5263 buitpuerum
2534 5185 2841 5258 quendam,
2878 5185 2997 5257 qui,
3029 5185 3226 5243 nescio
3286 5198 3390 5256 per
3440 5198 3614 5256 quam
3665 5197 3743 5237 ar-

2107 5286 2243 5351 tem,
2281 5277 2617 5347 intelligens
2635 5273 2771 5345 quid
2791 5274 3171 5347 signiﬁcaret,
3189 5274 3269 5330 ait
3288 5272 3539 5345 Agilolfo
3562 5288 3741 5329 secre-

2105 5374 2188 5426 te:
2204 5366 2582 5436 Istamalz'er,
2598 5377 2780 5436 quam
2822 5366 3113 5424 moderere
3150 5364 3301 5423 tulit
3330 5377 3594 5432 morem,
3620 5362 3747 5435 post

2104 5454 3265 5525 nonmultamtuaconjunam”erit.Qui
3315 5454 3505 5510 iratus
3534 5451 3614 5507 ait
3648 5452 3743 5508 τιςὶ

2109 5548 2243 5603 alia
2309 5545 2434 5602 rice
2474 5544 2581 5602 hoc
2640 5544 2893 5616 dixeris,
2960 5547 3146 5619 caput
3195 5547 3361 5606 tuum
3417 5540 3734 5601 abscidam.
3783 5591 3788 5597 .

1706 5648 1793 5702 VA
1807 5649 1847 5701 Β
1858 5648 1943 5702 LE
1984 5645 2381 5701 LECTIONES.

413 5728 502 5767 ¹⁰³¹
532 5732 598 5791 in
630 5731 747 5791 loco
774 5745 914 5791 raso
942 5739 997 5791 1.
1062 5734 1151 5768 ¹⁰³²
1182 5735 1394 5806 conjux
1423 5750 1571 5795 corr.
1607 5735 1883 5807 conjunxt
