3946 6426
335 443 450 507 797

1216 446 1655 513 CHRONICA.
1692 482 1769 494 —
1801 442 2275 509 CHRONICON
2317 447 2865 509 UNIVERSALE.

3627 444 3746 508 798

333 579 434 637 Cui
467 579 564 637 ille
598 582 895 653 respondit
925 602 944 638 :
986 584 1196 641 Verum
1235 587 1337 656 est,
1384 587 1532 657 quia
1585 588 1763 659 caput
1788 602 1981 644 meum
2007 578 2066 643 A
2096 581 2235 638 riam
2267 583 2508 654 habens,
2557 600 2686 640 cum
2741 597 2945 654 magna
2978 581 3154 656 preda
3202 582 3270 639 ad
3306 587 3521 639 terram
3574 595 3738 640 suam

331 669 635 728 abscidere
646 672 908 742 poteris;
922 674 1028 730 sed
1047 675 1106 729 et
1124 675 1228 731 Ιιοσ
1248 691 1451 733 verum
1472 679 1576 746 est,
1600 680 1745 747 quia
1759 678 1980 749 iamfe-

328 760 495 816 mina
513 761 593 816 ατί
606 760 710 817 [me
728 763 892 818 venit
914 763 978 819 in
999 765 1176 821 istam
1185 767 1470 836 patriam,
1489 767 1720 822 utuxor
1743 768 1846 823 ίιια
1875 768 1974 824 sit.

333 850 493 916 Quod
527 854 584 905 et
619 855 816 921 postea
868 853 1081 910 factum
1115 859 1228 910 est.
1286 859 1510 912 Interea
1546 857 1835 912 mandavit
1874 859 1982 912 Au-

331 937 484 992 thari
515 953 616 994 rex
658 939 832 994 verba
869 942 1105 1011 paciﬁca
1161 945 1534 999 Guntrammo
1567 946 1686 1014 regi
1743 948 1982 1000 Franco-

333 1040 479 1094 rum,
506 1031 716 1096 patruo
741 1027 1048 1083 lIildiberti
1075 1031 1251 1098 regis,
1284 1036 1340 1086 ut
1375 1032 1590 1088 faceret
1619 1048 1814 1103 pacem
1850 1048 1978 1086 cum

330 1127 417 1169 eo.
445 1113 548 1169 Ille
573 1129 710 1170 vero
735 1132 862 1172 cum
879 1120 1090 1183 gaudio
1115 1123 1377 1192 suscepit
1405 1122 1608 1178 missos
1633 1124 1893 1187 Authari,
1922 1129 1977 1176 et

332 1201 545 1257 direxit
594 1219 692 1258 eos
718 1206 786 1259 ad
823 1207 1210 1265 Ilildibertum
1238 1216 1504 1281 nepotem
1531 1227 1717 1276 suum,
1755 1217 1817 1267 ut
1854 1229 1980 1283 pro-

331 1294 461 1360 pter
494 1293 850 1350 voluntatem
897 1311 1052 1352 suam
1100 1304 1156 1352 et
1187 1301 1496 1356 consilium
1534 1303 1748 1356 faceret
1784 1319 1978 1373 pacem

331 1393 458 1434 cum
495 1381 907 1449 Longobardis.
945 1387 1081 1440 Erat
1105 1388 1254 1441 enim
1291 1388 1415 1457 ipse
1446 1391 1853 1445 Cuntrammus
1880 1407 1977 1445 rex

329 1467 606 1538 paciﬁcus
637 1476 694 1524 et
727 1473 878 1526 omni
913 1475 1172 1529 bonitate
1199 1476 1478 1546 preditus.
1514 1479 1650 1532 Cum
1688 1485 1876 1532 autem
1905 1479 1980 1533 le—

327 1557 446 1625 gati
481 1559 781 1614 tardarent
813 1561 864 1615 in
930 1564 1183 1632 Francia,
1237 1567 1476 1620 Authari
1537 1568 1686 1636 apud
1722 1568 1976 1623 Ticinum

327 1659 569 1715 veneno,
595 1653 658 1703 ut
690 1649 911 1715 dicunt,
958 1659 1221 1708 mortuus
1244 1661 1354 1714 est.
1386 1661 1686 1726 postquam
1713 1659 1974 1724 regnavit

327 1735 492 1789 annis
525 1750 652 1791 sex.
699 1739 1020 1809 Statimque
1046 1743 1404 1811 Langobardi
1442 1745 1725 1801 miserunt
1760 1747 1829 1802 ad
1867 1749 1978 1801 IIiI-

329 1821 618 1878 dibertum
644 1840 858 1894 regem,
887 1829 981 1897 qui
1007 1830 1056 1882 ei
1091 1837 1335 1885 mortem
1361 1833 1596 1887 Authari
1631 1836 1976 1890 nunciarcnt

2094 688 2363 730 reversus
2398 678 2503 730 est.

2165 764 2348 832 Igitur
2394 765 2824 820 dominantibus
2859 779 2961 835 per
2991 778 3214 819 omnem
3267 763 3489 818 Italiam
3524 763 3740 832 Longo-

2093 852 2309 921 bardis,
2342 855 2474 909 dum
2509 854 2732 909 veniret
2779 853 3064 923 Agilolt‘us
3095 853 3148 907 in
3183 857 3378 924 partes
3431 854 3739 922 Romanas,

2095 942 2301 998 beatus
2331 944 2643 1011 Gregorius
2678 945 2746 1000 de
2782 945 3033 999 adventu
3065 943 3188 1011 ejus
3222 943 3276 997 in
3312 946 3534 997 tantum
3569 943 3741 997 terri-

2095 1035 2188 1086 tus
2219 1037 2329 1101 est,
2393 1037 2455 1088 ut
2505 1035 2574 1087 ab
2614 1034 2975 1104 expositione
3032 1032 3373 1100 Ezechielis,
3433 1031 3584 1088 sicut
3618 1032 3739 1102 ipse

2092 1125 2366 1190 testatur,
2401 1127 2680 1176 cessaret.
2711 1123 2894 1191 Cmpit
2921 1127 3111 1177 aute'n
3140 1123 3476 1190 frequenter
3503 1135 3604 1190 per
3627 1121 3741 1190 epi-

2093 1211 2278 1264 stolas
2344 1226 2480 1267 suas
2537 1211 2983 1267 Theodelindam
3048 1210 3302 1279 reginam
3360 1223 3616 1277 monere,
3677 1213 3738 1264 ut

2092 1300 2429 1355 hortaretur
2475 1300 2784 1370 Agilolfum
2839 1300 3104 1354 maritum
3150 1315 3315 1355 suum
3377 1313 3571 1368 pacem
3607 1313 3735 1353 cum

2090 1389 2363 1444 Romanis
2392 1391 2626 1446 habere.
2679 1390 2837 1454 Quod
2871 1395 2925 1444 et
2984 1389 3193 1443 factum
3250 1394 3356 1443 est.
3391 1389 3551 1442 Unde
3585 1387 3735 1440 idem

2092 1478 2441 1532 vemterabilis
2501 1479 2773 1533 sacerdos
2804 1478 3024 1545 gratias
3073 1477 3314 1547 agendo,
3347 1475 3627 1547 epistolas
3662 1472 3733 1527 ad

2090 1565 2328 1620 (andem
2357 1567 2609 1634 reginam
2631 1567 2770 1620 etad
2795 1567 2981 1636 ipsum
3002 1565 3311 1633 Agiloltum
3331 1579 3520 1631 regem
3548 1567 3737 1616 trans-

2093 1652 2266 1722 misit,
2305 1669 2431 1724 quze
2481 1655 2532 1708 in
2572 1653 2716 1710 libro
2753 1655 2892 1708 Vitzn
2943 1654 3122 1723 ipsius
3155 1653 3392 1722 scriptm
3442 1651 3738 1721 reperiun-

2090 1745 2204 1795 tur.

2162 1832 2278 1886 IIoc
2312 1835 2574 1902 tempore
2599 1832 2959 1886 Ilildibertus
2986 1846 3086 1886 rex
3114 1847 3214 1908 per
3235 1845 3540 1900 venenum,
3569 1833 3629 1885 ut
3654 1830 3737 1883 di-

327 1914 383 1964 ct
415 1925 614 1980 pacem
672 1913 742 1966 ab
786 1928 854 1969 eo
909 1917 1295 1986 postularent.
1360 1920 1513 1986 Quos
1572 1922 1668 1976 illc
1730 1924 1972 1990 benigne
2005 1941 2058 2001 Β
2090 1924 2248 1980 cunt,
2284 1921 2514 1974 occisus
2565 1926 2652 1975 est
2681 1937 2808 1976 cum
2858 1936 3034 1976 uxore
3068 1936 3203 1988 sua;
3259 1923 3523 1975 mortuus
3551 1922 3734 1974 estet

327 2001 610 2070 suscepit,
658 2016 972 2072 pacemque
1035 2007 1273 2076 petitam
1337 2009 1521 2065 dedit.
1566 2013 1780 2079 Regina
1837 2031 1974 2069 vero

323 2086 712 2144 Theodelinda
739 2091 869 2160 quia
896 2092 1166 2162 placebat
1195 2097 1606 2165 Longohardis,
1630 2101 1969 2157 dimiserunt

323 2189 446 2230 eam
496 2191 758 2247 regnare,
793 2180 1056 2239 dicentes
1087 2185 1160 2250 ei,
1199 2191 1260 2241 ut
1303 2201 1723 2259 quemcumque
1755 2197 1971 2246 amaret

327 2263 533 2333 virum,
571 2267 808 2324 tolleret
865 2271 1157 2340 maritum,
1191 2273 1360 2329 talem
1395 2284 1583 2332 tamen
1636 2279 1730 2347 qui
1765 2279 1973 2347 dignus

324 2357 484 2407 esset
513 2369 716 2422 regere
747 2372 1006 2427 regnum.
1045 2361 1200 2428 Qum,
1238 2362 1435 2419 habito
1457 2365 1702 2421 consilio
1735 2382 1862 2421 cum
1889 2383 1973 2421 sa-

322 2440 636 2512 pientibus,
691 2444 867 2514 elegit
912 2447 1023 2503 sibi
1068 2450 1337 2505 maritum
1389 2453 1589 2507 ducem
1637 2455 1967 2523 Agilolt‘um,

324 2529 562 2598 quierat
598 2531 685 2586 vir
717 2534 948 2604 sapiens
979 2542 1038 2591 et
1070 2537 1320 2593 bellator
1350 2544 1406 2594 et
1444 2556 1545 2611 per
1571 2543 1762 2597 omnia
1797 2550 1971 2613 aptus

321 2614 391 2672 ad
422 2619 795 2685 regnandum.
843 2623 945 2677 Cui
970 2625 1165 2679 statim
1201 2629 1514 2696 mandavit,
1551 2635 1610 2685 ut
1642 2631 1864 2685 veniret
1899 2633 1966 2686 ad

320 2718 466 2772 eam,
495 2705 736 2776 ipsaque
755 2709 823 2763 ad
845 2711 1146 2766 castellum
1174 2715 1324 2784 quod
1356 2717 1699 2773 lamnellum
1727 2727 1969 2774 vocatur

318 2793 579 2861 perrexit
611 2795 660 2849 ei
689 2797 935 2852 obviam.
975 2799 1082 2864 Qui
1115 2817 1243 2856 cum
1278 2802 1431 2858 inter
1455 2820 1516 2860 sc
1546 2807 1828 2862 haberent
1855 2810 1971 2863 col-

320 2879 599 2950 loquium,
655 2883 830 2951 jussit
887 2889 1082 2955 regina
1119 2891 1310 2946 atl‘erri
1370 2893 1582 2962 vinum,
1648 2896 1967 2967 bibensqm:

321 2967 442 3036 ipsa
469 2969 652 3038 prior,
687 2971 846 3026 dedit
871 2974 1137 3043 Agiloll‘o.
1167 2978 1270 3042 Qui
1301 2996 1428 3034 eum
1452 2973 1765 3052 acciperet,
1793 2985 1969 3039 hono-

322 3055 584 3111 rabiliter
609 3073 836 3114 manum
870 3061 994 3130 ejus
1029 3066 1331 3121 osculatus
1356 3076 1465 3123 est.
1495 3070 1631 3136 Quae
1658 3072 1970 3127 subridens

318 3143 438 3198 ait:
471 3145 604 3201 Non
653 3147 823 3205 debes
853 3165 1095 3207 meeum
1139 3169 1329 3211 vneam
1374 3161 1654 3229 osculari,
1691 3162 1831 3230 quia
1858 3177 1969 3216 1'ch

317 3231 376 3286 et
400 3234 660 3290 maritus
688 3251 850 3294 meus
891 3240 1038 3297 eris.
1079 3243 1147 3297 Et
1179 3243 1262 3298 sic
1296 3259 1424 3300 eum
1468 3248 1728 3318 amplexa
1762 3257 1872 3318 est,
1908 3258 1966 3304 et

319 3321 710 3380 manifestavit
741 3327 790 3379 ei
823 3329 1036 3398 omnia,
1072 3346 1198 3400 quae
1231 3348 1332 3402 per
1363 3337 1605 3391 consilia
1640 3338 1962 3408 sapientum

315 3408 385 3463 de
438 3411 861 3478 gubernatione
908 3419 1068 3485 regni
1121 3426 1177 3473 et
1239 3423 1456 3491 nuptiis
1517 3426 1639 3480 suis
1696 3427 1960 3482 ordinata

313 3503 528 3552 essent.
569 3501 724 3555 Inter
757 3503 878 3558 haec
913 3504 1052 3560 fiunt
1088 3509 1304 3579 nuptiae
1336 3526 1464 3566 cum
1499 3513 1708 3568 lecticia
1739 3530 1958 3584 magna,

312 3588 373 3638 et
396 3585 700 3657 Agilolfus,
723 3590 819 3660 qui
852 3597 976 3648 erat
1007 3600 1289 3664 cognatus
1315 3599 1468 3667 regis
1494 3602 1757 3670 Authari,
1785 3603 1961 3673 coepit

314 3685 556 3741 regnare
591 3673 846 3734 intrante
880 3696 1074 3738 mense
1130 3686 1482 3750 Novembrc;
1536 3695 1734 3758 postea
1774 3695 1962 3745 tamen

312 3763 686 3847 congregatis
708 3765 761 3820 in
791 3783 963 3824 unum
989 3771 1250 3840 Longoba
1264 3774 1322 3827 rd
1336 3774 1381 3830 is
1400 3778 1551 3847 apud
1579 3778 1961 3834 Mediolanum

311 3845 366 3935 in
395 3862 588 3905 mense
611 3852 772 3918 Maio,
800 3858 1179 3915 conﬁrmatus
1201 3866 1293 3916 est
1317 3863 1369 3917 in
1394 3845 1591 3933 regno.
1628 3867 1809 3934 Igitur
1835 3867 1964 3935 Agi-

311 3932 502 4022 lolt‘us,
528 3940 622 4009 qui
647 3946 701 3995 et
746 3945 891 4012 Agio
924 3948 1116 4004 dictus
1141 3954 1252 4019 est,
1289 3932 1628 4008 conﬁrmata
1659 3932 1770 4009 sibi
1805 3932 1963 4022 regia

310 4021 616 4113 dignitate,
666 4033 953 4088 mandavit
1019 4038 1321 4104 Agnellum
1382 4042 1714 4113 episcopum
1747 4045 1816 4098 de
1847 4021 1963 4097 Tri-

310 4112 484 4167 dente
507 4113 562 4168 in
589 4117 885 4175 Franciam
910 4138 1014 4192 pro
1039 4124 1157 4179 illis
1177 4126 1527 4198 hominibus,
1559 4112 1656 4200 qui
1681 4127 1960 4202 captivati

309 4200 594 4256 fueranta
620 4204 852 4264 Francis
875 4210 944 4265 de
967 4213 1228 4270 castellis
1274 4215 1652 4273 Tridentinis.
1693 4200 1956 4284 Quicum

306 4287 554 4379 veniret,
580 4290 936 4354 Brunihildis
961 4301 1161 4368 regina
1186 4303 1402 4359 multos
1423 4320 1494 4360 ex
1517 4307 1603 4361 eis
1625 4310 1825 4379 precio
1850 4326 1955 4366 suo

306 4376 552 4435 redemit
583 4381 753 4455 eique
779 4385 1146 4444 reducendos
1181 4389 1359 4446 dedit.

378 4513 475 4569 llis
500 4513 706 4574 diebus
729 4517 935 4575 beatus
957 4521 1272 4592 Gregorius
1291 4539 1436 4596 papa
1457 4528 1747 4586 Romanus
1769 4531 1954 4588 Dialo-

305 4616 437 4672 gum
463 4606 720 4676 scripsit,
757 4622 1004 4679 eumque
1027 4611 1431 4671 Theodelinda
1457 4617 1670 4687 regina;
1701 4635 1804 4690 pro
1835 4637 1952 4677 mu-

306 4705 444 4746 nere
475 4692 654 4764 misit,
681 4696 812 4766 quia
839 4697 1060 4752 sciebat
1091 4713 1213 4754 eam
1245 4715 1374 4758 esse
1407 4706 1949 4765 christianissimam

305 4783 361 4833 et
398 4779 694 4837 timentem
730 4786 923 4840 Deum.
976 4787 1086 4842 Per
1118 4789 1300 4858 ipsam
1332 4793 1544 4864 quippe
1593 4796 1770 4852 multa
1805 4800 1950 4855 bona

305 4867 360 4921 in
392 4868 658 4926 zecclesia
692 4873 792 4928 Dei
835 4873 984 4930 facta
1017 4882 1169 4932 sunt.
1230 4880 1364 4935 Nam
1401 4884 1761 4952 Longobardi
1821 4903 1949 4944 cum

303 4955 490 5012 adhuc
517 4960 866 5027 gentilitatis
895 4977 1094 5021 errore
1129 4971 1489 5039 tenerentur,
1540 4989 1718 5044 prope
1750 4991 1950 5034 omnes

304 5045 668 5136 substantias
697 5050 1094 5109 azcclesiarum
1115 5055 1514 5126 abstulerunt;
1548 5063 1648 5117 sed
1680 5063 1790 5120 ista
1817 5081 1950 5136 sup-

303 5129 574 5200 plicando
606 5140 660 5189 et
714 5137 900 5206 ipsum
934 5155 1124 5210 regem
1157 5144 1226 5199 ad
1271 5147 1616 5204 catholicam
1653 5150 1818 5206 ﬁdem
1852 5129 1946 5208 ad-

305 5219 490 5289 duxit,
525 5228 580 5275 et
617 5223 831 5280 multas
891 5231 1294 5298 possessiones
1350 5237 1636 5293 {ecclesiis
1670 5241 1940 5312 contulit,

303 5307 614 5381 episcopos
658 5328 908 5384 quoque,
946 5319 1040 5388 qui
1074 5327 1238 5377 antea
1285 5323 1502 5379 nullum
1541 5328 1816 5383 honorem
1853 5307 1946 5385 ha;

305 5397 534 5453 hebant.
569 5401 637 5456 ad
672 5405 963 5474 pr0priam
997 5407 1335 5477 dignitatem
1374 5416 1652 5471 restituit.

375 5531 489 5586 Hoc
532 5537 792 5606 tempore
823 5538 1129 5598 ordinatus
1160 5549 1250 5600 est
1279 5562 1380 5601 rex
1411 5550 1628 5608 Tassilo
1663 5553 1717 5608 in
1751 5555 1946 5611 Bawa-

305 5620 388 5675 ria
417 5621 488 5676 ab
517 5622 842 5685 Hildiberto
896 5643 1030 5701 rege
1059 5634 1429 5708 Francorum,
1491 5642 1809 5714 statimque
1842 5644 1943 5700 ivit

304 5724 431 5767 cum
481 5715 744 5773 exercitu
785 5717 841 5774 in
874 5722 1226 5792 provinciam
1283 5727 1640 5806 Sclavorum,
1675 5736 1732 5788 et
1767 5733 1946 5792 victo-

2089 2010 2498 2064 Guntrammus
2527 2025 2648 2065 rex.

2162 2099 2318 2152 Circa
2348 2080 2468 2153 haec
2496 2104 2756 2169 tempora
2781 2098 3146 2153 destructum
3168 2105 3258 2153 est
3283 2112 3312 2151 a
3338 2097 3734 2165 Longobardis

2086 2188 2500 2242 monasterium
2561 2187 2746 2241 sancti
2810 2187 3102 2242 Benedicti
3139 2187 3191 2241 in
3227 2191 3418 2241 castro
3470 2185 3728 2252 Cassiuo,

2086 2277 2262 2330 Nocte
2289 2276 2500 2345 quippe
2527 2276 2664 2330 illuc
2683 2276 3067 2344 intraverunt,
3087 2281 3146 2329 et
3169 2275 3359 2330 omnia
3382 2273 3510 2329 inde
3534 2275 3734 2328 abstu-

2085 2363 2295 2428 lerunt,
2334 2364 2433 2419 sed
2480 2364 2644 2433 juxta
2698 2365 3060 2435 prophetiam
3094 2364 3201 2419 viri
3263 2364 3360 2419 Dei
3412 2362 3629 2419 nullum
3662 2377 3732 2417 ex

2085 2454 2380 2508 monachis
2414 2453 2850 2523 apprehendere
2883 2457 3217 2524 potuerunt.
3253 2455 3546 2521 Fugerunt
3579 2467 3734 2506 nam-

2085 2556 2194 2610 que
2227 2547 2285 2596 et
2314 2547 2599 2598 venerunt
2633 2543 2889 2611 Romam,
2926 2548 3229 2614 portantes
3252 2557 3447 2598 secum
3473 2541 3730 2597 codicem

2084 2643 2298 2686 sancta)
2323 2631 2558 2699 regulze,
2587 2646 2754 2700 quam
2783 2631 2928 2686 idem
2958 2633 3159 2686 beatus
3189 2636 3350 2700 pater
3380 2631 3727 2700 composuit,

2082 2726 2139 2772 et
2164 2719 2306 2774 alias
2342 2720 2688 2791 scripturas,
2727 2735 2945 2774 necnon
2972 2726 3029 2774 et
3055 2721 3284 2790 pondus
3310 2720 3473 2790 panis
3497 2724 3550 2773 et
3580 2734 3732 2773 men-

2081 2823 2272 2863 suram
2332 2810 2445 2863 vini
2481 2815 2539 2864 et
2569 2808 2843 2878 quiequid
2895 2808 3102 2863 exinde
3150 2809 3355 2864 tollere
3390 2811 3724 2879 potuerunt.

2082 2898 2215 2951 Post
2245 2897 2474 2951 beatum
2510 2911 2753 2966 namque
2799 2898 3171 2954 Benedictum
3216 2898 3364 2952 rexit
3397 2898 3579 2967 ipsum
3615 2911 3730 2950 mo-

2082 2985 2400 3039 nasterium
2459 2986 2897 3051 Constantinus;
2954 2991 3086 3058 post
3139 3002 3306 3057 quem
3367 2985 3727 3055 Simplicius;

2083 3080 2211 3144 post
2237 3075 2421 3144 ipsum
2446 3075 2687 3139 Vitatis;
2715 3080 2845 3146 post
2870 3075 3021 3131 hunc
3049 3075 3310 3145 Bonitus,
3339 3074 3446 3131 sub
3479 3089 3590 3144 quo
3616 3074 3726 3129 ista

2080 3162 2409 3218 destructio
2446 3163 2591 3219 facta
2621 3170 2735 3219 est.

2151 3252 2248 3307 I-Iis
2281 3252 2487 3308 diebus
2534 3253 2666 3307 fecit
2723 3253 3112 3308 Theodelinda
3148 3253 3345 3322 regina
3403 3251 3727 3308 {ecclesiam

2034 3338 2044 3354 ‘
2082 3340 2233 3395 beati
2279 3340 2556 3396 Johannis
2608 3341 2876 3410 baptista:
2912 3341 2964 3395 in
3011 3342 3268 3409 Modicia,
3317 3341 3412 3410 qui
3445 3340 3730 3396 locu312°

2079 3427 2327 3483 miliario
2358 3434 2448 3484 est
2480 3443 2508 3483 a
2545 3428 2897 3497 Mediolano;
2931 3434 2986 3484 et
3019 3429 3317 3485 decoravit
3358 3429 3598 3484 eandem
3620 3444 3730 3484 aec-

2078 3516 2313 3573 clesiam
2358 3517 2556 3573 multis
2589 3519 2892 3574 ornatibus
2921 3518 3043 3574 auri
3078 3523 3136 3572 et
3198 3519 3444 3588 argenti,
3475 3523 3533 3574 et
3564 3517 3728 3574 dedit

2080 3605 2158 3661 ibi
2182 3605 2393 3662 multas
2446 3607 2866 3677 possessiones.
2901 3608 2959 3662 In
2986 3607 3188 3663 eodem
3223 3607 3348 3663 loco
3384 3607 3514 3663 fecit
3549 3622 3726 3678 quon-

2079 3694 2206 3749 dam
2232 3695 2509 3766 palatium
2560 3696 2950 3752 Thcodericus
2977 3712 3075 3752 rex
3097 3696 3438 3766 Gothorum(
3467 3712 3537 3753 eo
3569 3696 3721 3767 quod

2077 3785 2306 3840 aestatis
2328 3788 2591 3856 tempore
2609 3785 2771 3842 locus
2795 3787 2916 3857 ipse
2932 3790 3295 3859 temperatus
3319 3791 3404 3842 est
3428 3791 3486 3842 et
3503 3786 3720 3850 bonus;

2077 3878 2169 3928 est
2200 3873 2348 3929 enim
2384 3875 2610 3931 vicinus
2641 3875 2905 3947 Alpibus.

2148 3964 2300 4018 Tunc
2352 3979 2578 4034 QI'OQUC
2613 3969 2783 4021 natus
2829 3969 2917 4021 est
2949 3963 3200 4035 Agilolt‘o
3259 3963 3413 4022 ﬁlius
3445 3965 3514 4021 de
3545 3964 3719 4020 Theo-

2077 4050 2306 4106 delinda
2340 4052 2534 4121 regina
2572 4053 2622 4106 in
2670 4053 2883 4125 palatio
2916 4053 3259 4122 Modiciano,
3291 4058 3352 4109 et
3383 4055 3717 4126 baptizatus

2077 4145 2164 4193 est
2217 4140 2312 4210 ibi,
2374 4144 2728 4211 vocatusque
2779 4147 2869 4198 est
2929 4142 3282 4213 Adolandus,
3344 4148 3400 4197 et
3457 4141 3714 4213 suscepit

2075 4243 2203 4282 eum
2237 4229 2305 4283 de
2335 4244 2502 4285 sacro
2560 4230 2713 4284 fonte
2747 4230 3064 4302 Secundus,
3126 4245 3328 4287 servus
3369 4230 3468 4286 Dei
3501 4229 3570 4286 de
3603 4230 3720 4285 Tri-

2073 4317 2264 4372 dente.

2143 4408 2332 4476 Usque
2353 4407 2421 4462 ad
2474 4408 2594 4465 lucc
2620 4413 2882 4480 tempora
2906 4409 3145 4464 rebellis
3181 4410 3284 4465 fuit
3321 4409 3715 4479 Longoliardis

2070 4496 2368 4552 Patavium
2418 4497 2642 4565 civitas,
2696 4514 2764 4552 eo
2799 4498 2948 4568 quod
3010 4498 3224 4554 milites
3284 4499 3379 4569 qui
3415 4499 3490 4553 ibi
3548 4503 3713 4553 erant

2071 4583 2386 4639 fortissime
2436 4586 2822 4652 resistebant;
2884 4585 2983 4641 sed
3038 4591 3235 4657 postea
3289 4586 3582 4656 jactantes
3636 4587 3710 4643 ibi

1985 4660 2037 4718 D
2071 4671 2256 4739 ignan
2294 4672 2680 4728 incendebant
2723 4688 2866 4742 eam,
2902 4679 2957 4728 et
3004 4675 3266 4745 jussione
3297 4675 3451 4744 regis
3485 4675 3710 4744 Agilolﬁ

2068 4774 2268 4816 eversa
2301 4766 2388 4817 est
2423 4777 2606 4831 usque
2640 4763 2708 4816 ad
2768 4767 2978 4817 terram
3007 4780 3020 4827 ;
3057 4762 3273 4818 milites
3304 4767 3492 4818 tamen
3529 4764 3624 4834 qui
3657 4764 3711 4819 in

2067 4862 2132 4903 ea
2165 4855 2332 4904 erant
2363 4850 2580 4904 dimissi
2618 4856 2751 4906 sunt
2781 4851 2971 4908 redire
3004 4853 3350 4908 Ravennam.

2138 4938 2320 5007 Hujus
2369 4938 2593 5006 Agilolﬁ
2647 4941 3010 5011 temporibus
3062 4941 3267 4996 beatus
3327 4939 3715 4997 Columbanus

2063 5025 2221 5080 venit
2259 5026 2309 5080 in
2345 5027 2589 5097 Italiam,
2637 5034 2692 5083 et
2731 5029 2861 5084 fecit
2914 5031 3327 5085 monasterium
3360 5028 3514 5100 quod
3548 5044 3713 5086 voca-

2066 5119 2159 5168 tur
2193 5114 2430 5170 Itobium
2470 5115 2521 5169 in
2556 5117 2848 5172 montibus
2881 5118 3107 5172 Cottiis.

2132 5203 2316 5272 Igitur
2376 5203 2678 5273 Agilolfus,
2743 5205 2925 5274 quiet
2963 5207 3102 5271 Λίξῖο
3158 5205 3353 5262 dictus
3384 5212 3493 5275 est,
3556 5213 3714 5277 post-

2062 5306 2228 5360 quam
2267 5293 2525 5360 regnavit
2573 5293 2738 5348 annis
2769 5299 2856 5363 20,
2890 5296 3196 5350 defunctus
3226 5299 3334 5363 est,
3371 5294 3710 5365 relinquens

2062 5397 2113 5450 in
2150 5395 2326 5449 regno
2359 5379 2535 5435 ﬁlium
2592 5396 2757 5438 suum
2813 5382 3171 5438 Adolandum
3222 5384 3408 5439 achuc
3467 5397 3709 5455 puerum

2060 5484 2188 5524 cum
2225 5475 2407 5524 matre
2459 5484 2561 5525 sua
2617 5469 3007 5526 Theodelinda
3089 5471 3196 5536 Qui
3250 5488 3379 5527 cum
3437 5478 3705 5542 regnaret

2063 5557 2258 5613 decem
2293 5559 2476 5628 annis,
2542 5559 2797 5630 perdidit
2828 5574 3082 5630 sensum,
3117 5564 3174 5616 et
3230 5562 3527 5630 ejecerunt
3583 5577 3713 5618 eum

2063 5647 2131 5702 de
2166 5663 2365 5718 regno,
2402 5653 2458 5703 et
2514 5647 2567 5702 in
2609 5647 2796 5704 locum
2829 5649 2955 5720 ejus
3011 5651 3443 5707 constituerunt
3495 5650 3716 5706 Arioal-

2064 5736 2197 5794 dum
2232 5738 2538 5810 quendam,
2590 5737 2757 5808 cujus
2787 5739 3090 5810 generatio
3131 5755 3242 5797 non
3271 5748 3362 5797 est
3415 5740 3711 5811 descripta
