3946 6432
284 400 405 467 ’799

1437 398 1924 466 EKKEHARDI
1966 398 2545 469 URAUGIENSIS.

3594 407 3716 474 800

291 535 400 607 Qui
436 538 744 611 postquam
797 538 986 599 tenuit
1034 554 1276 613 regnum
1326 556 1428 616 per
1460 556 1643 600 annos
1676 544 1762 614 t2,
1798 558 1946 600 mor-
1978 538 2030 600 A
2135 543 2446 616 Aripertus
2501 558 2603 600 rex
2639 544 2949 616 postquam
2985 539 3138 615 apud
3188 540 3443 602 Ticinum
3496 543 3717 618 Longo'

294 633 429 685 tuus
463 633 576 699 est,
609 632 669 685 et
718 644 959 699 regnum
1006 632 1265 704 suscepit
1312 633 1618 704 Ruotheri,
1654 633 1741 688 vir
1775 633 1945 691 fortis

293 723 353 774 et
381 721 680 789 strenuus,
716 721 817 776 Sed
867 722 1107 779 Arriana
1157 723 1400 795 perfidia
1451 722 1798 780 maculatus.
1836 725 1946 779 Hu-

290 808 387 879 jus
416 808 781 880 temporibus
810 824 958 881 pcne
991 828 1093 882 per
1117 827 1318 869 omnes
1339 813 1610 869 civitates
1641 813 1946 884 regniejus

296 895 408 953 duo
438 900 604 953 erant
637 898 921 971 episc0pi,
985 915 1133 957 unus
1164 900 1510 972 catholicus,
1547 902 1698 958 alter
1757 902 1948 958 Arria-

300 1000 424 1042 nus.
462 986 562 1041 llic
605 988 884 1044 Ruotheri
918 1004 1021 1046 rex
1062 991 1573 1060 Longobardorum
1604 991 1763 1061 leges
1794 1007 1949 1048 com-

300 1076 514 1147 posuit,
550 1081 607 1132 et
639 1077 828 1148 ipsum
858 1080 1118 1136 codicem
1153 1082 1407 1139 edictum
1436 1081 1771 1154 appellavit.
1809 1085 1943 1138 Erat

297 1168 487 1220 autem
515 1165 632 1235 jam
681 1174 809 1224 77us
862 1184 1048 1227 annus
1080 1187 1153 1226 ex
1207 1187 1321 1242 quo
1381 1172 1745 1239 Longohardi
1780 1188 1947 1228 vene-

295 1259 427 1308 rant
458 1255 513 1311 in
546 1257 792 1313 Italiam.
828 1261 1142 1329 Postquam
1186 1276 1325 1317 vero
1358 1260 1612 1317 sedecim
1645 1277 1825 1318 annos
1859 1277 1947 1318 rc-

292 1344 492 1413 gnavit
524 1350 584 1401 et
616 1353 869 1416 quatuor
922 1364 1168 1419 menses,
1214 1355 1481 1407 mortuus
1535 1356 1646 1421 est,
1680 1367 1947 1420 regnum-

295 1446 406 1502 que
436 1433 557 1491 tilio
587 1451 694 1493 suo
724 1438 1020 1495 Hadoaldo
1063 1439 1304 1509 dimisit,
1358 1441 1482 1511 ipse
1531 1444 1720 1497 autem
1754 1441 1947 1512 sepul-

298 1526 392 1577 tus
423 1528 511 1578 est
542 1525 707 1594 juxta
765 1527 1085 1585 a‘celesiam
1139 1530 1291 1585 beati
1324 1530 1600 1586 Johannis
1651 1530 1941 1601 baptistm.

292 1611 431 1666 Post
462 1612 696 1684 aliquod
754 1621 979 1688 tempus
1013 1617 1246 1688 quidam
1304 1621 1473 1675 homo
1535 1636 1638 1690 pro
1697 1619 1944 1688 maligna

290 1701 615 1771 cupiditate
647 1706 878 1776 aperuit
911 1706 1282 1778 sepulchrum
1334 1708 1460 1778 ejus
1491 1715 1681 1771 nocte,
1716 1714 1774 1764 et
1807 1708 1941 1765 tulit

293 1790 481 1845 omnia
512 1799 853 1849 ornamenta
888 1796 1154 1866 corporis
1202 1796 1377 1853 illius.
1434 1797 1717 1868 Apparuit
1748 1800 1942 1853 autem

2061 634 2276 689 bardos
2310 636 2546 688 rexerat
2580 647 2681 705 per
2711 646 2892 689 annos
2920 636 2972 703 9,
3023 636 3291 691 mortuus
3349 638 3461 706 est,
3492 639 3549 693 et
3578 637 3712 694 reli-

2060 723 2185 794 quit
2207 739 2447 793 regnum
2501 724 2688 795 ipsum
2714 724 2946 780 duobus
2968 722 3105 779 filiis
3135 723 3295 779 suis:
3327 726 3587 784 Pcrhtari
3618 727 3709 762 “’3‘

2057 818 2114 868 ct
2140 814 2487 883 Goteperto;
2520 816 2576 869 et
2611 814 2965 884 Gotepertus
2990 811 3079 845 ¹⁰³⁷
3112 813 3353 870 sedebat
3388 815 3441 870 in
3491 816 3703 887 Ticino,

2057 903 2324 958 Pcrhtari
2359 903 2414 958 in
2460 902 2800 958 Mediolano.
2855 902 3110 972 Denique
3173 902 3519 963 facientibus
3552 907 3706 964 mali-

2057 991 2185 1060 gnis
2217 991 2570 1060 hominibus,
2617 991 2873 1048 surrexit
2904 991 3098 1047 odium
3132 996 3190 1047 et
3233 993 3522 1051 discordia
3555 995 3705 1054 inter

2057 1080 2259 1137 ambos
2291 1082 2525 1152 fratres,
2553 1081 2607 1135 in
2643 1085 2865 1135 tantum
2899 1085 2961 1136 ut
2985 1081 3136 1137 alter
3159 1082 3230 1138 ab
3253 1082 3441 1140 altero
3466 1099 3703 1153 regnum

2057 1170 2264 1226 tollere
2290 1173 2642 1227 decertaret.
2662 1172 2770 1225 Pro
2791 1172 2899 1226 hac
2923 1186 3098 1227 causa
3120 1171 3470 1243 Gotepertus
3492 1174 3702 1232 direxit

2059 1260 2430 1315 Caribaldum
2480 1259 2686 1315 ducem
2744 1260 3158 1317 Taurinensem
3192 1263 3262 1317 ad
3320 1262 3701 1321 Grimoaldum

2057 1349 2261 1405 ducem
2287 1352 2776 1418 Beneventanum,
2805 1354 2865 1416 ut
2907 1350 3131 1406 veniret
3156 1357 3212 1406 et
3242 1352 3543 1422 adjuvaret
3575 1368 3703 1410 eum

2054 1442 2257 1493 contra
2296 1440 2533 1493 fratrem
2588 1454 2777 1508 suum,
2812 1438 3162 1509 promittens
3193 1440 3242 1495 ei
3276 1440 3414 1495 dare
3446 1456 3702 1497 sororem

2056 1544 2219 1583 suam
2254 1544 2509 1597 uxorem,
2563 1528 2609 1585 si
2643 1544 2771 1584 cuin
2806 1529 3131 1599 adjuvaret.
3188 1529 3532 1586 Garibaldus
3567 1546 3702 1588 vero

2056 1617 2190 1673 fecit
2219 1618 2479 1673 fraudem
2510 1623 2710 1673 contra
2739 1617 3033 1674 dominum
3057 1633 3247 1687 suum,
3284 1619 3560 1689 deditque
3584 1620 3704 1676 Cri-

2058 1705 2285 1762 moaldo
2310 1705 2400 1738 ¹⁰³⁸
2430 1707 2760 1775 consilium,
2790 1711 2851 1763 ut
2880 1706 3111 1763 veniret
3134 1711 3189 1762 et
3217 1722 3454 1776 regnum
3486 1710 3704 1779 Longo-

2057 1796 2393 1866 bardorum,
2421 1796 2574 1866 quod
2600 1795 2767 1852 ambo
2793 1796 3022 1866 fratres,
3061 1796 3155 1867 qui
3173 1801 3339 1853 erant
3369 1797 3705 1855 adolescen-

291 1876 340 1930 ei
377 1894 481 1948 per
511 1880 791 1937 visionem
853 1885 1059 1939 beatus
1104 1884 1413 1955 Iohannes,
1474 1886 1716 1942 dicens?
1749 1886 1944 1952 Quare
1972 1904 2025 1964 Β
2053 1890 2168 1956 tes,
2194 1885 2578 1958 dissipabant,
2605 1884 3095 1959 apprehenderet,
3115 1890 3317 1957 utpote
3339 1886 3434 1957 qui
3454 1887 3702 1944 habebat

292 1981 477 2025 ausas
504 1984 563 2026 es
595 1971 838 2043 tangere
875 1987 1085 2044 corpus
1111 1974 1371 2031 heminis
1401 1975 1615 2033 istius?
1659 1976 1944 2041 Quamvis

290 2070 407 2113 non
436 2060 591 2116 recte
611 2062 956 2133 crediderit,
988 2063 1184 2120 tamen
1206 2079 1268 2122 se
1286 2066 1471 2122 michi
1493 2066 1937 2123 commendavit.

296 2145 446 2210 Quid
461 2149 650 2220 igitur
663 2149 770 2209 Ιιοσ
764 2152 979 2224 facere
986 2155 1439 2225 prasampsisti,
1466 2169 1773 2225 umquam
1787 2168 1943 2211 amo-

292 2236 361 2292 do
376 2250 505 2293 eam
525 2240 849 2297 ecclesiam
871 2241 1151 2299 intrabis.
1171 2242 1332 2309 Quod
1354 2247 1409 2299 et
1440 2244 1653 2300 factum
1676 2248 1783 2299 est.
1801 2245 1940 2300 Nam

292 2326 560 2395 quotiens
590 2330 831 2385 eandem
862 2331 1188 2388 zecclesiam
1228 2332 1449 2389 intrare
1480 2332 1687 2404 voluit,
1721 2333 1937 2403 subito,

293 2416 458 2486 quasi
492 2416 706 2488 aliquis
757 2434 884 2477 cum
943 2435 1151 2491 magno
1206 2420 1468 2478 cultello"
1506 2421 1688 2478 vellet
1719 2437 1849 2477 cum
1883 2422 1940 2477 in

289 2508 497 2572 guttur
531 2506 727 2578 ferire,
782 2512 944 2564 retro
975 2509 1209 2565 cecidit.
1244 2509 1574 2566 Radoaldus
1607 2510 1787 2580 igitur
1812 2516 1939 2583 post

290 2597 531 2649 mortem
588 2595 773 2666 patris
829 2598 1122 2669 accipiens
1183 2612 1445 2668 regnum,
1506 2598 1640 2655 tulit
1702 2615 1939 2657 uxorem

294 2682 692 2755 Guntbirgam,
745 2685 918 2741 filiani
978 2686 1205 2757 Agilolfi
1253 2692 1313 2742 et
1364 2687 1787 2744 Theodelindm.
1826 2691 1939 2745 [sta

293 2770 577 2841 Guntbirg
610 2774 747 2830 fecit
780 2774 1106 2831 meclesiam
1139 2777 1325 2832 sancti
1355 2778 1633 2834 Johannis
1665 2779 1940 2850 baptista:

294 2857 348 2914 in
376 2860 662 2918 Ticinensi
702 2863 964 2933 civitate,
999 2865 1154 2921 sicut
1182 2870 1367 2921 mater
1415 2866 1542 2935 ejus
1577 2867 1713 2922 fecit
1744 2868 1800 2922 in
1833 2869 1943 2924 Mo-

290 2947 462 3020 dicia,
487 2954 545 3006 et
572 2950 870 3009 decoravit
894 2968 1018 3009 eam
1048 2953 1355 3011 ornatibus
1382 2960 1440 3012 et
1474 2954 1678 3011 ditavit
1705 2956 1937 3027 opibus,

290 3035 345 3092 in
380 3053 489 3108 qua
514 3043 574 3095 et
604 3039 732 3112 ipsa
756 3041 988 3113 sepulta
1018 3048 1129 3099 est.
1158 3045 1289 3099 Hmc
1320 3043 1453 3099 dum
1487 3048 1759 3101 accusata
1784 3049 1940 3100 esset

289 3127 440 3197 apud
466 3129 735 3186 maritum
759 3146 947 3203 suum,
969 3133 1124 3204 quod
1147 3133 1543 3190 commisisset
1563 3134 1938 3205 adulterium,

290 3216 573 3288 Carcllus,
592 3234 798 3276 servus
822 3220 969 3291 ejus,
996 3223 1205 3293 petivit
1226 3237 1253 3279 a
1280 3227 1521 3293 rege,ut
1545 3223 1614 3279 ad
1649 3223 1941 3293 singulare

287 3312 581 3363 certamen
608 3324 868 3380 pugnare
883 3310 993 3367 sibi
1020 3310 1227 3369 liceret
1249 3328 1378 3369 eum
1404 3311 1507 3367 illo
1531 3312 1629 3383 qui
1650 3313 1941 3369 dominam

288 3410 451 3452 suam
501 3397 838 3468 infamavit;
890 3416 1270 3473 pugnansque
1324 3400 1415 3434 ¹⁰³³
1447 3417 1576 3457 cum
1628 3417 1696 3458 eo
1745 3416 1942 3459 coram

288 3486 440 3543 omni
476 3489 709 3560 populo,
742 3504 874 3545 eum
907 3491 1255 3561 prostravit,
1284 3490 1487 3562 sicque
1510 3491 1711 3559 regina
1746 3490 1943 3562 pristi-

286 3589 420 3630 num
449 3576 726 3634 honorem
752 3579 1141 3650 recuperavit.
1160 3581 1281 3635 Rex
1303 3595 1442 3636 vero
1465 3579 1800 3637 Radoaldus
1830 3579 1937 3649 “’3‘,

287 3667 351 3718 ut
373 3663 596 3736 dicunt,
633 3682 763 3723 cum
792 3667 1180 3724 adulterasset
1209 3682 1447 3725 uxorem
1475 3668 1778 3739 cujusdam
1804 3668 1943 3724 Lan-

283 3752 551 3823 gobardi,
596 3757 668 3811 ab
700 3770 767 3812 eo
817 3756 1049 3813 occisus
1078 3761 1192 3827 est,
1251 3772 1378 3813 cum
1402 3772 1519 3825 jam
1551 3772 1655 3829 per
1685 3758 1940 3829 quinque

286 3855 471 3899 annos
497 3847 556 3898 et
588 3848 813 3915 septem
848 3844 975 3901 dies
1006 3848 1333 3915 regnasset.
1369 3846 1469 3902 Cui
1495 3846 1782 3902 successit
1818 3847 1941 3903 Ari-

286 3938 515 4003 pertus,
544 3933 698 3990 filius
722 3934 1067 4005 Gundoaldi,
1087 3936 1181 4006 qui
1209 3937 1313 3993 fuit
1338 3936 1939 3994 fraterTbeodelindae

288 4021 521 4091 regium.
556 4023 659 4080 llic
688 4024 825 4079 fecit
857 4023 1181 4081 aacclesiam
1217 4025 1270 4081 in
1306 4025 1526 4082 honore
1560 4025 1777 4082 domini
1820 4026 1940 4084 Sal-

283 4111 505 4167 vatoris
536 4111 592 4168 in
616 4112 831 4183 Ticino,
858 4118 913 4169 et
942 4113 1239 4170 decoravit
1269 4128 1393 4171 eam
1436 4115 1615 4172 variis
1638 4130 1939 4171 ornamen-

290 4198 365 4256 tis
394 4199 721 4271 ditavitque
755 4202 1121 4259 substantiis.

357 4288 541 4358 Igitur
591 4290 901 4347 Mauricius
934 4291 1254 4363 imperator
1303 4297 1609 4364 postquam
1673 4293 1935 4363 regnavit

290 4378 456 4433 annis
487 4381 547 4432 21
604 4394 733 4436 cum
783 4379 921 4436 ﬁliis
952 4380 1078 4437 suis
1133 4380 1456 4438 Theodosio
1487 4388 1546 4437 et
1602 4381 1846 4452 Tyberio
1876 4386 1937 4437 et

289 4466 688 4539 Constantino,
737 4469 950 4525 occidit
1000 4468 1131 4526 ill-is
1186 4470 1385 4540 Focas,
1420 4470 1515 4540 qui
1548 4470 1659 4525 fuit
1715 4473 1935 4527 strator

283 4556 467 4613 Prisci
503 4557 756 4628 patricii,
786 4563 843 4613 et
879 4558 1001 4630 ipse
1034 4559 1317 4628 regnavit.
1354 4558 1462 4624 Qui
1504 4563 1813 4630 postquam
1848 4575 1935 4616 rc-

1973 3269 2022 3332 C

2048 1974 2167 2045 jam
2209 1978 2495 2030 maturam
2550 1978 2805 2043 aetatem,
2841 1979 2896 2029 et
2954 1979 3080 2031 erat
3133 1974 3379 2032 consilio
3431 1975 3613 2032 bonus
3641 1982 3698 2033 et

2057 2063 2225 2121 fortis
2255 2064 2309 2119 in
2342 2064 2582 2119 virtute.
2630 2064 2889 2120 Audiens
2920 2063 3042 2119 haec
3088 2062 3470 2134 Grimoaldus,
3504 2065 3699 2121 statim

2054 2153 2304 2210 elevavit
2355 2151 2606 2210 animum
2667 2168 2835 2209 suum
2880 2152 2950 2207 ad
3010 2152 3410 2223 accipiendum
3465 2168 3696 2223 regnum

2054 2241 2587 2312 Longobardorum,
2623 2245 2679 2296 et
2722 2241 3001 2298 ordinans
3032 2240 3210 2297 ﬁlium
3242 2257 3410 2298 suum
3444 2241 3702 2298 Romoal-

2054 2332 2188 2388 dum
2222 2331 2428 2388 ducem
2460 2330 2515 2386 in
2549 2331 2900 2401 Benevento,
2933 2330 3061 2403 ipse
3083 2346 3212 2387 cum
3235 2330 3421 2388 electa
3446 2331 3702 2388 multitu-

2054 2422 2186 2478 dine
2208 2420 2467 2478 virorum
2492 2419 2881 2492 apprehendit
2913 2420 3065 2477 viam
3098 2423 3303 2476 contra
3334 2420 3609 2491 Ticinum,
3641 2424 3700 2477 et

2055 2525 2158 2581 per
2190 2525 2389 2566 omnes
2432 2509 2703 2566 civitates
2735 2509 2912 2579 misit,
2945 2513 3006 2565 et
3037 2509 3285 2565 faciebat
3320 2509 3427 2565 sibi
3463 2510 3695 2579 amicos,

2057 2602 2114 2655 ut
2146 2614 2388 2668 regnum
2420 2597 2685 2670 accipere
2710 2601 2941 2669 posset;
2965 2597 3415 2653 Trasemundum
3451 2613 3584 2654 vero
3603 2600 3703 2654 Ca-

2055 2702 2303 2759 puanum
2353 2686 2623 2743 comitem
2659 2686 2816 2742 misit
2849 2701 2947 2757 per
2978 2684 3299 2742 Potentiam
3332 2691 3390 2742 ct
3420 2687 3695 2756 Tusciam,

2055 2781 2113 2835 ut
2139 2792 2339 2833 omnes
2364 2775 2778 2846 Longohardos
2812 2775 2883 2831 de
2918 2775 3185 2847 partibus
3220 2774 3335 2832 illis
3366 2775 3417 2831 in
3451 2775 3577 2844 ejus
3609 2776 3702 2832 ad-

2046 2865 2437 2936 jutoriumm”
2460 2864 2756 2920 invitaret.
2785 2864 2950 2931 Quod
2976 2868 3035 2920 et
3069 2864 3227 2934 fecit,
3253 2868 3313 2920 et
3343 2880 3470 2920 cum
3498 2877 3701 2934 magno

2053 2955 2343 3024 adjutorio
2368 2954 2521 3027 apud
2554 2952 2839 3009 Emiliam
2871 2953 2924 3009 ei
2970 2952 3248 3010 occurrit.
3283 2952 3465 3023 Igitur
3487 2953 3702 3008 Grimo-

2053 3044 2221 3101 aldus
2251 3060 2381 3101 cum
2431 3043 2689 3099 venisset
2721 3042 3097 3113 Placentiam,
3143 3042 3299 3098 misit
3331 3042 3697 3099 Garibaldum

2052 3142 2187 3190 ante
2209 3149 2290 3204 se,
2320 3138 2383 3189 ut
2407 3134 2726 3205 Goteperto
2744 3130 2835 3165 ¹⁰⁴⁰
2859 3130 3165 3189 nunciaret
3184 3131 3256 3187 dc
3277 3131 3405 3201 ejus
3425 3131 3694 3187 adventu.

2056 3222 2311 3279 Audiens
2352 3224 2457 3279 hoc
2484 3223 2854 3293 Gotepertus,
2893 3220 3143 3291 quesivit
3184 3220 3585 3276 consiliumab
3605 3235 3698 3276 eo-

2054 3312 2179 3369 dem
2214 3310 2525 3368 Caribaldo
2576 3309 2665 3344 1°“
2700 3310 2752 3365 in
2787 3325 2902 3381 quo
2951 3309 3082 3366 loco
3135 3312 3477 3381 prepararet
3510 3309 3700 3380 hospi-

2050 3400 2203 3457 cium
2226 3399 2576 3457 Grimoaldo.
2605 3400 2678 3454 At
2710 3397 2807 3453 ille
2842 3397 3167 3469 respondit,
3204 3397 3439 3468 dignum
3463 3412 3612 3468 esse,
3641 3402 3703 3454 ut

2052 3489 2444 3559 Grimoaldus,
2507 3488 2604 3558 qui
2635 3501 2812 3544 causa
2863 3486 3022 3543 illius
3052 3492 3295 3542 venerat
3327 3490 3388 3543 et
3443 3501 3701 3543 sororem

2051 3577 2177 3647 ejus
2208 3577 2473 3649 accipere
2504 3575 2774 3643 debebat,
2808 3573 3131 3646 hospicium
3163 3574 3404 3631 haberet
3427 3574 3578 3631 intra
3609 3589 3705 3646 pa-

2053 3666 2277 3723 latium.
2311 3664 2473 3734 Quod
2504 3666 2584 3721 ita
2630 3664 2844 3720 factum
2876 3668 2987 3720 est.
3042 3662 3349 3721 Predictus
3375 3679 3516 3735 ergo
3549 3663 3702 3719 Gari-

2051 3754 2280 3825 baldus,
2316 3752 2635 3810 seminator
2678 3751 2945 3822 malicite,
2978 3751 3120 3808 dixit
3173 3752 3245 3808 ad
3279 3753 3650 3825 Gotepertum
3683 3771 3695 3806 :

2054 3843 2301 3912 Quando
2318 3844 2554 3899 veneris
2573 3856 2701 3899 eum
2728 3842 3075 3900 Grimoaldo
3095 3841 3179 3899 ad
3195 3842 3571 3914 colloquium,
3597 3841 3699 3898 Ita-

2048 3934 2171 3991 beto
2193 3933 2442 3991 loricam
2462 3931 2672 3989 subtus
2699 3931 3128 4002 vestimentum,
3152 3932 3302 4003 quia
3324 3932 3525 4005 ipsete
3552 3931 3696 3989 occi-

2047 4025 2185 4080 dere
2204 4022 2422 4094 qaerit.
2456 4020 2674 4078 Deinde
2708 4020 2855 4077 dixit
2887 4021 3090 4076 eadem
3117 4021 3290 4077 verba
3326 4021 3397 4077 ad
3426 4018 3698 4077 Grimoal-

2048 4112 2121 4169 du
2133 4129 2202 4168 ιη.
2231 4113 2489 4182 Cumque
2505 4109 2598 4166 die
2622 4111 2809 4166 altera
2825 4110 3124 4167 venissent
3142 4110 3213 4167 ad
3227 4109 3693 4181 colloquendum,

2045 4202 2251 4259 videns
2282 4198 2671 4270 Grimoaldus,
2725 4198 2880 4269 quod
2931 4199 3284 4271 Gotepertus
3335 4198 3511 4257 lorica
3540 4203 3694 4254 esset

2045 4290 2303 4360 indutus,
2329 4289 2639 4359 evaginato
2656 4287 2854 4359 gladio
2885 4287 3182 4345 interfecit
3212 4303 3362 4359 eum,
3396 4293 3456 4345 et
3486 4287 3697 4344 invasit

2046 4394 2285 4450 regnum
2315 4378 2460 4448 ejus.
2483 4377 2744 4434 Habebat
2767 4380 2962 4433 autem
2995 4377 3348 4449 Gotepertus
3374 4377 3551 4435 filium
3570 4390 3697 4449 par-

2046 4468 2241 4525 vulum
2273 4467 2501 4523 nomine
2521 4466 2961 4538 Reginpertnm,
2987 4482 3156 4538 quem
3178 4468 3471 4539 rapientes
3495 4465 3693 4522 fideles

2045 4558 2172 4630 ejus
2190 4557 2523 4614 nutrierunt
2549 4555 2799 4613 occulte.
2820 4555 2927 4611 Sed
2954 4571 3060 4612 nec
3082 4556 3309 4613 curavit
3330 4554 3695 4612 Grimoaldus

281 4645 479 4714 gnavit
512 4646 677 4704 annis
704 4652 756 4717 8,
783 4629 1103 4717 Heraclius,
1139 4647 1235 4718 qui
1269 4629 1516 4717 regebat
1544 4648 1818 4719 Africam,
1844 4664 1934 4706 se-
1964 4629 2015 4690 Π
2046 4629 2173 4704 eum
2206 4645 2504 4719 persequi,
2558 4644 2689 4715 quia
2725 4659 2869 4716 puer
2901 4645 3092 4701 adhuc
3137 4649 3284 4702 erat.
3321 4644 3577 4702 Audiens
3609 4659 3699 4700 au-

286 4733 530 4791 bellavit
550 4735 626 4805 ei,
658 4742 718 4792 et
739 4736 980 4793 veniens
1002 4751 1131 4793 cum
1154 4736 1439 4807 exercitu,
1460 4736 1677 4792 occidit
1697 4752 1845 4806 eum,
1871 4743 1929 4795 et

285 4823 548 4894 suscepit
571 4824 1038 4897 imperium.Quo
1074 4830 1205 4895 post
1227 4829 1296 4881 27
1317 4838 1497 4882 annos
1512 4824 1600 4858 ί⁰³⁸
1632 4825 1927 4898 defuncto,

2044 4742 2161 4794 tem
2186 4734 2472 4806 Perhtari,
2501 4733 2598 4805 qui
2621 4732 2774 4805 apud
2800 4731 3182 4789 Mediolanum
3214 4733 3519 4803 regnabat,
3548 4730 3697 4804 quod

2046 4827 2228 4881 frater
2241 4824 2289 4895 ej
2304 4840 2368 4881 us
2392 4826 2659 4879 mortuus
2675 4820 2904 4891 fuisset,
2923 4824 3138 4890 quanta
3152 4818 3468 4874 velocitate
3484 4819 3694 4890 potuit,

2044 4914 2211 4985 fugit,
2236 4917 2294 4969 et
2328 4911 2398 4968 ad
2431 4912 2717 4967 Cacanum
2746 4920 2939 4977 regem
2975 4908 3225 4962 Avarum
3251 4904 3415 4960 abiit.
3445 4906 3695 4961 Uxorem

2040 5019 2179 5062 vero
2211 5002 2369 5059 illius
2414 4998 2643 5056 nomine
2665 4992 3042 5053 Rodelindam
3076 4996 3137 5049 et
3173 4991 3474 5065 parvulum
3514 4994 3693 5051 ﬁlium

2043 5093 2274 5150 nomine
2307 5087 2723 5147 Cbunibertum
2746 5080 2836 5116 ¹⁰⁶²
2875 5081 3207 5138 transmisit
3236 5082 3606 5141 Grimoaldus
3640 5085 3691 5141 in

2042 5183 2453 5240 Beneventum.
2487 5177 2620 5231 Post
2656 5173 2780 5229 haec
2805 5170 3094 5241 malignus
3118 5172 3287 5229 homo
3318 5173 3688 5243 Garibaldus,

2039 5272 2207 5343 cujus
2230 5265 2472 5327 consilio
2495 5264 2617 5320 lucc
2640 5260 2830 5318 omnia
2853 5260 3001 5317 facta
3041 5265 3198 5335 sunt,
3245 5277 3358 5320 non
3384 5260 3483 5319 diu
3517 5278 3693 5336 super

252 4910 443 4983 Vtilius
478 4912 606 4982 ejus
667 4913 1084 4970 Constantinus
1131 4913 1395 4985 suscepit
1450 4914 1794 4986 imperium;
1828 4918 1930 4973 sed

284 5005 413 5071 post
449 5005 700 5072 quatuor
742 5016 972 5058 menses
1021 5016 1125 5073 per
1150 5018 1433 5060 venenum
1478 5004 1793 5076 exstincto,
1829 5009 1932 5063 He-

282 5090 608 5155 racleonas,
645 5093 825 5148 frater
858 5090 1007 5160 ejus,
1035 5106 1166 5148 cum
1198 5097 1383 5149 matre
1413 5094 1653 5150 Martina
1686 5110 1928 5164 regnum

284 5177 645 5235 invaserunt.
682 5179 905 5245 Quibus
952 5193 1085 5235 mox
1117 5179 1380 5253 dejectis,
1436 5183 1742 5254 Constans,
1777 5183 1931 5242 filius

285 5264 672 5339 Constantini,
706 5267 972 5339 regnavit
999 5267 1165 5327 annis
1194 5274 1281 5327 28.

1638 5437 1873 5493 VARIZE
1914 5433 2314 5492 LECTIONES.

351 5571 891 5654 {Olafoliumuqeest
909 5575 976 5654 εἰη
1005 5577 1127 5635 cod,
1182 5582 1228 5654 η,
1316 5576 1407 5654 Ψδι
1466 5578 1780 5654 rodoaldus
1835 5583 1909 5654 99.
1993 5574 2281 5654 1f““‘_annis
2345 5576 2393 5629 5.
2448 5568 2576 5654 “‘1”
2609 5571 2873 5654 perthari
2905 5574 2997 5654 _4.
3122 5575 3363 5654 9ί²λ1ορΔ
3388 5574 3473 5629 11.
3514 5569 3575 5627 et
3604 5569 3694 5625 ita

278 5641 573 5729 ςζςξηθὶνρξ.
654 5645 1132 5729 ξ⁰³ἶλεριθῒξθιςιιιεέ
1179 5652 1261 5729 Ωξδ.
1304 5651 1803 5729 10.ηεο(1ςξι)θιθξει,ξ
1850 5650 1906 5703 li.
1935 5647 2388 5729 “ﬁdei-itemst“
2448 5641 2857 5729 ‘mngi‘imaldo
2896 5648 2952 5701 4.
2988 5644 3277 5715 grimoldo
3308 5648 3393 5701 9°.
3430 5654 3658 5713 semper

280 5712 369 5751 im
397 5730 454 5773 a.
478 5712 622 5789 'ejus
653 5721 711 5773 5.
752 5712 842 5752 ¹⁰ῖ⁰
870 5721 1163 5788 gotebert.
1187 5722 1326 5791 jam
1354 5712 1537 5779 etiam
1565 5726 1621 5774 5.
1712 5717 1802 5752 ²⁰⁶¹
1823 5719 2127 5788 geribaldo
2153 5722 2215 5775 9°
2256 5712 2270 5718 ’
2299 5714 2388 5751 ί⁰⁸²
2420 5712 2789 5774 cunibertum
2823 5722 2882 5775 5.
