3946 6410
282 417 391 479 801

1158 416 1595 482 CHRONICA.
1628 454 1706 466 -——
1737 414 2214 481 CHRONICON
2264 410 2813 480 UNIVERSALE.

3566 414 3682 478 80:).

282 554 372 610 his
392 552 702 624 gaudebat.
726 553 862 610 Erat
886 554 1039 611 enim
1069 554 1125 610 in
1156 555 1394 611 civitate
1434 557 1789 612 Taurmense
1808 567 1935 625 par-
1966 554 2017 613 A
2044 552 2419 622 concurrunt,
2445 552 2750 623 etpropter
2766 550 2965 608 eamie
2994 550 3163 622 forte
3208 550 3488 621 occidere,
3516 541 3702 608 habe'

282 658 390 701 vus
423 641 656 714 quidam
691 643 1095 715 homunculus,
1128 648 1303 699 natus
1341 645 1410 700 de
1469 643 1701 715 propria
1760 648 1933 711 gente

285 733 760 803 Goteperti.lste
792 732 1143 801 cumsciret,
1206 731 1357 802 quod
1421 730 1767 786 Caribaldus
1807 729 1933 800 ipso

286 822 691 878 sacratissimo
718 821 1103 893 diepaschali
1135 826 1421 877 venturus
1441 825 1598 876 esset
1630 819 1696 875 ad
1724 818 1937 875 oratio-

288 926 414 965 nem
449 910 503 966 in
539 910 802 967 :ecclesia
838 910 993 965 beati
1027 910 1305 966 Johannis
1340 909 1608 980 baptista:
1664 908 1826 975 abiit,
1877 914 1937 963 et

287 1000 550 1054 ascendit
591 1014 769 1070 super
790 1001 1004 1054 fontem
1041 1014 1272 1053 sacrum
1319 996 1666 1068 baptistcrii,
1716 1001 1771 1050 et
1806 1010 1935 1051 eum

290 1086 523 1142 sinistra
552 1089 929 1144 manutenuit
955 1102 1018 1143 se
1049 1086 1120 1142 ad
1150 1101 1316 1142 unam
1358 1086 1789 1156 columnellam,
1840 1083 1935 1138 ubi

291 1176 637 1234 Garibaldus
676 1178 928 1234 transire
957 1177 1262 1245 debuerat,
1325 1191 1452 1231 cum
1505 1176 1743 1231 dextera
1800 1188 1939 1228 vero

292 1266 660 1335 evaginatum
694 1265 951 1335 gladium
977 1266 1085 1320 sub
1108 1280 1163 1318 vr
1183 1265 1457 1320 stiniento
1498 1263 1749 1333 tegebat.
1776 1264 1939 1318 Cum-

294 1370 403 1426 que
438 1354 1129 1428 propceumGaribaldus
1150 1354 1426 1423 venisset,
1452 1352 1548 1407 ille
1581 1350 1670 1384 1°“
1701 1351 1942 1406 homun-

294 1445 406 1511 cio,
440 1445 747 1515 evaginato
776 1442 993 1514 gladio,
1019 1458 1149 1499 cum
1184 1446 1306 1499 tota
1338 1442 1557 1499 virtute
1593 1454 1705 1512 qua
1747 1441 1937 1512 potuit

296 1533 585 1604 percussit
617 1547 749 1589 eum
774 1533 1217 1599 incervicem,et
1242 1530 1759 1603 amputavitcaput
1790 1529 1937 1599 ejus.

297 1622 569 1680 Homines
604 1627 794 1679 autem
821 1622 1079 1693 ejusdem
1111 1620 1415 1677 Garibaldi
1448 1618 1660 1675 multas
1708 1618 1790 1674 illi
1824 1619 1944 1691 pla-

295 1723 399 1780 gas
433 1709 733 1780 facientes,
790 1709 859 1764 ad
921 1708 1186 1765 ultimum
1238 1706 1579 1763 occiderunt
1629 1722 1779 1762 cum.
1835 1706 1941 1772 Qui

299 1799 564 1869 quamvis
586 1799 669 1854 sic
693 1799 934 1870 punitus
968 1802 1234 1853 mortuus
1286 1796 1516 1865 fuisset,
1552 1799 1740 1851 tamen
1799 1794 1945 1865 inju-

2049 641 2212 699 bunl.
2234 643 2332 699 llis
2358 642 2555 697 verbis
2579 640 2944 697 Grimoaldus
2976 640 3269 710 credulus,
3331 640 3553 697 oblitus
3600 646 3692 696 est

2050 732 2201 802 quod
2228 731 2652 802 illijuravit,et
2698 729 2953 801 qualiter
3005 729 3165 787 illum
3215 729 3512 786 occideret
3560 744 3692 787 cum

2047 822 2171 877 suis
2200 821 2499 876 tractavit.
2537 820 2791 891 Denique
2822 833 2929 890 per
2954 819 3260 876 consilium
3312 818 3467 875 misit
3496 819 3548 875 ei
3620 820 3691 875 ad

2046 924 2268 966 caenam
2295 909 2559 965 diversos
2578 908 2742 965 cibos
2766 913 2826 963 et
2848 908 3130 980 Optimum
3162 922 3383 964 merum
3407 922 3471 964 ac
3504 908 3691 964 diver-

2050 1014 2143 1055 sas
2174 998 2467 1070 potiones,
2501 1002 2565 1054 ut
2596 1012 2724 1054 cum
2755 1011 2857 1069 per
2878 1003 3101 1054 noctem
3137 997 3296 1067 quasi
3325 997 3693 1067 mortuusja-

2050 1093 2233 1153 ceret,
2256 1087 2444 1145 levius
2465 1087 2650 1144 occidi
2693 1091 2910 1160 posset.
2946 1087 3055 1143 Sed
3089 1102 3216 1143 cum
3236 1087 3305 1142 ad
3343 1101 3566 1142 coenam
3604 1101 3693 1143 se-

2050 1176 2439 1247 disset,venit
2464 1176 2533 1232 ad
2570 1190 2701 1232 eum
2734 1190 2874 1232 suus
2903 1175 3191 1247 quondam
3217 1174 3498 1241 serviens,
3559 1174 3693 1230 affe-

2050 1281 2186 1322 rens
2222 1266 2270 1319 ei
2298 1267 2493 1322 cibum
2542 1280 2710 1337 quem
2745 1264 2899 1321 misit
2947 1264 2997 1320 ei
3032 1278 3155 1334 rex,
3185 1268 3243 1319 et
3303 1278 3433 1320 cum
3470 1263 3695 1333 posuis-

2051 1361 2140 1411 set
2166 1371 2295 1411 eum
2323 1369 2501 1427 super
2520 1369 2797 1425 mensam,
2839 1352 3004 1408 ﬁnxit
3027 1366 3089 1407 se
3120 1351 3380 1408 salutare
3404 1350 3692 1416 Perhtari,

2052 1449 2110 1500 et
2148 1445 2386 1500 mittens
2416 1444 2723 1513 caputsub
2767 1456 3043 1511 mensam,
3089 1440 3237 1497 clam
3297 1439 3595 1497 nunciavit
3642 1440 3692 1495 ei

2053 1532 2357 1589 consilium
2384 1531 2721 1589 Grimoaldi.
2755 1531 2861 1599 Qui
2891 1530 3089 1587 statim
3111 1529 3342 1586 vocavit
3366 1529 3435 1585 ad
3486 1544 3547 1585 se
3581 1529 3693 1600 pin-

2054 1640 2289 1681 cernam
2324 1638 2515 1695 suum,
2537 1623 2903 1696 precipitque
2924 1622 2998 1692 ei,
3030 1625 3094 1678 ut
3126 1621 3181 1676 in
3208 1619 3334 1677 fiala
3381 1635 3556 1677 aurea
3580 1621 3691 1677 sibi

2057 1715 2351 1783 misceret,
2378 1714 2478 1769 sed
2513 1727 2741 1785 semper
2763 1725 2969 1783 aquam
2994 1709 3169 1768 solam
3195 1710 3249 1765 in
3274 1725 3395 1766 eam
3411 1708 3690 1766 mitteret.

2056 1806 2210 1859 Tunc
2244 1802 2405 1859 missi
2429 1802 2585 1872 regis
2609 1800 2894 1872 rogabant
2936 1815 3067 1856 eum
3100 1814 3171 1854 ex
3230 1797 3501 1854 mandato
3546 1797 3692 1868 ejus,

300 1886 440 1943 riam
471 1890 527 1941 et
565 1892 807 1943 mortem
835 1886 1049 1942 domini
1073 1886 1160 1941 sui
1185 1884 1539 1973 vindicavit.
1578 1882 1944 1973 Grimoaldus
1972 1914 2027 1973 B
2060 1896 2116 1949 ut
2182 1891 2352 1948 huius
2402 1891 2633 1947 biberet
2663 1896 2722 1946 et
2776 1889 2830 1945 in
2864 1888 3086 1944 honore
3133 1885 3448 1943 Grimoaldi
3510 1886 3698 1943 ﬁalam

300 1980 491 2031 autem
524 1974 905 2030 confirmatus
940 1975 992 2029 in
1028 1988 1206 2044 regno
1238 1973 1389 2045 apud
1428 1972 1705 2042 Ticinum,
1732 1972 1945 2029 occidit

301 2062 741 2133 Chunibertum,
777 2062 953 2120 filium
989 2062 1411 2134 Gotepertim“,
1430 2066 1486 2117 et
1516 2076 1773 2118 sororem
1796 2063 1942 2132 ejus-

299 2153 427 2208 dem
453 2152 756 2208 Goteberti
781 2151 892 2223 “0’,
932 2151 1103 2207 tiliam
1160 2151 1436 2224 Ariperti,
1464 2151 1629 2206 duxit
1679 2165 1940 2207 uxorem.

300 2240 765 2296 Beneventanum
790 2256 929 2297 vero
962 2241 1307 2310 exercitum,
1353 2256 1482 2296 cum
1543 2255 1656 2310 quo
1704 2254 1944 2309 regnum

299 2328 705 2400 apprehendit,
742 2329 965 2386 remisit
999 2328 1068 2385 ad
1108 2330 1367 2401 propria,
1413 2328 1660 2384 ditatum
1723 2328 1945 2398 magnis

299 2418 661 2489 muneribus,
695 2417 798 2475 sed
832 2418 1168 2489 aliquantos
1192 2432 1387 2474 secum
1432 2416 1697 2488 retinuit,
1733 2417 1947 2487 quibus

300 2506 656 2576 largissimas
680 2506 1087 2578 possessiones
1112 2506 1424 2563 concessit.
1451 2504 1707 2562 Audiens
1730 2509 1943 2575 autem,

301 2595 452 2666 quod
516 2595 781 2650 Perhtari
870 2595 922 2650 in
978 2596 1267 2666 Scythiam
1345 2595 1593 2665 fugisset
1676 2600 1736 2650 et
1793 2594 1945 2665 apud

303 2686 588 2740 Cacanum
614 2698 808 2753 regem
832 2685 1126 2739 Hunorum
1151 2683 1735 2754 stetisse:,mandavit
1760 2683 1946 2738 eidem

308 2774 553 2842 Cacano,
599 2771 750 2843 quod
782 2773 829 2827 si
862 2772 1130 2828 Perhtari
1153 2772 1205 2827 in
1242 2787 1420 2842 regno
1451 2788 1557 2829 suo
1617 2772 1942 2841 mansisset,

298 2876 501 2934 pacem
526 2876 655 2917 cum
683 2861 1081 2930 Longobardis
1106 2861 1261 2916 sicut
1290 2861 1575 2917 hactenus
1591 2861 1805 2916 habere
1833 2875 1945 2916 non

301 2954 519 3023 posset.
550 2949 714 3016 Quod
736 2952 995 3006 Cacanus
1023 2952 1084 3004 ut
1105 2949 1351 3019 audivit,
1376 2948 1640 3005 Perhtari
1659 2948 1803 3004 dixit
1840 2968 1852 3002 :
1876 2950 1949 3005 In

298 3037 774 3109 qualemcunque
806 3037 1517 3108 parte—mcolueris,cade,
1551 3037 1700 3107 quia
1724 3037 1792 3092 in
1824 3050 1949 3092 meo

298 3139 480 3198 regno
520 3140 636 3183 non
639 3127 868 3198 poteris
906 3128 1089 3197 stare,
1121 3140 1194 3182 ne
1204 3127 1451 3198 propter
1467 3128 1519 3181 te
1554 3124 1950 3184 inimiciciam

301 3215 817 3288 Langobardorum
836 3216 1438 3275 incurram.Perhtari
1453 3217 1573 3272 haec
1591 3216 1954 3285 audiens,de.

303 3313 445 3384 legit
468 3313 775 3369 revertiad
806 3313 1370 3386 Grimoaldum,quia
1406 3313 1836 3382 :.udierat,eum
1860 3328 1951 3371 es-

301 3418 363 3459 se
382 3402 1157 3459 misericordissimum.Cum
1180 3418 1315 3459 vero
1332 3402 1675 3459 venissetad
1696 3404 1951 3460 Lauden-

304 3505 423 3547 sem
457 3491 777 3561 civitatem,
806 3490 963 3547 misit
991 3491 1262 3548 Unulium
1288 3491 1690 3548 fidelissimum
1731 3492 1840 3547 sibi
1869 3492 1953 3548 vi-

304 3596 429 3639 rum
487 3580 556 3636 ad
612 3579 1023 3652 Grimoaldum,
1051 3581 1147 3652 qui
1188 3597 1353 3639 suum
1391 3582 1442 3637 ci
1494 3582 1796 3639 nunciaret
1855 3582 1952 3639 ad-

307 3675 561 3728 ventum.
624 3675 743 3730 Hoc
805 3671 1047 3728 audiens
1097 3671 1485 3743 Grimoaldus,
1565 3671 1804 3740 gavisus
1861 3677 1949 3729 est

307 3761 564 3831 nimium,
590 3766 650 3820 et
682 3760 973 3819 mandavit
998 3761 1051 3818 ei
1082 3760 1497 3833 promittendo,
1544 3761 1697 3832 quod
1730 3760 1951 3818 nullum

307 3851 519 3909 malum
550 3852 815 3922 haberet,
842 3850 890 3907 si
923 3849 993 3907 ad
1019 3865 1150 3906 eum
1178 3850 1425 3906 veniret.
1463 3849 1647 3920 igitur
1684 3850 1952 3908 Perhtari

308 3940 378 3997 ad
413 3940 1141 4010 Grimoaldumingressus,
1176 3934 1367 3995 voluit
1393 3954 1455 3994 se
1498 3940 1567 3994 ad
1615 3940 1793 4011 pedes
1827 3940 1954 4011 ejus

302 4030 569 4101 jactare;
602 4030 704 4086 sed
739 4027 1231 4085 Grimoaldusnon
1266 4027 1614 4099 permittens
1662 4043 1792 4085 eum
1847 4028 1956 4085 hoc

310 4119 524 4189 facere,
561 4118 801 4175 retinuit
834 4131 962 4173 eum
988 4121 1047 4171 et
1087 4115 1388 4172 osculatus
1442 4120 1537 4171 est
1589 4131 1747 4172 eum.
1804 4119 1958 4174 Tunc

310 4208 454 4264 dixit
479 4205 744 4263 Perhtari
780 4205 851 4262 ad
873 4203 1305 4261 Grimoaldum:
1347 4205 1576 4263 Servus
1610 4205 1749 4263 tuus
1806 4220 1959 4279 sum,

307 4297 490 4354 Potui
510 4295 750 4369 quidem
770 4294 968 4352 cicere
994 4293 1155 4350 inter
1177 4306 1469 4364 paganos,
1503 4293 1874 4353 sedaudiens
1907 4296 1962 4353 te

307 4384 887 4445 christianissimam
899 4385 956 4441 et
964 4382 1616 4454 misericordissimam,
1626 4398 1741 4456 pro
1757 4385 1853 4442 tuo
1873 4384 1963 4442 bo-

306 4490 384 4535 no
394 4476 630 4534 nomine
640 4473 868 4532 oeniad
879 4474 951 4530 te.
967 4474 1119 4530 Tunc
1137 4487 1239 4528 rex
1254 4471 1520 4544 promisit
1562 4474 1612 4531 ei
1631 4474 1961 4547 jurejuran-

311 4565 384 4622 do
401 4578 597 4623 coram
612 4563 878 4622 omnibus
891 4562 1091 4619 dicens
1107 4580 1119 4618 :
1136 4561 1255 4618 Per
1267 4574 1393 4618 eum
1419 4562 1522 4633 qui
1532 4565 1805 4621 mendaci
1801 4564 1966 4637 fecit

311 4653 795 4727 quandoquidem
808 4651 1278 4723 admeamﬂdem
1305 4630 1818 4722 venistiniullum
1836 4668 1959 4711 ma-
1987 4630 2041 4692 D

314 4742 566 4801 lumerit
581 4740 789 4800 tibi.Et
813 4740 975 4797 dedit
997 4740 1047 4795 ei
1063 4739 1339 4811 optimam
1354 4739 1609 4812 domum,
1627 4743 1958 4815 precipiens

315 4832 439 4889 suis
477 4831 778 4903 ministris,
805 4829 1083 4887 utomnia
1103 4843 1230 4901 quae
1247 4828 1357 4885 sibi
1401 4834 1595 4888 essent
1630 4846 1958 4892 necessaria

315 4935 387 4976 ex
417 4920 651 4992 publico
701 4917 1093 4978 abundantius
1134 4919 1398 4975 haberet.
1444 4922 1596 4978 Tunc
1629 4924 1963 4982 Ticinenses

314 5024 513 5066 omnes
545 5015 850 5081 coeperunt
876 5009 946 5065 ad
965 5023 1095 5066 eum
1120 5023 1472 5067 concurrere
1486 5014 1723 5082 etquasi
1759 5021 1959 5072 notum

313 5097 590 5156 salutare.
621 5099 824 5155 Statim
850 5098 1149 5170 maliloqui
1174 5099 1526 5157 accedentes
1549 5101 1619 5158 ad
1681 5102 1963 5161 Grimoal-

316 5187 472 5257 dum,
502 5188 775 5245 dixerunt
814 5187 884 5244 ad
908 5202 1072 5244 eum:
1105 5189 1249 5246 Nisi
1284 5187 1573 5246 Perhtari
1604 5191 1787 5250 citius
1816 5194 1965 5251 occi-

318 5277 499 5349 deris,
528 5293 779 5352 regnum
814 5292 931 5335 non
960 5274 1237 5347 habebis;
1275 5292 1471 5336 omnes
1502 5281 1659 5338 enim
1694 5283 1777 5341 ad
1832 5297 1964 5342 eum

2061 1983 2239 2037 totam
2299 1983 2691 2037 consumeret.
2752 1978 2854 2035 Ille
2897 1981 3089 2035 autem
3143 1975 3373 2033 dicebat
3459 1989 3521 2032 se
3567 1990 3696 2032 cum

2055 2070 2270 2139 gaudio
2334 2069 2536 2124 bibere
2596 2071 2899 2138 totamque
2952 2064 3140 2121 ﬁalam
3186 2064 3243 2119 in
3296 2063 3517 2120 honore
3573 2062 3698 2132 ejus

2056 2158 2375 2214 ell‘undere.
2399 2154 2588 2212 Niehil
2620 2160 2813 2211 autem
2852 2154 3091 2210 bibebat
3107 2153 3211 2209 nisi
3235 2166 3459 2222 aquam.
3490 2152 3700 2222 Perge-

2060 2246 2198 2301 bant
2232 2245 2410 2314 igitur
2432 2245 2686 2300 ministri
2731 2244 2906 2313 regis,
2923 2242 3268 2299 nunciantes
3290 2256 3362 2310 ei,
3382 2238 3538 2311 quod
3558 2239 3702 2296 mul-

2058 2339 2181 2391 tum
2215 2334 2409 2391 vinum
2446 2333 2676 2389 biberet
2707 2332 2973 2388 Perhtari
3005 2330 3196 2400 etjam
3228 2329 3498 2386 ebriosus
3520 2335 3693 2385 esset.

2057 2423 2160 2479 Ille
2176 2438 2313 2481 vero
2327 2437 2454 2479 eum
2479 2422 2690 2493 gaudio
2713 2421 2879 2477 dixit:
2897 2420 3197 2478 Bibatille
3209 2418 3471 2476 ebriosus
3502 2417 3696 2488 hodie,

2058 2526 2193 2570 eras
2207 2514 2363 2568 enim
2376 2511 2805 2568 eoometeadem
2823 2513 2965 2568 cina
2987 2524 3118 2566 cum
3136 2508 3447 2579 sanguine.
3473 2508 3696 2564 Interea

2061 2599 2336 2656 clamavit
2358 2599 2620 2656 Perhtari
2637 2598 2707 2654 ad
2722 2614 2783 2655 se
2800 2597 3071 2655 Unulfum
3091 2595 3487 2652 fidelissimum
3509 2608 3697 2666 suum,

2058 2693 2114 2743 et
2148 2688 2429 2744 indicavit
2461 2689 2511 2744 ei
2544 2688 2697 2758 regis
2722 2687 3083 2744 voluntatem
3114 2689 3173 2740 et
3196 2681 3699 2749 consilium.Quod

2061 2775 2303 2834 audiens
2327 2776 2591 2847 Unulfus,
2618 2776 2850 2833 vocavit
2868 2788 3110 2846 puerum
3142 2788 3327 2843 suum,
3349 2775 3408 2828 et
3433 2771 3700 2843 precepit

2059 2867 2133 2936 ei,
2170 2870 2231 2922 ut
2266 2864 2480 2921 lectum
2510 2864 2618 2921 sibi
2661 2866 2875 2920 faceret
2918 2862 3082 2932 juxta
3134 2860 3399 2916 Perhtari
3460 2860 3699 2917 lectum.

2063 2956 2233 3011 Coena
2293 2967 2430 3011 vero
2484 2957 2744 3024 peracta,
2782 2966 2911 3008 cum
2958 2949 3216 3006 misisset
3286 2963 3389 3004 rex
3438 2949 3700 3005 homines

2060 3059 2218 3114 suos,
2248 3044 2344 3114 qui
2378 3042 2644 3098 Perhtari
2676 3040 3064 3109 custodirent,
3098 3054 3168 3095 ne
3235 3038 3433 3108 fugere
3487 3037 3703 3109 potuis-

2062 3137 2172 3197 syt,
2200 3132 2438 3188 intravit
2487 3130 2755 3187 Perhtari
2788 3130 2843 3184 in
2909 3127 3266 3196 cubiculum,
3317 3126 3417 3183 ubi
3449 3126 3703 3183 dormire

2063 3221 2261 3277 debuit
2286 3236 2416 3276 cum
2458 3218 2668 3275 Unulfo
2708 3222 2765 3273 et
2821 3216 3169 3286 vestarario,
3207 3229 3313 3271 suo
3338 3213 3699 3286 ﬁdelissimo,

2062 3318 2481 3388 nunciavitque
2496 3316 2683 3372 eidem
2711 3314 3057 3382 vestarario,
3087 3313 3241 3384 quod
3282 3312 3353 3369 de
3397 3316 3582 3368 morte
3600 3328 3700 3369 sua

2064 3422 2164 3462 rex
2178 3407 2488 3477 cogitaret,
2508 3410 2568 3460 et
2587 3403 2663 3459 ait
2689 3423 2701 3457 :
2724 3403 2803 3459 Si
2818 3416 2917 3474 ego
2928 3401 3703 3474 efugerepotuero,tuﬂnge

2066 3495 2351 3568 loquendo
2364 3495 2446 3552 ad
2456 3495 2719 3550 homines
2729 3490 3078 3563 regis,quod
3088 3504 3188 3562 ego
3207 3490 3501 3548 dormiam
3509 3489 3576 3546 in
3584 3489 3702 3548 isto

2060 3586 2347 3656 cubiculo,
2373 3586 2433 3641 et
2430 3585 2656 3657 forsan
2694 3580 2980 3655 efugiens
2995 3578 3352 3638 demanibus
3387 3592 3587 3638 eorum
3613 3593 3707 3637 me

2066 3675 2344 3735 liberabo.
2365 3673 2526 3741 Quod
2550 3687 2679 3730 cum
2708 3671 2807 3728 ille
2846 3674 3150 3741 gratanter
3174 3684 3235 3727 se
3258 3670 3547 3726 facturum
3579 3683 3711 3741 pro-

2067 3765 2351 3834 mitteret,
2371 3760 2506 3819 tulit
2530 3760 2778 3818 Uuuli‘us
2810 3758 3117 3817 culcitram
3132 3762 3192 3814 et
3206 3757 3415 3831 pellem
3431 3757 3708 3828 ursinam,

2066 3857 2123 3909 et
2160 3852 2349 3925 posuit
2382 3865 2555 3922 supra
2612 3850 2845 3906 dorsum
2900 3846 3188 3913 Perhtari,
3230 3852 3292 3903 et
3343 3847 3523 3918 coepit
3581 3860 3711 3903 eum

2070 3941 2235 4013 quasi
2259 3954 2492 3997 servum
2519 3939 2878 3996 rusticanum
2908 3952 3038 3994 cum
3062 3940 3231 3992 vecte
3257 3935 3467 3992 cedere
3489 3938 3549 3990 et
3578 3948 3710 3992 cum

2069 4046 2263 4103 pugno
2297 4030 2351 4084 in
2384 4026 2536 4084 collo
2561 4025 2830 4099 pellendo
2861 4027 3032 4080 extra
3054 4024 3271 4094 regiam
3294 4023 3442 4095 (2‘29)
3486 4022 3711 4092 jactare

2072 4120 2328 4189 Cumque
2361 4115 2577 4171 milites
2606 4114 2763 4184 regis
2786 4113 3216 4182 interrogarent
3235 4111 3375 4183 quid
3404 4110 3513 4167 hoc
3529 4114 3708 4181 esset,

2072 4207 2319 4264 Unull‘us
2335 4204 2482 4262 dixit
2504 4224 2516 4259 :
2540 4205 2766 4261 Serius
2783 4202 2897 4259 iste
2913 4199 3622 4274 rusticanusfecitmichi
3641 4199 3713 4256 le-

2070 4297 2228 4355 ctum
2261 4296 2452 4367 juxta
2487 4294 2698 4351 lectum
2727 4290 3033 4361 Perhtari,
3067 4289 3484 4361 quisieebrius
3504 4288 3610 4359 est,
3638 4287 3712 4345 ut

2070 4382 3037 4457 dormiatquasisitmortuusﬂoc
3075 4379 3159 4435 illi
3177 4379 3484 4437 audientes
3518 4382 3577 4435 et
3615 4391 3712 4434 ve-

2072 4490 2197 4533 rum
2212 4489 2342 4532 esse
2356 4474 2688 4544 credentes,
2721 4470 2839 4528 laeti
2856 4469 2991 4527 facti
3006 4472 3162 4541 sunt,
3187 4472 3243 4525 et
3259 4467 3527 4525 Perhtari
3543 4465 3709 4538 quasi

2072 4579 2304 4622 servum
2329 4563 2688 4620 rusticanum
2739 4560 2901 4617 exire
2938 4558 3302 4616 dimiserunt.
3335 4554 3709 4614 Vestararius

2072 4652 2379 4712 autemille
2394 4650 2770 4709 ﬁdelissimus
2796 4650 2851 4706 in
2874 4647 3148 4707 cubiculo
3186 4646 3418 4717 mansit,
3449 4644 3711 4716 illudque

2070 4744 2371 4817 claudens,
2431 4742 2677 4801 ﬁrmiter
2715 4740 3027 4800 obseravit.
3063 4737 3229 4809 Quod
3248 4737 3518 4795 videntes
3559 4734 3711 4792 servi

2073 4836 2249 4907 regis,
2286 4834 2507 4892 reversi
2527 4838 2663 4891 sunt
2684 4833 2756 4890 ad
2789 4831 3082 4889 dominum
3113 4842 3302 4888 suum.
3344 4825 3592 4884 Unult‘us
3614 4837 3712 4881 au-

2072 4929 2188 4982 tem
2211 4924 2518 4997 perfunem
2544 4921 2820 4993 deposuit
2841 4920 3171 4991 aliquantos
3185 4918 3344 4975 viros
3356 4915 3427 4973 ad
3441 4912 3713 4971 Perhtari

2074 5014 2367 5071 dominum
2402 5029 2590 5084 suum,
2610 5012 2851 5083 quicum
2867 5010 2966 5067 illo
2988 5010 3159 5066 irent.
3190 5009 3511 5078 Pergentes
3532 5002 3712 5074 igitur

2074 5104 2244 5162 simul
2261 5104 2462 5174 fugere
2476 5106 2801 5174 coeperunt,
2834 5105 2893 5156 et
2923 5115 3054 5157 cum
3080 5097 3435 5156 invenissent
3453 5091 3716 5151 caballos

2074 5196 2129 5251 in
2146 5185 3647 5267 prato,apprehenderunteos,etcaballicaverunt,et
3660 5180 3718 5237 in

2072 5298 2137 5340 ea
2159 5287 2329 5341 nocte
2371 5280 2851 5358 perveneruntad
2896 5279 3197 5336 civitatem
3229 5279 3555 5344 Astensem,
3621 5270 3719 5327 ubi

1672 5409 1909 5467 VARIIE
1949 5410 2359 5468 LECTIONES.

389 5509 478 5544 ¹⁰⁴³
514 5510 726 5584 pergit
751 5515 797 5568 t.
835 5510 925 5545 1°“
963 5508 1271 5583 godeperti
1299 5524 1448 5569 corr.
1501 5517 1798 5588 goteperti
1830 5523 1880 5574 1.
1945 5515 2037 5553 ¹⁰⁸⁸
2066 5516 2161 5577 ita
2204 5523 2251 5575 1.

1905 5634 2129 5693 NOTAE.

390 5725 538 5802 (2'29)
560 5728 602 5784 1.
636 5741 685 5786 e.
709 5727 963 5801 ianuam,
998 5734 1064 5789 ut
1095 5731 1151 5789 in
1182 5731 1385 5791 codice
1413 5731 1577 5791 Pauli
1611 5732 2046 5806 Bambergensi,
2083 5747 2198 5807 quo
2231 5731 2371 5790 Ekk.
2411 5745 2559 5792 usus
2581 5731 2691 5803 est,
2724 5726 2945 5804 sapius
2972 5726 3210 5801 legitur.

2832 5864 2857 5884 ο
