  <div class='ocr_page' id='page_1' title='image "/cluster/home/n/w/nwhite01/storage/ocr_20150623/153-154/uc1.31175019678096/993.png"; bbox 0 0 3946 6444; ppageno 0'>
   <div class='ocr_carea' id='block_1_1' title="bbox 262 393 379 454">
    <p class='ocr_par' dir='ltr' id='par_1_1' title="bbox 262 393 379 454">
     <span class='ocr_line' id='line_1_1' title="bbox 262 393 379 454; baseline 0 0"><span class='ocrx_word' id='word_1_1' title='bbox 262 393 379 454; x_wconf 80' lang='grc'><strong>803</strong></span> 
     </span>
    </p>
   </div>
   <div class='ocr_carea' id='block_1_2' title="bbox 1431 389 2522 459">
    <p class='ocr_par' dir='ltr' id='par_1_2' title="bbox 1431 389 2522 459">
     <span class='ocr_line' id='line_1_2' title="bbox 1431 389 2522 459; baseline 0.005 -5"><span class='ocrx_word' id='word_1_2' title='bbox 1431 390 1920 456; x_wconf 83' lang='lat' dir='ltr'><strong>EKKEHARDI</strong></span> <span class='ocrx_word' id='word_1_3' title='bbox 1967 389 2522 459; x_wconf 80' lang='lat' dir='ltr'><strong>URAUGIENSIS</strong></span> 
     </span>
    </p>
   </div>
   <div class='ocr_carea' id='block_1_3' title="bbox 3557 393 3675 460">
    <p class='ocr_par' dir='ltr' id='par_1_3' title="bbox 3557 393 3675 460">
     <span class='ocr_line' id='line_1_3' title="bbox 3557 393 3675 460; baseline 0 0"><span class='ocrx_word' id='word_1_4' title='bbox 3557 393 3675 460; x_wconf 82' lang='grc'><strong>804</strong></span> 
     </span>
    </p>
   </div>
   <div class='ocr_carea' id='block_1_4' title="bbox 259 527 3672 602">
    <p class='ocr_par' dir='ltr' id='par_1_4' title="bbox 259 527 3672 602">
     <span class='ocr_line' id='line_1_4' title="bbox 259 527 3672 602; baseline 0.001 -16"><span class='ocrx_word' id='word_1_5' title='bbox 259 533 429 586; x_wconf 89' lang='lat' dir='ltr'><strong>erant</strong></span> <span class='ocrx_word' id='word_1_6' title='bbox 460 529 750 586; x_wconf 77' lang='lat' dir='ltr'><strong>verissimi</strong></span> <span class='ocrx_word' id='word_1_7' title='bbox 781 527 1054 586; x_wconf 68' lang='lat' dir='ltr'><strong>amici‘m</strong></span> <span class='ocrx_word' id='word_1_8' title='bbox 1076 529 1368 601; x_wconf 86' lang='lat' dir='ltr'><strong>Perhtari,</strong></span> <span class='ocrx_word' id='word_1_9' title='bbox 1403 531 1533 602; x_wconf 85' lang='lat' dir='ltr'><strong>quia</strong></span> <span class='ocrx_word' id='word_1_10' title='bbox 1551 530 1752 588; x_wconf 89' lang='lat' dir='ltr'><strong>eadem</strong></span> <span class='ocrx_word' id='word_1_11' title='bbox 1775 530 1914 587; x_wconf 89' lang='lat' dir='ltr'><strong>civi-</strong></span> <span class='ocrx_word' id='word_1_12' title='bbox 1943 532 1996 591; x_wconf 88' lang='lat' dir='ltr'><strong>A</strong></span> <span class='ocrx_word' id='word_1_13' title='bbox 2029 536 2223 588; x_wconf 91' lang='lat' dir='ltr'><strong>utrum</strong></span> <span class='ocrx_word' id='word_1_14' title='bbox 2256 531 2464 588; x_wconf 89' lang='lat' dir='ltr'><strong>melius</strong></span> <span class='ocrx_word' id='word_1_15' title='bbox 2491 531 2602 588; x_wconf 86' lang='lat' dir='ltr'><strong>sibi</strong></span> <span class='ocrx_word' id='word_1_16' title='bbox 2629 530 2931 586; x_wconf 77' lang='lat' dir='ltr'><strong>videretur</strong></span> <span class='ocrx_word' id='word_1_17' title='bbox 2956 529 3011 585; x_wconf 89' lang='lat' dir='ltr'><strong>in</strong></span> <span class='ocrx_word' id='word_1_18' title='bbox 3055 528 3270 602; x_wconf 88' lang='lat' dir='ltr'><strong>palatio</strong></span> <span class='ocrx_word' id='word_1_19' title='bbox 3288 544 3420 587; x_wconf 89' lang='lat' dir='ltr'><strong>esse</strong></span> <span class='ocrx_word' id='word_1_20' title='bbox 3443 545 3512 587; x_wconf 89' lang='lat' dir='ltr'><strong>an</strong></span> <span class='ocrx_word' id='word_1_21' title='bbox 3541 547 3672 589; x_wconf 89' lang='lat' dir='ltr'><strong>cum</strong></span> 
     </span>
    </p>
   </div>
   <div class='ocr_carea' id='block_1_5' title="bbox 264 617 1914 692">
    <p class='ocr_par' dir='ltr' id='par_1_5' title="bbox 264 617 1914 692">
     <span class='ocr_line' id='line_1_5' title="bbox 264 617 1914 692; baseline 0.002 -18"><span class='ocrx_word' id='word_1_22' title='bbox 264 625 354 676; x_wconf 89' lang='lat' dir='ltr'><strong>tas</strong></span> <span class='ocrx_word' id='word_1_23' title='bbox 385 618 630 676; x_wconf 84' lang='lat' dir='ltr'><strong>necdum</strong></span> <span class='ocrx_word' id='word_1_24' title='bbox 662 617 897 674; x_wconf 90' lang='lat' dir='ltr'><strong>subdita</strong></span> <span class='ocrx_word' id='word_1_25' title='bbox 931 623 1058 674; x_wconf 87' lang='lat' dir='ltr'><strong>erat</strong></span> <span class='ocrx_word' id='word_1_26' title='bbox 1091 618 1464 686; x_wconf 88' lang='lat' dir='ltr'><strong>Grimoaldo;</strong></span> <span class='ocrx_word' id='word_1_27' title='bbox 1517 619 1769 692; x_wconf 85' lang='lat' dir='ltr'><strong>indeque</strong></span> <span class='ocrx_word' id='word_1_28' title='bbox 1830 621 1914 677; x_wconf 89' lang='lat' dir='ltr'><strong>fu-</strong></span> 
     </span>
    </p>
   </div>
   <div class='ocr_carea' id='block_1_6' title="bbox 258 707 1914 782">
    <p class='ocr_par' dir='ltr' id='par_1_6' title="bbox 258 707 1914 782">
     <span class='ocr_line' id='line_1_6' title="bbox 258 707 1914 782; baseline 0.001 -18"><span class='ocrx_word' id='word_1_29' title='bbox 258 709 424 779; x_wconf 88' lang='lat' dir='ltr'><strong>giens</strong></span> <span class='ocrx_word' id='word_1_30' title='bbox 459 707 517 764; x_wconf 90' lang='lat' dir='ltr'><strong>in</strong></span> <span class='ocrx_word' id='word_1_31' title='bbox 546 707 848 764; x_wconf 88' lang='lat' dir='ltr'><strong>civitatem</strong></span> <span class='ocrx_word' id='word_1_32' title='bbox 881 707 1626 782; x_wconf 87' lang='lat' dir='ltr'><strong>Tauriniensem,pervenit</strong></span> <span class='ocrx_word' id='word_1_33' title='bbox 1657 710 1713 766; x_wconf 92' lang='lat' dir='ltr'><strong>in</strong></span> <span class='ocrx_word' id='word_1_34' title='bbox 1746 713 1914 766; x_wconf 84' lang='lat' dir='ltr'><strong>Fran-</strong></span> 
     </span>
    </p>
   </div>
   <div class='ocr_carea' id='block_1_7' title="bbox 261 796 1910 870">
    <p class='ocr_par' dir='ltr' id='par_1_7' title="bbox 261 796 1910 870">
     <span class='ocr_line' id='line_1_7' title="bbox 261 796 1910 870; baseline 0 -15"><span class='ocrx_word' id='word_1_35' title='bbox 261 798 407 855; x_wconf 89' lang='lat' dir='ltr'><strong>ciam</strong></span> <span class='ocrx_word' id='word_1_36' title='bbox 430 796 662 868; x_wconf 87' lang='lat' dir='ltr'><strong>;sicque</strong></span> <span class='ocrx_word' id='word_1_37' title='bbox 682 799 835 854; x_wconf 88' lang='lat' dir='ltr'><strong>Deus</strong></span> <span class='ocrx_word' id='word_1_38' title='bbox 864 797 1512 870; x_wconf 87' lang='lat' dir='ltr'><strong>omnipotensPerbtari</strong></span> <span class='ocrx_word' id='word_1_39' title='bbox 1543 799 1910 857; x_wconf 75' lang='lat' dir='ltr'><strong>innocentem</strong></span> 
     </span>
    </p>
   </div>
   <div class='ocr_carea' id='block_1_8' title="bbox 261 885 1909 958">
    <p class='ocr_par' dir='ltr' id='par_1_8' title="bbox 261 885 1909 958">
     <span class='ocr_line' id='line_1_8' title="bbox 261 885 1909 958; baseline 0 -14"><span class='ocrx_word' id='word_1_40' title='bbox 261 888 508 944; x_wconf 58' lang='lat' dir='ltr'><strong>a‘morte</strong></span> <span class='ocrx_word' id='word_1_41' title='bbox 541 885 835 958; x_wconf 82' lang='lat' dir='ltr'><strong>liberavit,</strong></span> <span class='ocrx_word' id='word_1_42' title='bbox 870 889 931 941; x_wconf 91' lang='lat' dir='ltr'><strong>et</strong></span> <span class='ocrx_word' id='word_1_43' title='bbox 971 885 1364 944; x_wconf 88' lang='lat' dir='ltr'><strong>Grimoaldum</strong></span> <span class='ocrx_word' id='word_1_44' title='bbox 1421 903 1492 944; x_wconf 90' lang='lat' dir='ltr'><strong>ne</strong></span> <span class='ocrx_word' id='word_1_45' title='bbox 1534 888 1909 946; x_wconf 78' lang='lat' dir='ltr'><strong>homicidium</strong></span> 
     </span>
    </p>
   </div>
   <div class='ocr_carea' id='block_1_9' title="bbox 261 975 1910 1035">
    <p class='ocr_par' dir='ltr' id='par_1_9' title="bbox 261 975 1910 1035">
     <span class='ocr_line' id='line_1_9' title="bbox 261 975 1910 1035; baseline 0.001 -2"><span class='ocrx_word' id='word_1_46' title='bbox 261 978 482 1033; x_wconf 88' lang='lat' dir='ltr'><strong>faceret</strong></span> <span class='ocrx_word' id='word_1_47' title='bbox 509 975 851 1034; x_wconf 88' lang='lat' dir='ltr'><strong>custodivit.</strong></span> <span class='ocrx_word' id='word_1_48' title='bbox 889 977 952 1032; x_wconf 87' lang='lat' dir='ltr'><strong>In</strong></span> <span class='ocrx_word' id='word_1_49' title='bbox 999 975 1318 1034; x_wconf 89' lang='lat' dir='ltr'><strong>crastinum</strong></span> <span class='ocrx_word' id='word_1_50' title='bbox 1361 992 1498 1034; x_wconf 83' lang='lat' dir='ltr'><strong>vero</strong></span> <span class='ocrx_word' id='word_1_51' title='bbox 1542 977 1910 1035; x_wconf 81' lang='lat' dir='ltr'><strong>Grimoaldus</strong></span> 
     </span>
    </p>
   </div>
   <div class='ocr_carea' id='block_1_10' title="bbox 261 1063 1906 1139">
    <p class='ocr_par' dir='ltr' id='par_1_10' title="bbox 261 1063 1906 1139">
     <span class='ocr_line' id='line_1_10' title="bbox 261 1063 1906 1139; baseline 0.001 -16"><span class='ocrx_word' id='word_1_52' title='bbox 261 1080 528 1139; x_wconf 86' lang='lat' dir='ltr'><strong>sperans,</strong></span> <span class='ocrx_word' id='word_1_53' title='bbox 553 1063 710 1137; x_wconf 91' lang='lat' dir='ltr'><strong>quod</strong></span> <span class='ocrx_word' id='word_1_54' title='bbox 739 1063 1009 1122; x_wconf 88' lang='lat' dir='ltr'><strong>Perhtari</strong></span> <span class='ocrx_word' id='word_1_55' title='bbox 1044 1065 1326 1122; x_wconf 75' lang='lat' dir='ltr'><strong>dormiret</strong></span> <span class='ocrx_word' id='word_1_56' title='bbox 1351 1066 1408 1122; x_wconf 91' lang='lat' dir='ltr'><strong>in</strong></span> <span class='ocrx_word' id='word_1_57' title='bbox 1459 1067 1718 1139; x_wconf 81' lang='lat' dir='ltr'><strong>hOSpitio</strong></span> <span class='ocrx_word' id='word_1_58' title='bbox 1777 1082 1906 1138; x_wconf 89' lang='lat' dir='ltr'><strong>suo,</strong></span> 
     </span>
    </p>
   </div>
   <div class='ocr_carea' id='block_1_11' title="bbox 261 1153 1908 1226">
    <p class='ocr_par' dir='ltr' id='par_1_11' title="bbox 261 1153 1908 1226">
     <span class='ocr_line' id='line_1_11' title="bbox 261 1153 1908 1226; baseline 0 -14"><span class='ocrx_word' id='word_1_59' title='bbox 261 1155 418 1212; x_wconf 90' lang='lat' dir='ltr'><strong>misit</strong></span> <span class='ocrx_word' id='word_1_60' title='bbox 441 1153 512 1212; x_wconf 90' lang='lat' dir='ltr'><strong>ad</strong></span> <span class='ocrx_word' id='word_1_61' title='bbox 544 1169 672 1212; x_wconf 90' lang='lat' dir='ltr'><strong>eum</strong></span> <span class='ocrx_word' id='word_1_62' title='bbox 707 1154 971 1210; x_wconf 83' lang='lat' dir='ltr'><strong>homines</strong></span> <span class='ocrx_word' id='word_1_63' title='bbox 998 1155 1093 1226; x_wconf 87' lang='lat' dir='ltr'><strong>qui</strong></span> <span class='ocrx_word' id='word_1_64' title='bbox 1127 1170 1257 1211; x_wconf 90' lang='lat' dir='ltr'><strong>eum</strong></span> <span class='ocrx_word' id='word_1_65' title='bbox 1291 1155 1651 1214; x_wconf 73' lang='lat' dir='ltr'><strong>adducerent</strong></span> <span class='ocrx_word' id='word_1_66' title='bbox 1688 1175 1702 1224; x_wconf 88' lang='lat'><strong>;</strong></span> <span class='ocrx_word' id='word_1_67' title='bbox 1744 1161 1805 1213; x_wconf 85' lang='lat' dir='ltr'><strong>et</strong></span> <span class='ocrx_word' id='word_1_68' title='bbox 1837 1159 1908 1212; x_wconf 85' lang='lat' dir='ltr'><strong>ab</strong></span> 
     </span>
    </p>
   </div>
   <div class='ocr_carea' id='block_1_12' title="bbox 257 1242 1908 1314">
    <p class='ocr_par' dir='ltr' id='par_1_12' title="bbox 257 1242 1908 1314">
     <span class='ocr_line' id='line_1_12' title="bbox 257 1242 1908 1314; baseline -0.001 -11"><span class='ocrx_word' id='word_1_69' title='bbox 257 1246 462 1303; x_wconf 88' lang='lat' dir='ltr'><strong>eodem</strong></span> <span class='ocrx_word' id='word_1_70' title='bbox 488 1245 621 1300; x_wconf 90' lang='lat' dir='ltr'><strong>loco</strong></span> <span class='ocrx_word' id='word_1_71' title='bbox 653 1257 839 1314; x_wconf 91' lang='lat' dir='ltr'><strong>usque</strong></span> <span class='ocrx_word' id='word_1_72' title='bbox 870 1242 938 1299; x_wconf 89' lang='lat' dir='ltr'><strong>ad</strong></span> <span class='ocrx_word' id='word_1_73' title='bbox 973 1243 1252 1314; x_wconf 89' lang='lat' dir='ltr'><strong>palatium</strong></span> <span class='ocrx_word' id='word_1_74' title='bbox 1288 1246 1423 1302; x_wconf 86' lang='lat' dir='ltr'><strong>fecit</strong></span> <span class='ocrx_word' id='word_1_75' title='bbox 1454 1250 1610 1302; x_wconf 86' lang='lat' dir='ltr'><strong>stare</strong></span> <span class='ocrx_word' id='word_1_76' title='bbox 1644 1247 1908 1302; x_wconf 80' lang='lat' dir='ltr'><strong>homines</strong></span> 
     </span>
    </p>
   </div>
   <div class='ocr_carea' id='block_1_13' title="bbox 257 1333 1909 1407">
    <p class='ocr_par' dir='ltr' id='par_1_13' title="bbox 257 1333 1909 1407">
     <span class='ocr_line' id='line_1_13' title="bbox 257 1333 1909 1407; baseline 0 -17"><span class='ocrx_word' id='word_1_77' title='bbox 257 1337 391 1392; x_wconf 90' lang='lat' dir='ltr'><strong>hinc</strong></span> <span class='ocrx_word' id='word_1_78' title='bbox 433 1339 492 1390; x_wconf 86' lang='lat' dir='ltr'><strong>et</strong></span> <span class='ocrx_word' id='word_1_79' title='bbox 524 1333 704 1404; x_wconf 88' lang='lat' dir='ltr'><strong>illinc,</strong></span> <span class='ocrx_word' id='word_1_80' title='bbox 731 1347 800 1388; x_wconf 89' lang='lat' dir='ltr'><strong>ne</strong></span> <span class='ocrx_word' id='word_1_81' title='bbox 819 1333 1364 1406; x_wconf 83' lang='lat' dir='ltr'><strong>perqualecumquc</strong></span> <span class='ocrx_word' id='word_1_82' title='bbox 1399 1335 1686 1405; x_wconf 70' lang='lat' dir='ltr'><strong>ingentium</strong></span> <span class='ocrx_word' id='word_1_83' title='bbox 1704 1339 1909 1407; x_wconf 89' lang='lat' dir='ltr'><strong>posset</strong></span> 
     </span>
    </p>
   </div>
   <div class='ocr_carea' id='block_1_14' title="bbox 257 1422 1909 1496">
    <p class='ocr_par' dir='ltr' id='par_1_14' title="bbox 257 1422 1909 1496">
     <span class='ocr_line' id='line_1_14' title="bbox 257 1422 1909 1496; baseline -0.001 -14"><span class='ocrx_word' id='word_1_84' title='bbox 257 1427 532 1496; x_wconf 77' lang='lat' dir='ltr'><strong>effugere.</strong></span> <span class='ocrx_word' id='word_1_85' title='bbox 569 1423 824 1492; x_wconf 85' lang='lat' dir='ltr'><strong>Cumque</strong></span> <span class='ocrx_word' id='word_1_86' title='bbox 847 1422 1146 1478; x_wconf 85' lang='lat' dir='ltr'><strong>venissent</strong></span> <span class='ocrx_word' id='word_1_87' title='bbox 1169 1422 1328 1480; x_wconf 87' lang='lat' dir='ltr'><strong>missi</strong></span> <span class='ocrx_word' id='word_1_88' title='bbox 1359 1439 1386 1480; x_wconf 90' lang='lat' dir='ltr'><strong>a</strong></span> <span class='ocrx_word' id='word_1_89' title='bbox 1424 1438 1576 1494; x_wconf 89' lang='lat' dir='ltr'><strong>rege,</strong></span> <span class='ocrx_word' id='word_1_90' title='bbox 1601 1428 1909 1496; x_wconf 85' lang='lat' dir='ltr'><strong>coeperunt</strong></span> 
     </span>
    </p>
   </div>
   <div class='ocr_carea' id='block_1_15' title="bbox 257 1511 1908 1584">
    <p class='ocr_par' dir='ltr' id='par_1_15' title="bbox 257 1511 1908 1584">
     <span class='ocr_line' id='line_1_15' title="bbox 257 1511 1908 1584; baseline -0.002 -12"><span class='ocrx_word' id='word_1_91' title='bbox 257 1515 512 1572; x_wconf 88' lang='lat' dir='ltr'><strong>clamare</strong></span> <span class='ocrx_word' id='word_1_92' title='bbox 543 1512 615 1568; x_wconf 90' lang='lat' dir='ltr'><strong>ad</strong></span> <span class='ocrx_word' id='word_1_93' title='bbox 649 1511 1362 1581; x_wconf 87' lang='lat' dir='ltr'><strong>regiamubivestararius</strong></span> <span class='ocrx_word' id='word_1_94' title='bbox 1395 1513 1494 1568; x_wconf 89' lang='lat' dir='ltr'><strong>ille</strong></span> <span class='ocrx_word' id='word_1_95' title='bbox 1531 1514 1821 1584; x_wconf 86' lang='lat' dir='ltr'><strong>manebat,</strong></span> <span class='ocrx_word' id='word_1_96' title='bbox 1847 1517 1908 1570; x_wconf 89' lang='lat' dir='ltr'><strong>ut</strong></span> 
     </span>
    </p>
   </div>
   <div class='ocr_carea' id='block_1_16' title="bbox 257 1600 1907 1663">
    <p class='ocr_par' dir='ltr' id='par_1_16' title="bbox 257 1600 1907 1663">
     <span class='ocr_line' id='line_1_16' title="bbox 257 1600 1907 1663; baseline -0.002 0"><span class='ocrx_word' id='word_1_97' title='bbox 257 1602 526 1663; x_wconf 87' lang='lat' dir='ltr'><strong>Perhtari</strong></span> <span class='ocrx_word' id='word_1_98' title='bbox 559 1616 589 1657; x_wconf 89' lang='lat' dir='ltr'><strong>a</strong></span> <span class='ocrx_word' id='word_1_99' title='bbox 607 1615 808 1659; x_wconf 91' lang='lat' dir='ltr'><strong>somno</strong></span> <span class='ocrx_word' id='word_1_100' title='bbox 830 1600 1177 1656; x_wconf 76' lang='lat' dir='ltr'><strong>excitarent.</strong></span> <span class='ocrx_word' id='word_1_101' title='bbox 1206 1603 1580 1658; x_wconf 82' lang='lat' dir='ltr'><strong>Vestararius</strong></span> <span class='ocrx_word' id='word_1_102' title='bbox 1601 1607 1792 1659; x_wconf 83' lang='lat' dir='ltr'><strong>autem</strong></span> <span class='ocrx_word' id='word_1_103' title='bbox 1808 1601 1907 1660; x_wconf 87' lang='lat' dir='ltr'><strong>ille</strong></span> 
     </span>
    </p>
   </div>
   <div class='ocr_carea' id='block_1_17' title="bbox 257 1689 1910 1762">
    <p class='ocr_par' dir='ltr' id='par_1_17' title="bbox 257 1689 1910 1762">
     <span class='ocr_line' id='line_1_17' title="bbox 257 1689 1910 1762; baseline -0.002 -10"><span class='ocrx_word' id='word_1_104' title='bbox 257 1694 492 1752; x_wconf 88' lang='lat' dir='ltr'><strong>dicebat</strong></span> <span class='ocrx_word' id='word_1_105' title='bbox 517 1711 530 1746; x_wconf 91' lang='lat'>:</span> <span class='ocrx_word' id='word_1_106' title='bbox 550 1689 1039 1749; x_wconf 57' lang='lat' dir='ltr'><strong>Misericordia»;</strong></span> <span class='ocrx_word' id='word_1_107' title='bbox 1059 1704 1192 1746; x_wconf 80' lang='lat' dir='ltr'><strong>cum</strong></span> <span class='ocrx_word' id='word_1_108' title='bbox 1211 1691 1481 1762; x_wconf 85' lang='lat' dir='ltr'><strong>cofacite</strong></span> <span class='ocrx_word' id='word_1_109' title='bbox 1493 1691 1551 1746; x_wconf 90' lang='lat' dir='ltr'><strong>et</strong></span> <span class='ocrx_word' id='word_1_110' title='bbox 1563 1691 1824 1750; x_wconf 74' lang='lat' dir='ltr'><strong>dormire</strong></span> <span class='ocrx_word' id='word_1_111' title='bbox 1837 1693 1910 1749; x_wconf 88' lang='lat' dir='ltr'><strong>il-</strong></span> 
     </span>
    </p>
   </div>
   <div class='ocr_carea' id='block_1_18' title="bbox 258 1777 1909 1856">
    <p class='ocr_par' dir='ltr' id='par_1_18' title="bbox 258 1777 1909 1856">
     <span class='ocr_line' id='line_1_18' title="bbox 258 1777 1909 1856; baseline -0.004 -13"><span class='ocrx_word' id='word_1_112' title='bbox 258 1780 739 1856; x_wconf 76' lang='lat' dir='ltr'><strong>lampermittite,</strong></span> <span class='ocrx_word' id='word_1_113' title='bbox 771 1779 918 1849; x_wconf 76' lang='lat' dir='ltr'><strong>quia</strong></span> <span class='ocrx_word' id='word_1_114' title='bbox 932 1779 1117 1836; x_wconf 65' lang='lat' dir='ltr'><strong>devia</strong></span> <span class='ocrx_word' id='word_1_115' title='bbox 1133 1777 1332 1836; x_wconf 79' lang='lat' dir='ltr'><strong>lassas</strong></span> <span class='ocrx_word' id='word_1_116' title='bbox 1364 1781 1453 1838; x_wconf 84' lang='lat' dir='ltr'><strong>est</strong></span> <span class='ocrx_word' id='word_1_117' title='bbox 1489 1780 1545 1837; x_wconf 89' lang='lat' dir='ltr'><strong>et</strong></span> <span class='ocrx_word' id='word_1_118' title='bbox 1588 1779 1789 1837; x_wconf 76' lang='lat' dir='ltr'><strong>adhuc</strong></span> <span class='ocrx_word' id='word_1_119' title='bbox 1815 1781 1909 1838; x_wconf 75' lang='lat' dir='ltr'><strong>ai-</strong></span> 
     </span>
    </p>
   </div>
   <div class='ocr_carea' id='block_1_19' title="bbox 254 1867 1986 1961">
    <p class='ocr_par' dir='ltr' id='par_1_19' title="bbox 254 1867 1986 1961">
     <span class='ocr_line' id='line_1_19' title="bbox 254 1867 1986 1961; baseline -0.003 -29"><span class='ocrx_word' id='word_1_120' title='bbox 254 1867 962 1934; x_wconf 75' lang='lat' dir='ltr'><strong>mimndormit.Quicum</strong></span> <span class='ocrx_word' id='word_1_121' title='bbox 1011 1867 1117 1924; x_wconf 91' lang='lat' dir='ltr'><strong>hoc</strong></span> <span class='ocrx_word' id='word_1_122' title='bbox 1143 1869 1265 1939; x_wconf 87' lang='lat' dir='ltr'><strong>regi</strong></span> <span class='ocrx_word' id='word_1_123' title='bbox 1311 1869 1743 1940; x_wconf 88' lang='lat' dir='ltr'><strong>rcnunciarent,</strong></span> <span class='ocrx_word' id='word_1_124' title='bbox 1789 1871 1899 1926; x_wconf 88' lang='lat' dir='ltr'><strong>ait.</strong></span> <span class='ocrx_word' id='word_1_125' title='bbox 1933 1903 1986 1961; x_wconf 57' lang='grc' dir='ltr'><strong>Β</strong></span> 
     </span>
    </p>
   </div>
   <div class='ocr_carea' id='block_1_20' title="bbox 252 1957 1898 2032">
    <p class='ocr_par' dir='ltr' id='par_1_20' title="bbox 252 1957 1898 2032">
     <span class='ocr_line' id='line_1_20' title="bbox 252 1957 1898 2032; baseline -0.005 -9"><span class='ocrx_word' id='word_1_126' title='bbox 252 1965 402 2023; x_wconf 77' lang='lat' dir='ltr'><strong>Sero</strong></span> <span class='ocrx_word' id='word_1_127' title='bbox 422 1963 512 2019; x_wconf 86' lang='lat' dir='ltr'><strong>sic</strong></span> <span class='ocrx_word' id='word_1_128' title='bbox 525 1957 880 2029; x_wconf 75' lang='lat' dir='ltr'><strong>ebriusfait,</strong></span> <span class='ocrx_word' id='word_1_129' title='bbox 903 1957 971 2014; x_wconf 80' lang='lat' dir='ltr'><strong>at</strong></span> <span class='ocrx_word' id='word_1_130' title='bbox 985 1957 1106 2014; x_wconf 84' lang='lat' dir='ltr'><strong>adh</strong></span> <span class='ocrx_word' id='word_1_131' title='bbox 1116 1971 1186 2014; x_wconf 81' lang='lat' dir='ltr'><strong>ac</strong></span> <span class='ocrx_word' id='word_1_132' title='bbox 1221 1959 1503 2032; x_wconf 70' lang='lat' dir='ltr'><strong>erigilare</strong></span> <span class='ocrx_word' id='word_1_133' title='bbox 1541 1975 1658 2016; x_wconf 72' lang='lat' dir='ltr'><strong>non</strong></span> <span class='ocrx_word' id='word_1_134' title='bbox 1689 1959 1898 2030; x_wconf 77' lang='lat' dir='ltr'><strong>possit.</strong></span> 
     </span>
    </p>
   </div>
   <div class='ocr_carea' id='block_1_21' title="bbox 247 2045 1904 2126">
    <p class='ocr_par' dir='ltr' id='par_1_21' title="bbox 247 2045 1904 2126">
     <span class='ocr_line' id='line_1_21' title="bbox 247 2045 1904 2126; baseline -0.002 -18"><span class='ocrx_word' id='word_1_135' title='bbox 247 2055 469 2126; x_wconf 81' lang='lat' dir='ltr'><strong>lterum</strong></span> <span class='ocrx_word' id='word_1_136' title='bbox 509 2048 686 2117; x_wconf 89' lang='lat' dir='ltr'><strong>misit,</strong></span> <span class='ocrx_word' id='word_1_137' title='bbox 719 2052 781 2104; x_wconf 90' lang='lat' dir='ltr'><strong>ut</strong></span> <span class='ocrx_word' id='word_1_138' title='bbox 807 2045 1180 2104; x_wconf 86' lang='lat' dir='ltr'><strong>festinantius</strong></span> <span class='ocrx_word' id='word_1_139' title='bbox 1204 2046 1616 2105; x_wconf 84' lang='lat' dir='ltr'><strong>adduceretur.</strong></span> <span class='ocrx_word' id='word_1_140' title='bbox 1661 2047 1768 2115; x_wconf 88' lang='lat' dir='ltr'><strong>Qui</strong></span> <span class='ocrx_word' id='word_1_141' title='bbox 1811 2063 1904 2105; x_wconf 90' lang='lat' dir='ltr'><strong>ve-</strong></span> 
     </span>
    </p>
   </div>
   <div class='ocr_carea' id='block_1_22' title="bbox 254 2135 1904 2208">
    <p class='ocr_par' dir='ltr' id='par_1_22' title="bbox 254 2135 1904 2208">
     <span class='ocr_line' id='line_1_22' title="bbox 254 2135 1904 2208; baseline -0.002 -12"><span class='ocrx_word' id='word_1_142' title='bbox 254 2140 480 2196; x_wconf 89' lang='lat' dir='ltr'><strong>nientes</strong></span> <span class='ocrx_word' id='word_1_143' title='bbox 497 2137 567 2194; x_wconf 89' lang='lat' dir='ltr'><strong>ad</strong></span> <span class='ocrx_word' id='word_1_144' title='bbox 588 2136 822 2206; x_wconf 86' lang='lat' dir='ltr'><strong>januam</strong></span> <span class='ocrx_word' id='word_1_145' title='bbox 846 2135 939 2191; x_wconf 85' lang='lat' dir='ltr'><strong>ubi</strong></span> <span class='ocrx_word' id='word_1_146' title='bbox 961 2149 1090 2191; x_wconf 91' lang='lat' dir='ltr'><strong>cum</strong></span> <span class='ocrx_word' id='word_1_147' title='bbox 1114 2135 1372 2192; x_wconf 87' lang='lat' dir='ltr'><strong>dormire</strong></span> <span class='ocrx_word' id='word_1_148' title='bbox 1391 2137 1728 2208; x_wconf 85' lang='lat' dir='ltr'><strong>sperabant,</strong></span> <span class='ocrx_word' id='word_1_149' title='bbox 1789 2151 1904 2193; x_wconf 89' lang='lat' dir='ltr'><strong>ma-</strong></span> 
     </span>
    </p>
   </div>
   <div class='ocr_carea' id='block_1_23' title="bbox 253 2223 1900 2300">
    <p class='ocr_par' dir='ltr' id='par_1_23' title="bbox 253 2223 1900 2300">
     <span class='ocr_line' id='line_1_23' title="bbox 253 2223 1900 2300; baseline -0.001 -16"><span class='ocrx_word' id='word_1_150' title='bbox 253 2229 385 2300; x_wconf 86' lang='lat' dir='ltr'><strong>gnis</strong></span> <span class='ocrx_word' id='word_1_151' title='bbox 409 2224 654 2283; x_wconf 88' lang='lat' dir='ltr'><strong>vocibus</strong></span> <span class='ocrx_word' id='word_1_152' title='bbox 679 2230 740 2280; x_wconf 93' lang='lat' dir='ltr'><strong>ut</strong></span> <span class='ocrx_word' id='word_1_153' title='bbox 761 2237 891 2280; x_wconf 90' lang='lat' dir='ltr'><strong>eum</strong></span> <span class='ocrx_word' id='word_1_154' title='bbox 915 2239 976 2280; x_wconf 66' lang='lat' dir='ltr'><strong>ea</strong></span> <span class='ocrx_word' id='word_1_155' title='bbox 992 2223 1246 2280; x_wconf 86' lang='lat' dir='ltr'><strong>citarent</strong></span> <span class='ocrx_word' id='word_1_156' title='bbox 1263 2224 1900 2282; x_wconf 84' lang='lat' dir='ltr'><strong>clamabant.Vestara-</strong></span> 
     </span>
    </p>
   </div>
   <div class='ocr_carea' id='block_1_24' title="bbox 244 2313 1894 2386">
    <p class='ocr_par' dir='ltr' id='par_1_24' title="bbox 244 2313 1894 2386">
     <span class='ocr_line' id='line_1_24' title="bbox 244 2313 1894 2386; baseline -0.002 -12"><span class='ocrx_word' id='word_1_157' title='bbox 244 2319 368 2376; x_wconf 88' lang='lat' dir='ltr'><strong>rius</strong></span> <span class='ocrx_word' id='word_1_158' title='bbox 396 2314 494 2372; x_wconf 91' lang='lat' dir='ltr'><strong>ille</strong></span> <span class='ocrx_word' id='word_1_159' title='bbox 515 2315 728 2370; x_wconf 89' lang='lat' dir='ltr'><strong>iterum</strong></span> <span class='ocrx_word' id='word_1_160' title='bbox 751 2328 852 2370; x_wconf 90' lang='lat' dir='ltr'><strong>eos</strong></span> <span class='ocrx_word' id='word_1_161' title='bbox 875 2313 1141 2384; x_wconf 83' lang='lat' dir='ltr'><strong>rogabat,</strong></span> <span class='ocrx_word' id='word_1_162' title='bbox 1173 2317 1236 2370; x_wconf 89' lang='lat' dir='ltr'><strong>ut</strong></span> <span class='ocrx_word' id='word_1_163' title='bbox 1282 2327 1414 2370; x_wconf 91' lang='lat' dir='ltr'><strong>eum</strong></span> <span class='ocrx_word' id='word_1_164' title='bbox 1467 2313 1894 2386; x_wconf 89' lang='lat' dir='ltr'><strong>aliquantulum</strong></span> 
     </span>
    </p>
   </div>
   <div class='ocr_carea' id='block_1_25' title="bbox 243 2401 1896 2478">
    <p class='ocr_par' dir='ltr' id='par_1_25' title="bbox 243 2401 1896 2478">
     <span class='ocr_line' id='line_1_25' title="bbox 243 2401 1896 2478; baseline -0.002 -14"><span class='ocrx_word' id='word_1_165' title='bbox 243 2405 501 2464; x_wconf 86' lang='lat' dir='ltr'><strong>dormire</strong></span> <span class='ocrx_word' id='word_1_166' title='bbox 520 2404 950 2478; x_wconf 88' lang='lat' dir='ltr'><strong>permitterent.</strong></span> <span class='ocrx_word' id='word_1_167' title='bbox 971 2401 1077 2469; x_wconf 88' lang='lat' dir='ltr'><strong>Qui</strong></span> <span class='ocrx_word' id='word_1_168' title='bbox 1099 2402 1232 2458; x_wconf 85' lang='lat' dir='ltr'><strong>irati</strong></span> <span class='ocrx_word' id='word_1_169' title='bbox 1247 2401 1526 2459; x_wconf 90' lang='lat' dir='ltr'><strong>dixerunt</strong></span> <span class='ocrx_word' id='word_1_170' title='bbox 1553 2404 1757 2460; x_wconf 81' lang='lat' dir='ltr'><strong>:Satis</strong></span> <span class='ocrx_word' id='word_1_171' title='bbox 1757 2405 1896 2475; x_wconf 83' lang='lat' dir='ltr'><strong>jam</strong></span> 
     </span>
    </p>
   </div>
   <div class='ocr_carea' id='block_1_26' title="bbox 243 2491 1893 2564">
    <p class='ocr_par' dir='ltr' id='par_1_26' title="bbox 243 2491 1893 2564">
     <span class='ocr_line' id='line_1_26' title="bbox 243 2491 1893 2564; baseline -0.002 -11"><span class='ocrx_word' id='word_1_172' title='bbox 243 2492 1015 2562; x_wconf 78' lang='lat' dir='ltr'><strong>dormivitehriosasille;et</strong></span> <span class='ocrx_word' id='word_1_173' title='bbox 1039 2491 1304 2548; x_wconf 89' lang='lat' dir='ltr'><strong>calcibus</strong></span> <span class='ocrx_word' id='word_1_174' title='bbox 1325 2493 1668 2564; x_wconf 86' lang='lat' dir='ltr'><strong>rumpebant</strong></span> <span class='ocrx_word' id='word_1_175' title='bbox 1704 2493 1893 2562; x_wconf 87' lang='lat' dir='ltr'><strong>regias</strong></span> 
     </span>
    </p>
   </div>
   <div class='ocr_carea' id='block_1_27' title="bbox 237 2580 1891 2654">
    <p class='ocr_par' dir='ltr' id='par_1_27' title="bbox 237 2580 1891 2654">
     <span class='ocr_line' id='line_1_27' title="bbox 237 2580 1891 2654; baseline -0.001 -14"><span class='ocrx_word' id='word_1_176' title='bbox 237 2587 297 2640; x_wconf 90' lang='lat' dir='ltr'><strong>et</strong></span> <span class='ocrx_word' id='word_1_177' title='bbox 317 2583 568 2654; x_wconf 84' lang='lat' dir='ltr'><strong>ingressi</strong></span> <span class='ocrx_word' id='word_1_178' title='bbox 600 2580 1500 2652; x_wconf 90' lang='lat' dir='ltr'><strong>cubiculum,requirebanteum</strong></span> <span class='ocrx_word' id='word_1_179' title='bbox 1534 2581 1591 2636; x_wconf 89' lang='lat' dir='ltr'><strong>in</strong></span> <span class='ocrx_word' id='word_1_180' title='bbox 1633 2581 1804 2652; x_wconf 89' lang='lat' dir='ltr'><strong>lecto,</strong></span> <span class='ocrx_word' id='word_1_181' title='bbox 1831 2587 1891 2638; x_wconf 91' lang='lat' dir='ltr'><strong>et</strong></span> 
     </span>
    </p>
   </div>
   <div class='ocr_carea' id='block_1_28' title="bbox 239 2671 1885 2743">
    <p class='ocr_par' dir='ltr' id='par_1_28' title="bbox 239 2671 1885 2743">
     <span class='ocr_line' id='line_1_28' title="bbox 239 2671 1885 2743; baseline -0.001 -15"><span class='ocrx_word' id='word_1_182' title='bbox 239 2687 351 2729; x_wconf 92' lang='lat' dir='ltr'><strong>non</strong></span> <span class='ocrx_word' id='word_1_183' title='bbox 376 2671 760 2740; x_wconf 88' lang='lat' dir='ltr'><strong>invenientes,</strong></span> <span class='ocrx_word' id='word_1_184' title='bbox 807 2671 1246 2740; x_wconf 83' lang='lat' dir='ltr'><strong>interrogabant</strong></span> <span class='ocrx_word' id='word_1_185' title='bbox 1297 2671 1708 2742; x_wconf 82' lang='lat' dir='ltr'><strong>vestararium,</strong></span> <span class='ocrx_word' id='word_1_186' title='bbox 1748 2671 1885 2743; x_wconf 80' lang='lat' dir='ltr'><strong>q&#39;xid</strong></span> 
     </span>
    </p>
   </div>
   <div class='ocr_carea' id='block_1_29' title="bbox 245 2759 1883 2832">
    <p class='ocr_par' dir='ltr' id='par_1_29' title="bbox 245 2759 1883 2832">
     <span class='ocr_line' id='line_1_29' title="bbox 245 2759 1883 2832; baseline -0.001 -16"><span class='ocrx_word' id='word_1_187' title='bbox 245 2762 460 2818; x_wconf 84' lang='lat' dir='ltr'><strong>factum</strong></span> <span class='ocrx_word' id='word_1_188' title='bbox 483 2759 783 2818; x_wconf 90' lang='lat' dir='ltr'><strong>sitdeillo.</strong></span> <span class='ocrx_word' id='word_1_189' title='bbox 803 2759 1057 2826; x_wconf 91' lang='lat' dir='ltr'><strong>Quieum</strong></span> <span class='ocrx_word' id='word_1_190' title='bbox 1079 2759 1299 2830; x_wconf 79' lang='lat' dir='ltr'><strong>fugisse</strong></span> <span class='ocrx_word' id='word_1_191' title='bbox 1329 2760 1651 2832; x_wconf 89' lang='lat' dir='ltr'><strong>respondit.</strong></span> <span class='ocrx_word' id='word_1_192' title='bbox 1703 2760 1883 2828; x_wconf 86' lang='lat' dir='ltr'><strong>Quem</strong></span> 
     </span>
    </p>
   </div>
   <div class='ocr_carea' id='block_1_30' title="bbox 237 2849 1880 2922">
    <p class='ocr_par' dir='ltr' id='par_1_30' title="bbox 237 2849 1880 2922">
     <span class='ocr_line' id='line_1_30' title="bbox 237 2849 1880 2922; baseline -0.001 -16"><span class='ocrx_word' id='word_1_193' title='bbox 237 2851 322 2906; x_wconf 89' lang='lat' dir='ltr'><strong>illi</strong></span> <span class='ocrx_word' id='word_1_194' title='bbox 345 2849 854 2922; x_wconf 83' lang='lat' dir='ltr'><strong>apprehendentes</strong></span> <span class='ocrx_word' id='word_1_195' title='bbox 875 2863 980 2920; x_wconf 91' lang='lat' dir='ltr'><strong>per</strong></span> <span class='ocrx_word' id='word_1_196' title='bbox 997 2849 1263 2920; x_wconf 86' lang='lat' dir='ltr'><strong>capillos,</strong></span> <span class='ocrx_word' id='word_1_197' title='bbox 1293 2849 1547 2906; x_wconf 84' lang='lat' dir='ltr'><strong>fustibus</strong></span> <span class='ocrx_word' id='word_1_198' title='bbox 1572 2850 1880 2920; x_wconf 89' lang='lat' dir='ltr'><strong>cedebant,</strong></span> 
     </span>
    </p>
   </div>
   <div class='ocr_carea' id='block_1_31' title="bbox 234 2937 1884 3010">
    <p class='ocr_par' dir='ltr' id='par_1_31' title="bbox 234 2937 1884 3010">
     <span class='ocr_line' id='line_1_31' title="bbox 234 2937 1884 3010; baseline 0 -15"><span class='ocrx_word' id='word_1_199' title='bbox 234 2951 502 3010; x_wconf 88' lang='lat' dir='ltr'><strong>eumque,</strong></span> <span class='ocrx_word' id='word_1_200' title='bbox 529 2937 728 3008; x_wconf 82' lang='lat' dir='ltr'><strong>ligatis</strong></span> <span class='ocrx_word' id='word_1_201' title='bbox 759 2941 891 3008; x_wconf 92' lang='lat' dir='ltr'><strong>post</strong></span> <span class='ocrx_word' id='word_1_202' title='bbox 911 2942 1134 3008; x_wconf 81' lang='lat' dir='ltr'><strong>tergum</strong></span> <span class='ocrx_word' id='word_1_203' title='bbox 1156 2938 1529 3009; x_wconf 88' lang='lat' dir='ltr'><strong>manibus,ad</strong></span> <span class='ocrx_word' id='word_1_204' title='bbox 1563 2953 1756 3008; x_wconf 89' lang='lat' dir='ltr'><strong>regem</strong></span> <span class='ocrx_word' id='word_1_205' title='bbox 1781 2938 1884 2996; x_wconf 92' lang='lat' dir='ltr'><strong>du-</strong></span> 
     </span>
    </p>
   </div>
   <div class='ocr_carea' id='block_1_32' title="bbox 233 3025 1883 3101">
    <p class='ocr_par' dir='ltr' id='par_1_32' title="bbox 233 3025 1883 3101">
     <span class='ocr_line' id='line_1_32' title="bbox 233 3025 1883 3101; baseline -0.001 -15"><span class='ocrx_word' id='word_1_206' title='bbox 233 3027 466 3098; x_wconf 88' lang='lat' dir='ltr'><strong>cebant,</strong></span> <span class='ocrx_word' id='word_1_207' title='bbox 483 3026 748 3084; x_wconf 90' lang='lat' dir='ltr'><strong>dicentes</strong></span> <span class='ocrx_word' id='word_1_208' title='bbox 773 3043 784 3082; x_wconf 94' lang='lat'>:</span> <span class='ocrx_word' id='word_1_209' title='bbox 809 3026 933 3084; x_wconf 80' lang='lat' dir='ltr'><strong>Iste</strong></span> <span class='ocrx_word' id='word_1_210' title='bbox 952 3025 1136 3098; x_wconf 65' lang='lat' dir='ltr'><strong>sapit,</strong></span> <span class='ocrx_word' id='word_1_211' title='bbox 1161 3027 1440 3097; x_wconf 65' lang='lat' dir='ltr'><strong>quomodo</strong></span> <span class='ocrx_word' id='word_1_212' title='bbox 1473 3027 1764 3085; x_wconf 72' lang='lat' dir='ltr'><strong>Perhtari</strong></span> <span class='ocrx_word' id='word_1_213' title='bbox 1777 3028 1883 3101; x_wconf 82' lang='lat' dir='ltr'><strong>fa-</strong></span> 
     </span>
    </p>
   </div>
   <div class='ocr_carea' id='block_1_33' title="bbox 227 3114 1881 3189">
    <p class='ocr_par' dir='ltr' id='par_1_33' title="bbox 227 3114 1881 3189">
     <span class='ocr_line' id='line_1_33' title="bbox 227 3114 1881 3189; baseline 0 -16"><span class='ocrx_word' id='word_1_214' title='bbox 227 3114 548 3188; x_wconf 70' lang='lat' dir='ltr'><strong>git,etideo</strong></span> <span class='ocrx_word' id='word_1_215' title='bbox 561 3114 780 3186; x_wconf 69' lang='lat' dir='ltr'><strong>dignus</strong></span> <span class='ocrx_word' id='word_1_216' title='bbox 793 3114 1090 3171; x_wconf 69' lang='lat' dir='ltr'><strong>estmorte.</strong></span> <span class='ocrx_word' id='word_1_217' title='bbox 1110 3115 1437 3172; x_wconf 73' lang='lat' dir='ltr'><strong>nexantem</strong></span> <span class='ocrx_word' id='word_1_218' title='bbox 1453 3115 1597 3173; x_wconf 81' lang='lat' dir='ltr'><strong>solvi</strong></span> <span class='ocrx_word' id='word_1_219' title='bbox 1613 3131 1742 3172; x_wconf 91' lang='lat' dir='ltr'><strong>eum</strong></span> <span class='ocrx_word' id='word_1_220' title='bbox 1760 3132 1881 3189; x_wconf 90' lang='lat' dir='ltr'><strong>pre-</strong></span> 
     </span>
    </p>
   </div>
   <div class='ocr_carea' id='block_1_34' title="bbox 228 3203 1956 3291">
    <p class='ocr_par' dir='ltr' id='par_1_34' title="bbox 228 3203 1956 3291">
     <span class='ocr_line' id='line_1_34' title="bbox 228 3203 1956 3291; baseline -0.001 -29"><span class='ocrx_word' id='word_1_221' title='bbox 228 3205 410 3277; x_wconf 91' lang='lat' dir='ltr'><strong>cepit,</strong></span> <span class='ocrx_word' id='word_1_222' title='bbox 443 3208 506 3261; x_wconf 89' lang='lat' dir='ltr'><strong>et</strong></span> <span class='ocrx_word' id='word_1_223' title='bbox 535 3217 636 3291; x_wconf 88' lang='lat' dir='ltr'><strong>per</strong></span> <span class='ocrx_word' id='word_1_224' title='bbox 658 3203 940 3276; x_wconf 90' lang='lat' dir='ltr'><strong>ordinem,</strong></span> <span class='ocrx_word' id='word_1_225' title='bbox 991 3203 1247 3276; x_wconf 87' lang='lat' dir='ltr'><strong>qualiter</strong></span> <span class='ocrx_word' id='word_1_226' title='bbox 1283 3205 1549 3262; x_wconf 90' lang='lat' dir='ltr'><strong>Perhtari</strong></span> <span class='ocrx_word' id='word_1_227' title='bbox 1607 3205 1872 3278; x_wconf 85' lang='lat' dir='ltr'><strong>fugisset,</strong></span> <span class='ocrx_word' id='word_1_228' title='bbox 1910 3265 1956 3291; x_wconf 58' lang='grc' dir='ltr'>Π</span> 
     </span>
    </p>
   </div>
   <div class='ocr_carea' id='block_1_35' title="bbox 229 3290 1876 3365">
    <p class='ocr_par' dir='ltr' id='par_1_35' title="bbox 229 3290 1876 3365">
     <span class='ocr_line' id='line_1_35' title="bbox 229 3290 1876 3365; baseline 0 -15"><span class='ocrx_word' id='word_1_229' title='bbox 229 3290 670 3365; x_wconf 88' lang='lat' dir='ltr'><strong>edicerejussit.</strong></span> <span class='ocrx_word' id='word_1_230' title='bbox 696 3291 803 3359; x_wconf 90' lang='lat' dir='ltr'><strong>Qui</strong></span> <span class='ocrx_word' id='word_1_231' title='bbox 827 3292 1016 3350; x_wconf 91' lang='lat' dir='ltr'><strong>omnia</strong></span> <span class='ocrx_word' id='word_1_232' title='bbox 1037 3293 1191 3350; x_wconf 89' lang='lat' dir='ltr'><strong>sicut</strong></span> <span class='ocrx_word' id='word_1_233' title='bbox 1209 3295 1360 3351; x_wconf 86' lang='lat' dir='ltr'><strong>facta</strong></span> <span class='ocrx_word' id='word_1_234' title='bbox 1391 3295 1622 3352; x_wconf 87' lang='lat' dir='ltr'><strong>fuerant</strong></span> <span class='ocrx_word' id='word_1_235' title='bbox 1643 3310 1876 3352; x_wconf 83' lang='lat' dir='ltr'><strong>enarra-</strong></span> 
     </span>
    </p>
   </div>
   <div class='ocr_carea' id='block_1_36' title="bbox 223 3383 1870 3455">
    <p class='ocr_par' dir='ltr' id='par_1_36' title="bbox 223 3383 1870 3455">
     <span class='ocr_line' id='line_1_36' title="bbox 223 3383 1870 3455; baseline -0.001 -13"><span class='ocrx_word' id='word_1_236' title='bbox 223 3384 326 3442; x_wconf 88' lang='lat' dir='ltr'><strong>vit.</strong></span> <span class='ocrx_word' id='word_1_237' title='bbox 361 3385 515 3442; x_wconf 86' lang='lat' dir='ltr'><strong>Tunc</strong></span> <span class='ocrx_word' id='word_1_238' title='bbox 539 3397 640 3439; x_wconf 86' lang='lat' dir='ltr'><strong>rex</strong></span> <span class='ocrx_word' id='word_1_239' title='bbox 679 3383 1066 3454; x_wconf 84' lang='lat' dir='ltr'><strong>interrogavit</strong></span> <span class='ocrx_word' id='word_1_240' title='bbox 1093 3385 1564 3455; x_wconf 88' lang='lat' dir='ltr'><strong>circumstantes,</strong></span> <span class='ocrx_word' id='word_1_241' title='bbox 1621 3385 1822 3442; x_wconf 88' lang='lat' dir='ltr'><strong>dicens</strong></span> <span class='ocrx_word' id='word_1_242' title='bbox 1859 3405 1870 3440; x_wconf 90' lang='lat'><strong>:</strong></span> 
     </span>
    </p>
   </div>
   <div class='ocr_carea' id='block_1_37' title="bbox 229 3473 1872 3546">
    <p class='ocr_par' dir='ltr' id='par_1_37' title="bbox 229 3473 1872 3546">
     <span class='ocr_line' id='line_1_37' title="bbox 229 3473 1872 3546; baseline 0.001 -16"><span class='ocrx_word' id='word_1_243' title='bbox 229 3473 386 3539; x_wconf 76' lang='lat' dir='ltr'><strong>Quid</strong></span> <span class='ocrx_word' id='word_1_244' title='bbox 397 3473 566 3530; x_wconf 86' lang='lat' dir='ltr'><strong>homo</strong></span> <span class='ocrx_word' id='word_1_245' title='bbox 579 3475 688 3533; x_wconf 77' lang='lat' dir='ltr'><strong>iste</strong></span> <span class='ocrx_word' id='word_1_246' title='bbox 689 3474 1046 3545; x_wconf 70' lang='lat' dir='ltr'><strong>promeruit,</strong></span> <span class='ocrx_word' id='word_1_247' title='bbox 1062 3474 1170 3546; x_wconf 74' lang='lat' dir='ltr'><strong>qui</strong></span> <span class='ocrx_word' id='word_1_248' title='bbox 1184 3473 1304 3530; x_wconf 89' lang='lat' dir='ltr'><strong>tale</strong></span> <span class='ocrx_word' id='word_1_249' title='bbox 1315 3474 1740 3546; x_wconf 79' lang='lat' dir='ltr'><strong>malamfecit?</strong></span> <span class='ocrx_word' id='word_1_250' title='bbox 1765 3474 1872 3542; x_wconf 76' lang='lat' dir='ltr'><strong>Qui</strong></span> 
     </span>
    </p>
   </div>
   <div class='ocr_carea' id='block_1_38' title="bbox 223 3561 1874 3635">
    <p class='ocr_par' dir='ltr' id='par_1_38' title="bbox 223 3561 1874 3635">
     <span class='ocr_line' id='line_1_38' title="bbox 223 3561 1874 3635; baseline 0 -15"><span class='ocrx_word' id='word_1_251' title='bbox 223 3575 424 3620; x_wconf 90' lang='lat' dir='ltr'><strong>omnes</strong></span> <span class='ocrx_word' id='word_1_252' title='bbox 452 3564 906 3635; x_wconf 78' lang='lat' dir='ltr'><strong>reaponderunt,</strong></span> <span class='ocrx_word' id='word_1_253' title='bbox 939 3561 1087 3618; x_wconf 87' lang='lat' dir='ltr'><strong>mala</strong></span> <span class='ocrx_word' id='word_1_254' title='bbox 1121 3568 1306 3618; x_wconf 91' lang='lat' dir='ltr'><strong>morte</strong></span> <span class='ocrx_word' id='word_1_255' title='bbox 1332 3562 1494 3619; x_wconf 92' lang='lat' dir='ltr'><strong>illum</strong></span> <span class='ocrx_word' id='word_1_256' title='bbox 1516 3564 1661 3619; x_wconf 83' lang='lat' dir='ltr'><strong>mori</strong></span> <span class='ocrx_word' id='word_1_257' title='bbox 1700 3564 1874 3620; x_wconf 88' lang='lat' dir='ltr'><strong>debe-</strong></span> 
     </span>
    </p>
   </div>
   <div class='ocr_carea' id='block_1_39' title="bbox 222 3649 1866 3724">
    <p class='ocr_par' dir='ltr' id='par_1_39' title="bbox 222 3649 1866 3724">
     <span class='ocr_line' id='line_1_39' title="bbox 222 3649 1866 3724; baseline 0.002 -18"><span class='ocrx_word' id='word_1_258' title='bbox 222 3665 306 3708; x_wconf 89' lang='lat' dir='ltr'><strong>re.</strong></span> <span class='ocrx_word' id='word_1_259' title='bbox 344 3651 466 3706; x_wconf 85' lang='lat' dir='ltr'><strong>Rex</strong></span> <span class='ocrx_word' id='word_1_260' title='bbox 493 3655 687 3708; x_wconf 89' lang='lat' dir='ltr'><strong>autem</strong></span> <span class='ocrx_word' id='word_1_261' title='bbox 709 3649 893 3706; x_wconf 89' lang='lat' dir='ltr'><strong>dixit:</strong></span> <span class='ocrx_word' id='word_1_262' title='bbox 919 3649 1446 3723; x_wconf 76' lang='lat' dir='ltr'><strong>Perillamq-uime</strong></span> <span class='ocrx_word' id='word_1_263' title='bbox 1489 3651 1662 3710; x_wconf 75' lang='lat' dir='ltr'><strong>nasci</strong></span> <span class='ocrx_word' id='word_1_264' title='bbox 1683 3652 1866 3724; x_wconf 85' lang='lat' dir='ltr'><strong>fecit,</strong></span> 
     </span>
    </p>
   </div>
   <div class='ocr_carea' id='block_1_40' title="bbox 223 3738 1870 3813">
    <p class='ocr_par' dir='ltr' id='par_1_40' title="bbox 223 3738 1870 3813">
     <span class='ocr_line' id='line_1_40' title="bbox 223 3738 1870 3813; baseline 0 -15"><span class='ocrx_word' id='word_1_265' title='bbox 223 3738 538 3798; x_wconf 70' lang='lat' dir='ltr'><strong>benedebet</strong></span> <span class='ocrx_word' id='word_1_266' title='bbox 551 3739 720 3798; x_wconf 86' lang='lat' dir='ltr'><strong>homo</strong></span> <span class='ocrx_word' id='word_1_267' title='bbox 732 3740 848 3798; x_wconf 86' lang='lat' dir='ltr'><strong>iste</strong></span> <span class='ocrx_word' id='word_1_268' title='bbox 867 3738 1108 3804; x_wconf 74' lang='lat' dir='ltr'><strong>habere,</strong></span> <span class='ocrx_word' id='word_1_269' title='bbox 1140 3741 1322 3811; x_wconf 76' lang='lat' dir='ltr'><strong>quise</strong></span> <span class='ocrx_word' id='word_1_270' title='bbox 1342 3753 1457 3813; x_wconf 75' lang='lat' dir='ltr'><strong>pro</strong></span> <span class='ocrx_word' id='word_1_271' title='bbox 1498 3741 1733 3798; x_wconf 71' lang='lat' dir='ltr'><strong>doniiao</strong></span> <span class='ocrx_word' id='word_1_272' title='bbox 1765 3755 1870 3800; x_wconf 80' lang='lat' dir='ltr'><strong>suo</strong></span> 
     </span>
    </p>
   </div>
   <div class='ocr_carea' id='block_1_41' title="bbox 214 3828 1869 3901">
    <p class='ocr_par' dir='ltr' id='par_1_41' title="bbox 214 3828 1869 3901">
     <span class='ocr_line' id='line_1_41' title="bbox 214 3828 1869 3901; baseline 0.001 -15"><span class='ocrx_word' id='word_1_273' title='bbox 214 3829 604 3888; x_wconf 77' lang='lat' dir='ltr'><strong>mortivolm‘t</strong></span> <span class='ocrx_word' id='word_1_274' title='bbox 631 3828 1060 3887; x_wconf 66' lang='lat' dir='ltr'><strong>hradere.Tunc</strong></span> <span class='ocrx_word' id='word_1_275' title='bbox 1089 3829 1354 3901; x_wconf 89' lang='lat' dir='ltr'><strong>precepit</strong></span> <span class='ocrx_word' id='word_1_276' title='bbox 1387 3844 1518 3886; x_wconf 90' lang='lat' dir='ltr'><strong>eum</strong></span> <span class='ocrx_word' id='word_1_277' title='bbox 1543 3829 1698 3886; x_wconf 89' lang='lat' dir='ltr'><strong>inter</strong></span> <span class='ocrx_word' id='word_1_278' title='bbox 1727 3844 1869 3888; x_wconf 89' lang='lat' dir='ltr'><strong>suos</strong></span> 
     </span>
    </p>
   </div>
   <div class='ocr_carea' id='block_1_42' title="bbox 214 3915 1868 3990">
    <p class='ocr_par' dir='ltr' id='par_1_42' title="bbox 214 3915 1868 3990">
     <span class='ocr_line' id='line_1_42' title="bbox 214 3915 1868 3990; baseline 0.001 -15"><span class='ocrx_word' id='word_1_279' title='bbox 214 3917 580 3975; x_wconf 87' lang='lat' dir='ltr'><strong>vestararios</strong></span> <span class='ocrx_word' id='word_1_280' title='bbox 609 3915 963 3989; x_wconf 88' lang='lat' dir='ltr'><strong>esse,multa</strong></span> <span class='ocrx_word' id='word_1_281' title='bbox 991 3917 1042 3974; x_wconf 90' lang='lat' dir='ltr'><strong>ei</strong></span> <span class='ocrx_word' id='word_1_282' title='bbox 1069 3918 1444 3990; x_wconf 89' lang='lat' dir='ltr'><strong>promittens,</strong></span> <span class='ocrx_word' id='word_1_283' title='bbox 1469 3919 1518 3975; x_wconf 89' lang='lat' dir='ltr'><strong>si</strong></span> <span class='ocrx_word' id='word_1_284' title='bbox 1549 3919 1661 3976; x_wconf 90' lang='lat' dir='ltr'><strong>sibi</strong></span> <span class='ocrx_word' id='word_1_285' title='bbox 1694 3919 1868 3977; x_wconf 90' lang='lat' dir='ltr'><strong>talem</strong></span> 
     </span>
    </p>
   </div>
   <div class='ocr_carea' id='block_1_43' title="bbox 217 4005 1868 4078">
    <p class='ocr_par' dir='ltr' id='par_1_43' title="bbox 217 4005 1868 4078">
     <span class='ocr_line' id='line_1_43' title="bbox 217 4005 1868 4078; baseline 0.001 -14"><span class='ocrx_word' id='word_1_286' title='bbox 217 4007 386 4064; x_wconf 85' lang='lat' dir='ltr'><strong>ﬁdem</strong></span> <span class='ocrx_word' id='word_1_287' title='bbox 417 4010 706 4077; x_wconf 89' lang='lat' dir='ltr'><strong>servaret,</strong></span> <span class='ocrx_word' id='word_1_288' title='bbox 733 4005 962 4078; x_wconf 89' lang='lat' dir='ltr'><strong>qualem</strong></span> <span class='ocrx_word' id='word_1_289' title='bbox 1011 4007 1273 4064; x_wconf 85' lang='lat' dir='ltr'><strong>Perhtari</strong></span> <span class='ocrx_word' id='word_1_290' title='bbox 1307 4009 1586 4066; x_wconf 89' lang='lat' dir='ltr'><strong>servavit.</strong></span> <span class='ocrx_word' id='word_1_291' title='bbox 1648 4009 1868 4066; x_wconf 89' lang='lat' dir='ltr'><strong>Deinde</strong></span> 
     </span>
    </p>
   </div>
   <div class='ocr_carea' id='block_1_44' title="bbox 215 4090 1861 4170">
    <p class='ocr_par' dir='ltr' id='par_1_44' title="bbox 215 4090 1861 4170">
     <span class='ocr_line' id='line_1_44' title="bbox 215 4090 1861 4170; baseline 0 -14"><span class='ocrx_word' id='word_1_292' title='bbox 215 4097 527 4170; x_wconf 88' lang='lat' dir='ltr'><strong>requisivit</strong></span> <span class='ocrx_word' id='word_1_293' title='bbox 559 4112 682 4164; x_wconf 86' lang='lat' dir='ltr'><strong>rex,</strong></span> <span class='ocrx_word' id='word_1_294' title='bbox 702 4096 839 4168; x_wconf 89' lang='lat' dir='ltr'><strong>quid</strong></span> <span class='ocrx_word' id='word_1_295' title='bbox 859 4097 932 4153; x_wconf 92' lang='lat' dir='ltr'><strong>de</strong></span> <span class='ocrx_word' id='word_1_296' title='bbox 965 4095 1174 4154; x_wconf 85' lang='lat' dir='ltr'><strong>Unulfo</strong></span> <span class='ocrx_word' id='word_1_297' title='bbox 1207 4090 1425 4154; x_wconf 80' lang='lat' dir='ltr'><strong>factum</strong></span> <span class='ocrx_word' id='word_1_298' title='bbox 1461 4099 1554 4156; x_wconf 90' lang='lat' dir='ltr'><strong>sit.</strong></span> <span class='ocrx_word' id='word_1_299' title='bbox 1594 4099 1699 4166; x_wconf 90' lang='lat' dir='ltr'><strong>Qui</strong></span> <span class='ocrx_word' id='word_1_300' title='bbox 1733 4100 1816 4156; x_wconf 88' lang='lat' dir='ltr'><strong>ait</strong></span> <span class='ocrx_word' id='word_1_301' title='bbox 1849 4121 1861 4156; x_wconf 90' lang='lat'><strong>:</strong></span> 
     </span>
    </p>
   </div>
   <div class='ocr_carea' id='block_1_45' title="bbox 213 4186 1861 4262">
    <p class='ocr_par' dir='ltr' id='par_1_45' title="bbox 213 4186 1861 4262">
     <span class='ocr_line' id='line_1_45' title="bbox 213 4186 1861 4262; baseline 0 -18"><span class='ocrx_word' id='word_1_302' title='bbox 213 4187 290 4245; x_wconf 75' lang='lat' dir='ltr'><strong>In</strong></span> <span class='ocrx_word' id='word_1_303' title='bbox 308 4187 637 4246; x_wconf 67' lang='lat' dir='ltr'><strong>(ecclesiam</strong></span> <span class='ocrx_word' id='word_1_304' title='bbox 689 4186 887 4245; x_wconf 80' lang='lat' dir='ltr'><strong>sancti</strong></span> <span class='ocrx_word' id='word_1_305' title='bbox 923 4187 1248 4246; x_wconf 72' lang='lat' dir='ltr'><strong>Michaelis</strong></span> <span class='ocrx_word' id='word_1_306' title='bbox 1275 4188 1633 4262; x_wconf 71' lang='lat' dir='ltr'><strong>archangeli</strong></span> <span class='ocrx_word' id='word_1_307' title='bbox 1661 4189 1861 4262; x_wconf 72' lang='lat' dir='ltr'><strong>fugit.</strong></span> 
     </span>
    </p>
   </div>
   <div class='ocr_carea' id='block_1_46' title="bbox 212 4275 1864 4350">
    <p class='ocr_par' dir='ltr' id='par_1_46' title="bbox 212 4275 1864 4350">
     <span class='ocr_line' id='line_1_46' title="bbox 212 4275 1864 4350; baseline 0.001 -16"><span class='ocrx_word' id='word_1_308' title='bbox 212 4277 421 4335; x_wconf 89' lang='lat' dir='ltr'><strong>Statim</strong></span> <span class='ocrx_word' id='word_1_309' title='bbox 454 4291 558 4334; x_wconf 86' lang='lat' dir='ltr'><strong>rex</strong></span> <span class='ocrx_word' id='word_1_310' title='bbox 591 4275 748 4333; x_wconf 88' lang='lat' dir='ltr'><strong>misit</strong></span> <span class='ocrx_word' id='word_1_311' title='bbox 777 4277 847 4334; x_wconf 89' lang='lat' dir='ltr'><strong>ad</strong></span> <span class='ocrx_word' id='word_1_312' title='bbox 881 4291 1034 4344; x_wconf 90' lang='lat' dir='ltr'><strong>eum,</strong></span> <span class='ocrx_word' id='word_1_313' title='bbox 1068 4277 1422 4350; x_wconf 88' lang='lat' dir='ltr'><strong>promittens</strong></span> <span class='ocrx_word' id='word_1_314' title='bbox 1469 4279 1690 4336; x_wconf 89' lang='lat' dir='ltr'><strong>nullum</strong></span> <span class='ocrx_word' id='word_1_315' title='bbox 1749 4295 1864 4336; x_wconf 88' lang='lat' dir='ltr'><strong>ma-</strong></span> 
     </span>
    </p>
   </div>
   <div class='ocr_carea' id='block_1_47' title="bbox 211 4365 1859 4435">
    <p class='ocr_par' dir='ltr' id='par_1_47' title="bbox 211 4365 1859 4435">
     <span class='ocr_line' id='line_1_47' title="bbox 211 4365 1859 4435; baseline 0.002 -13"><span class='ocrx_word' id='word_1_316' title='bbox 211 4365 330 4424; x_wconf 90' lang='lat' dir='ltr'><strong>lum</strong></span> <span class='ocrx_word' id='word_1_317' title='bbox 361 4379 493 4423; x_wconf 90' lang='lat' dir='ltr'><strong>eum</strong></span> <span class='ocrx_word' id='word_1_318' title='bbox 524 4365 879 4435; x_wconf 88' lang='lat' dir='ltr'><strong>habiturum,</strong></span> <span class='ocrx_word' id='word_1_319' title='bbox 927 4371 1150 4424; x_wconf 91' lang='lat' dir='ltr'><strong>tantum</strong></span> <span class='ocrx_word' id='word_1_320' title='bbox 1203 4367 1576 4425; x_wconf 85' lang='lat' dir='ltr'><strong>festinantius</strong></span> <span class='ocrx_word' id='word_1_321' title='bbox 1635 4369 1859 4425; x_wconf 87' lang='lat' dir='ltr'><strong>veniret</strong></span> 
     </span>
    </p>
   </div>
   <div class='ocr_carea' id='block_1_48' title="bbox 207 4453 1860 4530">
    <p class='ocr_par' dir='ltr' id='par_1_48' title="bbox 207 4453 1860 4530">
     <span class='ocr_line' id='line_1_48' title="bbox 207 4453 1860 4530; baseline 0.002 -18"><span class='ocrx_word' id='word_1_322' title='bbox 207 4453 283 4512; x_wconf 90' lang='lat' dir='ltr'><strong>ad</strong></span> <span class='ocrx_word' id='word_1_323' title='bbox 313 4469 465 4525; x_wconf 90' lang='lat' dir='ltr'><strong>eum,</strong></span> <span class='ocrx_word' id='word_1_324' title='bbox 495 4453 739 4512; x_wconf 89' lang='lat' dir='ltr'><strong>Unulfus</strong></span> <span class='ocrx_word' id='word_1_325' title='bbox 768 4455 878 4512; x_wconf 90' lang='lat' dir='ltr'><strong>hoc</strong></span> <span class='ocrx_word' id='word_1_326' title='bbox 908 4455 1171 4528; x_wconf 91' lang='lat' dir='ltr'><strong>audiens,</strong></span> <span class='ocrx_word' id='word_1_327' title='bbox 1206 4455 1557 4513; x_wconf 89' lang='lat' dir='ltr'><strong>festinanter</strong></span> <span class='ocrx_word' id='word_1_328' title='bbox 1588 4457 1658 4514; x_wconf 91' lang='lat' dir='ltr'><strong>ad</strong></span> <span class='ocrx_word' id='word_1_329' title='bbox 1705 4457 1860 4530; x_wconf 90' lang='lat' dir='ltr'><strong>pala-</strong></span> 
     </span>
    </p>
   </div>
   <div class='ocr_carea' id='block_1_49' title="bbox 211 4543 1853 4617">
    <p class='ocr_par' dir='ltr' id='par_1_49' title="bbox 211 4543 1853 4617">
     <span class='ocr_line' id='line_1_49' title="bbox 211 4543 1853 4617; baseline 0.001 -16"><span class='ocrx_word' id='word_1_330' title='bbox 211 4550 332 4604; x_wconf 89' lang='lat' dir='ltr'><strong>tum</strong></span> <span class='ocrx_word' id='word_1_331' title='bbox 378 4545 556 4615; x_wconf 90' lang='lat' dir='ltr'><strong>venit,</strong></span> <span class='ocrx_word' id='word_1_332' title='bbox 591 4550 652 4601; x_wconf 90' lang='lat' dir='ltr'><strong>et</strong></span> <span class='ocrx_word' id='word_1_333' title='bbox 679 4543 748 4602; x_wconf 91' lang='lat' dir='ltr'><strong>ad</strong></span> <span class='ocrx_word' id='word_1_334' title='bbox 783 4545 963 4617; x_wconf 87' lang='lat' dir='ltr'><strong>pedes</strong></span> <span class='ocrx_word' id='word_1_335' title='bbox 1009 4545 1162 4616; x_wconf 86' lang='lat' dir='ltr'><strong>regis</strong></span> <span class='ocrx_word' id='word_1_336' title='bbox 1221 4559 1284 4602; x_wconf 89' lang='lat' dir='ltr'><strong>se</strong></span> <span class='ocrx_word' id='word_1_337' title='bbox 1339 4545 1608 4617; x_wconf 90' lang='lat' dir='ltr'><strong>protinus</strong></span> <span class='ocrx_word' id='word_1_338' title='bbox 1675 4545 1853 4604; x_wconf 92' lang='lat' dir='ltr'><strong>misit.</strong></span> 
     </span>
    </p>
   </div>
   <div class='ocr_carea' id='block_1_50' title="bbox 2026 618 3668 693">
    <p class='ocr_par' dir='ltr' id='par_1_50' title="bbox 2026 618 3668 693">
     <span class='ocr_line' id='line_1_50' title="bbox 2026 618 3668 693; baseline 0 -18"><span class='ocrx_word' id='word_1_339' title='bbox 2026 619 2330 678; x_wconf 88' lang='lat' dir='ltr'><strong>Perhctari</strong></span> <span class='ocrx_word' id='word_1_340' title='bbox 2367 621 2421 676; x_wconf 92' lang='lat' dir='ltr'><strong>in</strong></span> <span class='ocrx_word' id='word_1_341' title='bbox 2453 619 2979 693; x_wconf 84' lang='lat' dir='ltr'><strong>peregrinationem</strong></span> <span class='ocrx_word' id='word_1_342' title='bbox 3015 619 3118 675; x_wconf 88' lang='lat' dir='ltr'><strong>ire.</strong></span> <span class='ocrx_word' id='word_1_343' title='bbox 3143 618 3244 675; x_wconf 90' lang='lat' dir='ltr'><strong>llle</strong></span> <span class='ocrx_word' id='word_1_344' title='bbox 3267 621 3668 678; x_wconf 86' lang='lat' dir='ltr'><strong>autemeadem</strong></span> 
     </span>
    </p>
   </div>
   <div class='ocr_carea' id='block_1_51' title="bbox 2025 707 3672 780">
    <p class='ocr_par' dir='ltr' id='par_1_51' title="bbox 2025 707 3672 780">
     <span class='ocr_line' id='line_1_51' title="bbox 2025 707 3672 780; baseline 0 -13"><span class='ocrx_word' id='word_1_345' title='bbox 2025 711 2204 767; x_wconf 89' lang='lat' dir='ltr'><strong>verba</strong></span> <span class='ocrx_word' id='word_1_346' title='bbox 2239 711 2496 779; x_wconf 88' lang='lat' dir='ltr'><strong>dicebat,</strong></span> <span class='ocrx_word' id='word_1_347' title='bbox 2525 724 2652 780; x_wconf 72' lang='lat' dir='ltr'><strong>qum</strong></span> <span class='ocrx_word' id='word_1_348' title='bbox 2679 714 2738 765; x_wconf 90' lang='lat' dir='ltr'><strong>et</strong></span> <span class='ocrx_word' id='word_1_349' title='bbox 2769 707 3253 776; x_wconf 79' lang='lat' dir='ltr'><strong>Unnulfusantea</strong></span> <span class='ocrx_word' id='word_1_350' title='bbox 3277 709 3522 766; x_wconf 83' lang='lat' dir='ltr'><strong>dixerat.</strong></span> <span class='ocrx_word' id='word_1_351' title='bbox 3550 711 3672 767; x_wconf 79' lang='lat' dir='ltr'><strong>Rex</strong></span> 
     </span>
    </p>
   </div>
   <div class='ocr_carea' id='block_1_52' title="bbox 2025 796 3667 870">
    <p class='ocr_par' dir='ltr' id='par_1_52' title="bbox 2025 796 3667 870">
     <span class='ocr_line' id='line_1_52' title="bbox 2025 796 3667 870; baseline -0.001 -15"><span class='ocrx_word' id='word_1_352' title='bbox 2025 803 2218 855; x_wconf 91' lang='lat' dir='ltr'><strong>autem</strong></span> <span class='ocrx_word' id='word_1_353' title='bbox 2243 815 2374 855; x_wconf 91' lang='lat' dir='ltr'><strong>cum</strong></span> <span class='ocrx_word' id='word_1_354' title='bbox 2399 799 2685 868; x_wconf 89' lang='lat' dir='ltr'><strong>audisset,</strong></span> <span class='ocrx_word' id='word_1_355' title='bbox 2739 797 2982 870; x_wconf 86' lang='lat' dir='ltr'><strong>gavisus</strong></span> <span class='ocrx_word' id='word_1_356' title='bbox 3009 800 3103 853; x_wconf 92' lang='lat' dir='ltr'><strong>est</strong></span> <span class='ocrx_word' id='word_1_357' title='bbox 3130 797 3320 864; x_wconf 82' lang='lat' dir='ltr'><strong>valde,</strong></span> <span class='ocrx_word' id='word_1_358' title='bbox 3340 796 3667 855; x_wconf 87' lang='lat' dir='ltr'><strong>etlaudavit</strong></span> 
     </span>
    </p>
   </div>
   <div class='ocr_carea' id='block_1_53' title="bbox 2028 885 3670 959">
    <p class='ocr_par' dir='ltr' id='par_1_53' title="bbox 2028 885 3670 959">
     <span class='ocr_line' id='line_1_53' title="bbox 2028 885 3670 959; baseline 0.003 -19"><span class='ocrx_word' id='word_1_359' title='bbox 2028 887 2195 942; x_wconf 79' lang='lat' dir='ltr'><strong>fidem</strong></span> <span class='ocrx_word' id='word_1_360' title='bbox 2225 886 2478 958; x_wconf 90' lang='lat' dir='ltr'><strong>illorum,</strong></span> <span class='ocrx_word' id='word_1_361' title='bbox 2514 886 2778 956; x_wconf 84' lang='lat' dir='ltr'><strong>dixitque</strong></span> <span class='ocrx_word' id='word_1_362' title='bbox 2803 885 2872 941; x_wconf 88' lang='lat' dir='ltr'><strong>ad</strong></span> <span class='ocrx_word' id='word_1_363' title='bbox 2899 885 3670 959; x_wconf 71' lang='lat' dir='ltr'><strong>Unnull‘um:andcamgue</strong></span> 
     </span>
    </p>
   </div>
   <div class='ocr_carea' id='block_1_54' title="bbox 2022 971 3672 1044">
    <p class='ocr_par' dir='ltr' id='par_1_54' title="bbox 2022 971 3672 1044">
     <span class='ocr_line' id='line_1_54' title="bbox 2022 971 3672 1044; baseline 0.002 -14"><span class='ocrx_word' id='word_1_364' title='bbox 2022 977 2284 1034; x_wconf 71' lang='lat' dir='ltr'><strong>colueris</strong></span> <span class='ocrx_word' id='word_1_365' title='bbox 2307 976 2378 1032; x_wconf 73' lang='lat' dir='ltr'><strong>(le</strong></span> <span class='ocrx_word' id='word_1_366' title='bbox 2409 975 2572 1032; x_wconf 82' lang='lat' dir='ltr'><strong>domo</strong></span> <span class='ocrx_word' id='word_1_367' title='bbox 2592 988 2719 1032; x_wconf 73' lang='lat' dir='ltr'><strong>mm</strong></span> <span class='ocrx_word' id='word_1_368' title='bbox 2734 975 2893 1044; x_wconf 85' lang='lat' dir='ltr'><strong>tolle,</strong></span> <span class='ocrx_word' id='word_1_369' title='bbox 2909 973 3172 1032; x_wconf 77' lang='lat' dir='ltr'><strong>homines</strong></span> <span class='ocrx_word' id='word_1_370' title='bbox 3191 974 3286 1032; x_wconf 71' lang='lat' dir='ltr'><strong>vel</strong></span> <span class='ocrx_word' id='word_1_371' title='bbox 3299 971 3560 1032; x_wconf 77' lang='lat' dir='ltr'><strong>caballos</strong></span> <span class='ocrx_word' id='word_1_372' title='bbox 3575 975 3672 1034; x_wconf 78' lang='lat' dir='ltr'><strong>vel</strong></span> 
     </span>
    </p>
   </div>
   <div class='ocr_carea' id='block_1_55' title="bbox 2021 1060 3666 1135">
    <p class='ocr_par' dir='ltr' id='par_1_55' title="bbox 2021 1060 3666 1135">
     <span class='ocr_line' id='line_1_55' title="bbox 2021 1060 3666 1135; baseline 0.001 -16"><span class='ocrx_word' id='word_1_373' title='bbox 2021 1077 2326 1135; x_wconf 69' lang='lat' dir='ltr'><strong>quaeamg</strong></span> <span class='ocrx_word' id='word_1_374' title='bbox 2337 1077 2405 1120; x_wconf 82' lang='lat' dir='ltr'><strong>ue</strong></span> <span class='ocrx_word' id='word_1_375' title='bbox 2427 1063 2578 1130; x_wconf 80' lang='lat' dir='ltr'><strong>alia,</strong></span> <span class='ocrx_word' id='word_1_376' title='bbox 2595 1062 2814 1119; x_wconf 73' lang='lat' dir='ltr'><strong>etrarle</strong></span> <span class='ocrx_word' id='word_1_377' title='bbox 2830 1061 2912 1118; x_wconf 83' lang='lat' dir='ltr'><strong>ad</strong></span> <span class='ocrx_word' id='word_1_378' title='bbox 2927 1060 3228 1118; x_wconf 72' lang='lat' dir='ltr'><strong>dominam</strong></span> <span class='ocrx_word' id='word_1_379' title='bbox 3242 1062 3542 1119; x_wconf 77' lang='lat' dir='ltr'><strong>taumsine</strong></span> <span class='ocrx_word' id='word_1_380' title='bbox 3553 1061 3666 1120; x_wconf 84' lang='lat' dir='ltr'><strong>ali-</strong></span> 
     </span>
    </p>
   </div>
   <div class='ocr_carea' id='block_1_56' title="bbox 2021 1149 3656 1223">
    <p class='ocr_par' dir='ltr' id='par_1_56' title="bbox 2021 1149 3656 1223">
     <span class='ocr_line' id='line_1_56' title="bbox 2021 1149 3656 1223; baseline 0 -15"><span class='ocrx_word' id='word_1_381' title='bbox 2021 1166 2143 1223; x_wconf 70' lang='lat' dir='ltr'><strong>qua</strong></span> <span class='ocrx_word' id='word_1_382' title='bbox 2167 1151 2402 1210; x_wconf 78' lang='lat' dir='ltr'><strong>lesione.</strong></span> <span class='ocrx_word' id='word_1_383' title='bbox 2432 1151 2706 1207; x_wconf 89' lang='lat' dir='ltr'><strong>Similiter</strong></span> <span class='ocrx_word' id='word_1_384' title='bbox 2729 1151 2878 1206; x_wconf 89' lang='lat' dir='ltr'><strong>dixit</strong></span> <span class='ocrx_word' id='word_1_385' title='bbox 2927 1150 2996 1206; x_wconf 90' lang='lat' dir='ltr'><strong>ad</strong></span> <span class='ocrx_word' id='word_1_386' title='bbox 3047 1150 3429 1207; x_wconf 89' lang='lat' dir='ltr'><strong>vestararium</strong></span> <span class='ocrx_word' id='word_1_387' title='bbox 3480 1149 3656 1208; x_wconf 91' lang='lat' dir='ltr'><strong>illum.</strong></span> 
     </span>
    </p>
   </div>
   <div class='ocr_carea' id='block_1_57' title="bbox 2021 1238 3657 1310">
    <p class='ocr_par' dir='ltr' id='par_1_57' title="bbox 2021 1238 3657 1310">
     <span class='ocr_line' id='line_1_57' title="bbox 2021 1238 3657 1310; baseline 0 -14"><span class='ocrx_word' id='word_1_388' title='bbox 2021 1241 2108 1296; x_wconf 90' lang='lat' dir='ltr'><strong>Illi</strong></span> <span class='ocrx_word' id='word_1_389' title='bbox 2137 1246 2332 1298; x_wconf 88' lang='lat' dir='ltr'><strong>autem</strong></span> <span class='ocrx_word' id='word_1_390' title='bbox 2358 1241 2620 1298; x_wconf 88' lang='lat' dir='ltr'><strong>tulerunt</strong></span> <span class='ocrx_word' id='word_1_391' title='bbox 2649 1241 2838 1298; x_wconf 89' lang='lat' dir='ltr'><strong>omnia</strong></span> <span class='ocrx_word' id='word_1_392' title='bbox 2873 1238 2984 1296; x_wconf 89' lang='lat' dir='ltr'><strong>sibi</strong></span> <span class='ocrx_word' id='word_1_393' title='bbox 3017 1240 3372 1310; x_wconf 89' lang='lat' dir='ltr'><strong>necessaria,</strong></span> <span class='ocrx_word' id='word_1_394' title='bbox 3425 1245 3484 1297; x_wconf 91' lang='lat' dir='ltr'><strong>et</strong></span> <span class='ocrx_word' id='word_1_395' title='bbox 3529 1255 3657 1297; x_wconf 89' lang='lat' dir='ltr'><strong>cum</strong></span> 
     </span>
    </p>
   </div>
   <div class='ocr_carea' id='block_1_58' title="bbox 2019 1327 3664 1401">
    <p class='ocr_par' dir='ltr' id='par_1_58' title="bbox 2019 1327 3664 1401">
     <span class='ocr_line' id='line_1_58' title="bbox 2019 1327 3664 1401; baseline -0.001 -16"><span class='ocrx_word' id='word_1_396' title='bbox 2019 1330 2254 1386; x_wconf 91' lang='lat' dir='ltr'><strong>licentia</strong></span> <span class='ocrx_word' id='word_1_397' title='bbox 2291 1331 2444 1400; x_wconf 83' lang='lat' dir='ltr'><strong>regis</strong></span> <span class='ocrx_word' id='word_1_398' title='bbox 2469 1328 2778 1386; x_wconf 86' lang='lat' dir='ltr'><strong>Grimoaldi</strong></span> <span class='ocrx_word' id='word_1_399' title='bbox 2815 1333 3200 1401; x_wconf 83' lang='lat' dir='ltr'><strong>perrexerunt</strong></span> <span class='ocrx_word' id='word_1_400' title='bbox 3249 1329 3319 1384; x_wconf 91' lang='lat' dir='ltr'><strong>ad</strong></span> <span class='ocrx_word' id='word_1_401' title='bbox 3351 1327 3664 1386; x_wconf 87' lang='lat' dir='ltr'><strong>dilectissi-</strong></span> 
     </span>
    </p>
   </div>
   <div class='ocr_carea' id='block_1_59' title="bbox 2021 1417 3660 1490">
    <p class='ocr_par' dir='ltr' id='par_1_59' title="bbox 2021 1417 3660 1490">
     <span class='ocr_line' id='line_1_59' title="bbox 2021 1417 3660 1490; baseline 0 -16"><span class='ocrx_word' id='word_1_402' title='bbox 2021 1435 2172 1476; x_wconf 88' lang='lat' dir='ltr'><strong>mum</strong></span> <span class='ocrx_word' id='word_1_403' title='bbox 2206 1419 2499 1476; x_wconf 82' lang='lat' dir='ltr'><strong>dominum</strong></span> <span class='ocrx_word' id='word_1_404' title='bbox 2533 1432 2697 1476; x_wconf 90' lang='lat' dir='ltr'><strong>suum</strong></span> <span class='ocrx_word' id='word_1_405' title='bbox 2758 1418 3026 1474; x_wconf 78' lang='lat' dir='ltr'><strong>Perhtari</strong></span> <span class='ocrx_word' id='word_1_406' title='bbox 3056 1417 3110 1473; x_wconf 92' lang='lat' dir='ltr'><strong>in</strong></span> <span class='ocrx_word' id='word_1_407' title='bbox 3164 1422 3361 1490; x_wconf 80' lang='lat' dir='ltr'><strong>partes</strong></span> <span class='ocrx_word' id='word_1_408' title='bbox 3419 1418 3660 1475; x_wconf 85' lang='lat' dir='ltr'><strong>Franco-</strong></span> 
     </span>
    </p>
   </div>
   <div class='ocr_carea' id='block_1_60' title="bbox 2021 1525 2167 1566">
    <p class='ocr_par' dir='ltr' id='par_1_60' title="bbox 2021 1525 2167 1566">
     <span class='ocr_line' id='line_1_60' title="bbox 2021 1525 2167 1566; baseline 0 -1"><span class='ocrx_word' id='word_1_409' title='bbox 2021 1525 2167 1566; x_wconf 88' lang='lat' dir='ltr'><strong>rum.</strong></span> 
     </span>
    </p>
   </div>
   <div class='ocr_carea' id='block_1_61' title="bbox 2091 1598 3661 1672">
    <p class='ocr_par' dir='ltr' id='par_1_61' title="bbox 2091 1598 3661 1672">
     <span class='ocr_line' id='line_1_61' title="bbox 2091 1598 3661 1672; baseline -0.001 -18"><span class='ocrx_word' id='word_1_410' title='bbox 2091 1601 2208 1656; x_wconf 85' lang='lat' dir='ltr'><strong>Hoc</strong></span> <span class='ocrx_word' id='word_1_411' title='bbox 2227 1603 2340 1656; x_wconf 89' lang='lat' dir='ltr'><strong>tem</strong></span> <span class='ocrx_word' id='word_1_412' title='bbox 2348 1613 2488 1672; x_wconf 88' lang='lat' dir='ltr'><strong>pore</strong></span> <span class='ocrx_word' id='word_1_413' title='bbox 2505 1599 2870 1670; x_wconf 89' lang='lat' dir='ltr'><strong>Dagobertus</strong></span> <span class='ocrx_word' id='word_1_414' title='bbox 2887 1611 3124 1668; x_wconf 87' lang='lat' dir='ltr'><strong>regnum</strong></span> <span class='ocrx_word' id='word_1_415' title='bbox 3149 1598 3494 1654; x_wconf 86' lang='lat' dir='ltr'><strong>Francorum</strong></span> <span class='ocrx_word' id='word_1_416' title='bbox 3509 1599 3661 1653; x_wconf 84' lang='lat' dir='ltr'><strong>tene-</strong></span> 
     </span>
    </p>
   </div>
   <div class='ocr_carea' id='block_1_62' title="bbox 2021 1684 3656 1760">
    <p class='ocr_par' dir='ltr' id='par_1_62' title="bbox 2021 1684 3656 1760">
     <span class='ocr_line' id='line_1_62' title="bbox 2021 1684 3656 1760; baseline -0.002 -17"><span class='ocrx_word' id='word_1_417' title='bbox 2021 1688 2140 1757; x_wconf 86' lang='lat' dir='ltr'><strong>bat,</strong></span> <span class='ocrx_word' id='word_1_418' title='bbox 2182 1704 2310 1745; x_wconf 89' lang='lat' dir='ltr'><strong>eum</strong></span> <span class='ocrx_word' id='word_1_419' title='bbox 2347 1703 2460 1760; x_wconf 90' lang='lat' dir='ltr'><strong>quo</strong></span> <span class='ocrx_word' id='word_1_420' title='bbox 2485 1687 2855 1758; x_wconf 84' lang='lat' dir='ltr'><strong>Grimoaldus</strong></span> <span class='ocrx_word' id='word_1_421' title='bbox 2885 1701 3087 1759; x_wconf 89' lang='lat' dir='ltr'><strong>pacem</strong></span> <span class='ocrx_word' id='word_1_422' title='bbox 3122 1686 3342 1742; x_wconf 89' lang='lat' dir='ltr'><strong>ﬁrmam</strong></span> <span class='ocrx_word' id='word_1_423' title='bbox 3389 1684 3656 1742; x_wconf 86' lang='lat' dir='ltr'><strong>habebat.</strong></span> 
     </span>
    </p>
   </div>
   <div class='ocr_carea' id='block_1_63' title="bbox 2019 1773 3658 1850">
    <p class='ocr_par' dir='ltr' id='par_1_63' title="bbox 2019 1773 3658 1850">
     <span class='ocr_line' id='line_1_63' title="bbox 2019 1773 3658 1850; baseline -0.002 -16"><span class='ocrx_word' id='word_1_424' title='bbox 2019 1779 2332 1835; x_wconf 82' lang='lat' dir='ltr'><strong>Romanum</strong></span> <span class='ocrx_word' id='word_1_425' title='bbox 2366 1793 2506 1835; x_wconf 88' lang='lat' dir='ltr'><strong>vero</strong></span> <span class='ocrx_word' id='word_1_426' title='bbox 2539 1777 2842 1850; x_wconf 88' lang='lat' dir='ltr'><strong>imperium</strong></span> <span class='ocrx_word' id='word_1_427' title='bbox 2878 1775 3292 1833; x_wconf 86' lang='lat' dir='ltr'><strong>Constantinus</strong></span> <span class='ocrx_word' id='word_1_428' title='bbox 3327 1773 3658 1832; x_wconf 88' lang='lat' dir='ltr'><strong>Constantis</strong></span> 
     </span>
    </p>
   </div>
   <div class='ocr_carea' id='block_1_64' title="bbox 2019 1862 3658 1940">
    <p class='ocr_par' dir='ltr' id='par_1_64' title="bbox 2019 1862 3658 1940">
     <span class='ocr_line' id='line_1_64' title="bbox 2019 1862 3658 1940; baseline -0.001 -18"><span class='ocrx_word' id='word_1_429' title='bbox 2019 1866 2192 1937; x_wconf 89' lang='lat' dir='ltr'><strong>ﬁlius,</strong></span> <span class='ocrx_word' id='word_1_430' title='bbox 2228 1869 2478 1940; x_wconf 87' lang='lat' dir='ltr'><strong>accepit,</strong></span> <span class='ocrx_word' id='word_1_431' title='bbox 2512 1873 2570 1924; x_wconf 91' lang='lat' dir='ltr'><strong>et</strong></span> <span class='ocrx_word' id='word_1_432' title='bbox 2604 1883 2706 1940; x_wconf 91' lang='lat' dir='ltr'><strong>per</strong></span> <span class='ocrx_word' id='word_1_433' title='bbox 2743 1865 3118 1924; x_wconf 77' lang='lat' dir='ltr'><strong>l7&#39;°‘7annos</strong></span> <span class='ocrx_word' id='word_1_434' title='bbox 3151 1865 3356 1922; x_wconf 90' lang='lat' dir='ltr'><strong>tenuit.</strong></span> <span class='ocrx_word' id='word_1_435' title='bbox 3384 1862 3658 1921; x_wconf 56' lang='lat' dir='ltr'><strong>Posthac</strong></span> 
     </span>
    </p>
   </div>
   <div class='ocr_carea' id='block_1_65' title="bbox 2017 1954 3654 2028">
    <p class='ocr_par' dir='ltr' id='par_1_65' title="bbox 2017 1954 3654 2028">
     <span class='ocr_line' id='line_1_65' title="bbox 2017 1954 3654 2028; baseline -0.002 -16"><span class='ocrx_word' id='word_1_436' title='bbox 2017 1956 2386 2014; x_wconf 89' lang='lat' dir='ltr'><strong>Grimoaldus</strong></span> <span class='ocrx_word' id='word_1_437' title='bbox 2418 1957 2816 2014; x_wconf 86' lang='lat' dir='ltr'><strong>flebotomavit</strong></span> <span class='ocrx_word' id='word_1_438' title='bbox 2838 1971 2900 2013; x_wconf 93' lang='lat' dir='ltr'><strong>se</strong></span> <span class='ocrx_word' id='word_1_439' title='bbox 2923 1957 2979 2011; x_wconf 94' lang='lat' dir='ltr'><strong>in</strong></span> <span class='ocrx_word' id='word_1_440' title='bbox 3001 1954 3241 2028; x_wconf 91' lang='lat' dir='ltr'><strong>palatio,</strong></span> <span class='ocrx_word' id='word_1_441' title='bbox 3275 1959 3332 2011; x_wconf 92' lang='lat' dir='ltr'><strong>et</strong></span> <span class='ocrx_word' id='word_1_442' title='bbox 3364 1967 3493 2010; x_wconf 90' lang='lat' dir='ltr'><strong>cum</strong></span> <span class='ocrx_word' id='word_1_443' title='bbox 3525 1957 3654 2025; x_wconf 88' lang='lat' dir='ltr'><strong>post</strong></span> 
     </span>
    </p>
   </div>
   <div class='ocr_carea' id='block_1_66' title="bbox 2013 2041 3655 2116">
    <p class='ocr_par' dir='ltr' id='par_1_66' title="bbox 2013 2041 3655 2116">
     <span class='ocr_line' id='line_1_66' title="bbox 2013 2041 3655 2116; baseline -0.001 -14"><span class='ocrx_word' id='word_1_444' title='bbox 2013 2060 2218 2102; x_wconf 91' lang='lat' dir='ltr'><strong>novem</strong></span> <span class='ocrx_word' id='word_1_445' title='bbox 2243 2046 2369 2103; x_wconf 91' lang='lat' dir='ltr'><strong>dies</strong></span> <span class='ocrx_word' id='word_1_446' title='bbox 2385 2045 2856 2116; x_wconf 88' lang='lat' dir='ltr'><strong>velletsagittarc</strong></span> <span class='ocrx_word' id='word_1_447' title='bbox 2889 2044 3216 2103; x_wconf 84' lang='lat' dir='ltr'><strong>columbam</strong></span> <span class='ocrx_word' id='word_1_448' title='bbox 3251 2056 3441 2113; x_wconf 89' lang='lat' dir='ltr'><strong>unam,</strong></span> <span class='ocrx_word' id='word_1_449' title='bbox 3466 2041 3655 2100; x_wconf 85' lang='lat' dir='ltr'><strong>disru-</strong></span> 
     </span>
    </p>
   </div>
   <div class='ocr_carea' id='block_1_67' title="bbox 2013 2129 3652 2207">
    <p class='ocr_par' dir='ltr' id='par_1_67' title="bbox 2013 2129 3652 2207">
     <span class='ocr_line' id='line_1_67' title="bbox 2013 2129 3652 2207; baseline -0.002 -17"><span class='ocrx_word' id='word_1_450' title='bbox 2013 2140 2112 2207; x_wconf 88' lang='lat' dir='ltr'><strong>pta</strong></span> <span class='ocrx_word' id='word_1_451' title='bbox 2135 2140 2228 2192; x_wconf 92' lang='lat' dir='ltr'><strong>est</strong></span> <span class='ocrx_word' id='word_1_452' title='bbox 2259 2149 2403 2192; x_wconf 88' lang='lat' dir='ltr'><strong>vena</strong></span> <span class='ocrx_word' id='word_1_453' title='bbox 2437 2136 2508 2192; x_wconf 91' lang='lat' dir='ltr'><strong>de</strong></span> <span class='ocrx_word' id='word_1_454' title='bbox 2543 2135 2669 2206; x_wconf 85' lang='lat' dir='ltr'><strong>ejus</strong></span> <span class='ocrx_word' id='word_1_455' title='bbox 2701 2135 2962 2192; x_wconf 89' lang='lat' dir='ltr'><strong>brachio.</strong></span> <span class='ocrx_word' id='word_1_456' title='bbox 2985 2138 3042 2190; x_wconf 91' lang='lat' dir='ltr'><strong>et</strong></span> <span class='ocrx_word' id='word_1_457' title='bbox 3069 2137 3332 2190; x_wconf 90' lang='lat' dir='ltr'><strong>mortuus</strong></span> <span class='ocrx_word' id='word_1_458' title='bbox 3353 2129 3652 2188; x_wconf 90' lang='lat' dir='ltr'><strong>est.llicin</strong></span> 
     </span>
    </p>
   </div>
   <div class='ocr_carea' id='block_1_68' title="bbox 2010 2219 3648 2296">
    <p class='ocr_par' dir='ltr' id='par_1_68' title="bbox 2010 2219 3648 2296">
     <span class='ocr_line' id='line_1_68' title="bbox 2010 2219 3648 2296; baseline -0.002 -16"><span class='ocrx_word' id='word_1_459' title='bbox 2010 2225 2224 2296; x_wconf 91' lang='lat' dir='ltr'><strong>edicto,</strong></span> <span class='ocrx_word' id='word_1_460' title='bbox 2260 2225 2412 2296; x_wconf 91' lang='lat' dir='ltr'><strong>quod</strong></span> <span class='ocrx_word' id='word_1_461' title='bbox 2443 2240 2544 2282; x_wconf 90' lang='lat' dir='ltr'><strong>rex</strong></span> <span class='ocrx_word' id='word_1_462' title='bbox 2563 2225 2846 2282; x_wconf 83' lang='lat' dir='ltr'><strong>Ruotberi</strong></span> <span class='ocrx_word' id='word_1_463' title='bbox 2881 2223 3040 2294; x_wconf 87' lang='lat' dir='ltr'><strong>fecit,</strong></span> <span class='ocrx_word' id='word_1_464' title='bbox 3066 2222 3362 2294; x_wconf 90' lang='lat' dir='ltr'><strong>aliquanta</strong></span> <span class='ocrx_word' id='word_1_465' title='bbox 3394 2219 3648 2296; x_wconf 86' lang='lat' dir='ltr'><strong>capitula</strong></span> 
     </span>
    </p>
   </div>
   <div class='ocr_carea' id='block_1_69' title="bbox 2007 2309 3650 2386">
    <p class='ocr_par' dir='ltr' id='par_1_69' title="bbox 2007 2309 3650 2386">
     <span class='ocr_line' id='line_1_69' title="bbox 2007 2309 3650 2386; baseline -0.002 -16"><span class='ocrx_word' id='word_1_466' title='bbox 2007 2315 2304 2371; x_wconf 89' lang='lat' dir='ltr'><strong>annexuit.</strong></span> <span class='ocrx_word' id='word_1_467' title='bbox 2342 2314 2470 2372; x_wconf 91' lang='lat' dir='ltr'><strong>Fuit</strong></span> <span class='ocrx_word' id='word_1_468' title='bbox 2504 2319 2698 2372; x_wconf 87' lang='lat' dir='ltr'><strong>autem</strong></span> <span class='ocrx_word' id='word_1_469' title='bbox 2727 2327 2976 2386; x_wconf 80' lang='lat' dir='ltr'><strong>corpore</strong></span> <span class='ocrx_word' id='word_1_470' title='bbox 2995 2311 3278 2368; x_wconf 87' lang='lat' dir='ltr'><strong>maximus</strong></span> <span class='ocrx_word' id='word_1_471' title='bbox 3301 2313 3358 2368; x_wconf 90' lang='lat' dir='ltr'><strong>et</strong></span> <span class='ocrx_word' id='word_1_472' title='bbox 3393 2309 3650 2368; x_wconf 83' lang='lat' dir='ltr'><strong>audacis-</strong></span> 
     </span>
    </p>
   </div>
   <div class='ocr_carea' id='block_1_70' title="bbox 2007 2399 3650 2476">
    <p class='ocr_par' dir='ltr' id='par_1_70' title="bbox 2007 2399 3650 2476">
     <span class='ocr_line' id='line_1_70' title="bbox 2007 2399 3650 2476; baseline -0.002 -18"><span class='ocrx_word' id='word_1_473' title='bbox 2007 2403 2208 2474; x_wconf 89' lang='lat' dir='ltr'><strong>simus,</strong></span> <span class='ocrx_word' id='word_1_474' title='bbox 2251 2404 2444 2476; x_wconf 87' lang='lat' dir='ltr'><strong>capite</strong></span> <span class='ocrx_word' id='word_1_475' title='bbox 2475 2404 2664 2474; x_wconf 87' lang='lat' dir='ltr'><strong>calvo,</strong></span> <span class='ocrx_word' id='word_1_476' title='bbox 2701 2403 2878 2459; x_wconf 89' lang='lat' dir='ltr'><strong>barba</strong></span> <span class='ocrx_word' id='word_1_477' title='bbox 2910 2402 3104 2474; x_wconf 88' lang='lat' dir='ltr'><strong>longa,</strong></span> <span class='ocrx_word' id='word_1_478' title='bbox 3147 2399 3394 2458; x_wconf 89' lang='lat' dir='ltr'><strong>consilio</strong></span> <span class='ocrx_word' id='word_1_479' title='bbox 3423 2406 3479 2457; x_wconf 91' lang='lat' dir='ltr'><strong>et</strong></span> <span class='ocrx_word' id='word_1_480' title='bbox 3537 2399 3650 2456; x_wconf 90' lang='lat' dir='ltr'><strong>vir-</strong></span> 
     </span>
    </p>
   </div>
   <div class='ocr_carea' id='block_1_71' title="bbox 2002 2487 3649 2566">
    <p class='ocr_par' dir='ltr' id='par_1_71' title="bbox 2002 2487 3649 2566">
     <span class='ocr_line' id='line_1_71' title="bbox 2002 2487 3649 2566; baseline -0.002 -18"><span class='ocrx_word' id='word_1_481' title='bbox 2002 2496 2130 2550; x_wconf 89' lang='lat' dir='ltr'><strong>tute</strong></span> <span class='ocrx_word' id='word_1_482' title='bbox 2159 2494 2397 2564; x_wconf 89' lang='lat' dir='ltr'><strong>primus.</strong></span> <span class='ocrx_word' id='word_1_483' title='bbox 2455 2493 2732 2566; x_wconf 90' lang='lat' dir='ltr'><strong>Sepullus</strong></span> <span class='ocrx_word' id='word_1_484' title='bbox 2763 2497 2856 2549; x_wconf 90' lang='lat' dir='ltr'><strong>est</strong></span> <span class='ocrx_word' id='word_1_485' title='bbox 2889 2492 2943 2548; x_wconf 92' lang='lat' dir='ltr'><strong>in</strong></span> <span class='ocrx_word' id='word_1_486' title='bbox 2984 2489 3253 2548; x_wconf 71' lang='lat' dir='ltr'><strong>aecclesia</strong></span> <span class='ocrx_word' id='word_1_487' title='bbox 3303 2487 3492 2547; x_wconf 87' lang='lat' dir='ltr'><strong>sancti</strong></span> <span class='ocrx_word' id='word_1_488' title='bbox 3522 2490 3649 2545; x_wconf 83' lang='lat' dir='ltr'><strong>Am-</strong></span> 
     </span>
    </p>
   </div>
   <div class='ocr_carea' id='block_1_72' title="bbox 2003 2577 3646 2655">
    <p class='ocr_par' dir='ltr' id='par_1_72' title="bbox 2003 2577 3646 2655">
     <span class='ocr_line' id='line_1_72' title="bbox 2003 2577 3646 2655; baseline -0.002 -19"><span class='ocrx_word' id='word_1_489' title='bbox 2003 2581 2202 2652; x_wconf 89' lang='lat' dir='ltr'><strong>brosii,</strong></span> <span class='ocrx_word' id='word_1_490' title='bbox 2241 2597 2412 2654; x_wconf 90' lang='lat' dir='ltr'><strong>quam</strong></span> <span class='ocrx_word' id='word_1_491' title='bbox 2445 2583 2570 2655; x_wconf 88' lang='lat' dir='ltr'><strong>ipse</strong></span> <span class='ocrx_word' id='word_1_492' title='bbox 2597 2582 2756 2640; x_wconf 89' lang='lat' dir='ltr'><strong>fecit.</strong></span> <span class='ocrx_word' id='word_1_493' title='bbox 2783 2579 3043 2652; x_wconf 86' lang='lat' dir='ltr'><strong>Reliquit</strong></span> <span class='ocrx_word' id='word_1_494' title='bbox 3064 2583 3258 2637; x_wconf 88' lang='lat' dir='ltr'><strong>autem</strong></span> <span class='ocrx_word' id='word_1_495' title='bbox 3279 2577 3458 2635; x_wconf 90' lang='lat' dir='ltr'><strong>ﬁlium</strong></span> <span class='ocrx_word' id='word_1_496' title='bbox 3483 2591 3646 2636; x_wconf 87' lang='lat' dir='ltr'><strong>suum</strong></span> 
     </span>
    </p>
   </div>
   <div class='ocr_carea' id='block_1_73' title="bbox 1999 2665 3644 2744">
    <p class='ocr_par' dir='ltr' id='par_1_73' title="bbox 1999 2665 3644 2744">
     <span class='ocr_line' id='line_1_73' title="bbox 1999 2665 3644 2744; baseline -0.001 -19"><span class='ocrx_word' id='word_1_497' title='bbox 1999 2670 2396 2743; x_wconf 87' lang='lat' dir='ltr'><strong>Garibaldum,</strong></span> <span class='ocrx_word' id='word_1_498' title='bbox 2431 2687 2600 2744; x_wconf 89' lang='lat' dir='ltr'><strong>quem</strong></span> <span class='ocrx_word' id='word_1_499' title='bbox 2633 2671 2702 2728; x_wconf 89' lang='lat' dir='ltr'><strong>de</strong></span> <span class='ocrx_word' id='word_1_500' title='bbox 2728 2670 2844 2728; x_wconf 89' lang='lat' dir='ltr'><strong>ﬁlia</strong></span> <span class='ocrx_word' id='word_1_501' title='bbox 2907 2669 3062 2740; x_wconf 90' lang='lat' dir='ltr'><strong>regis</strong></span> <span class='ocrx_word' id='word_1_502' title='bbox 3111 2667 3368 2741; x_wconf 81' lang='lat' dir='ltr'><strong>Ariperti</strong></span> <span class='ocrx_word' id='word_1_503' title='bbox 3425 2665 3644 2737; x_wconf 86' lang='lat' dir='ltr'><strong>habuit,</strong></span> 
     </span>
    </p>
   </div>
   <div class='ocr_carea' id='block_1_74' title="bbox 1997 2755 3644 2834">
    <p class='ocr_par' dir='ltr' id='par_1_74' title="bbox 1997 2755 3644 2834">
     <span class='ocr_line' id='line_1_74' title="bbox 1997 2755 3644 2834; baseline -0.002 -18"><span class='ocrx_word' id='word_1_504' title='bbox 1997 2774 2394 2818; x_wconf 89' lang='lat' dir='ltr'><strong>successorem</strong></span> <span class='ocrx_word' id='word_1_505' title='bbox 2447 2761 2637 2834; x_wconf 86' lang='lat' dir='ltr'><strong>regni,</strong></span> <span class='ocrx_word' id='word_1_506' title='bbox 2686 2760 2876 2818; x_wconf 90' lang='lat' dir='ltr'><strong>adhuc</strong></span> <span class='ocrx_word' id='word_1_507' title='bbox 2930 2772 3193 2832; x_wconf 90' lang='lat' dir='ltr'><strong>puerum,</strong></span> <span class='ocrx_word' id='word_1_508' title='bbox 3269 2755 3644 2814; x_wconf 82' lang='lat' dir='ltr'><strong>Romoaldum</strong></span> 
     </span>
    </p>
   </div>
   <div class='ocr_carea' id='block_1_75' title="bbox 1995 2843 3645 2922">
    <p class='ocr_par' dir='ltr' id='par_1_75' title="bbox 1995 2843 3645 2922">
     <span class='ocr_line' id='line_1_75' title="bbox 1995 2843 3645 2922; baseline -0.002 -18"><span class='ocrx_word' id='word_1_509' title='bbox 1995 2863 2135 2906; x_wconf 90' lang='lat' dir='ltr'><strong>vero</strong></span> <span class='ocrx_word' id='word_1_510' title='bbox 2157 2849 2339 2908; x_wconf 90' lang='lat' dir='ltr'><strong>ﬁlium</strong></span> <span class='ocrx_word' id='word_1_511' title='bbox 2362 2866 2531 2908; x_wconf 91' lang='lat' dir='ltr'><strong>suum</strong></span> <span class='ocrx_word' id='word_1_512' title='bbox 2559 2850 2676 2922; x_wconf 88' lang='lat' dir='ltr'><strong>jam</strong></span> <span class='ocrx_word' id='word_1_513' title='bbox 2702 2851 2758 2910; x_wconf 92' lang='lat' dir='ltr'><strong>in</strong></span> <span class='ocrx_word' id='word_1_514' title='bbox 2792 2851 3124 2906; x_wconf 89' lang='lat' dir='ltr'><strong>Benevento</strong></span> <span class='ocrx_word' id='word_1_515' title='bbox 3173 2847 3380 2905; x_wconf 90' lang='lat' dir='ltr'><strong>ducem</strong></span> <span class='ocrx_word' id='word_1_516' title='bbox 3434 2843 3645 2904; x_wconf 89' lang='lat' dir='ltr'><strong>consti-</strong></span> 
     </span>
    </p>
   </div>
   <div class='ocr_carea' id='block_1_76' title="bbox 1995 2938 2128 2994">
    <p class='ocr_par' dir='ltr' id='par_1_76' title="bbox 1995 2938 2128 2994">
     <span class='ocr_line' id='line_1_76' title="bbox 1995 2938 2128 2994; baseline 0 0"><span class='ocrx_word' id='word_1_517' title='bbox 1995 2938 2128 2994; x_wconf 91' lang='lat' dir='ltr'><strong>tuit.</strong></span> 
     </span>
    </p>
   </div>
   <div class='ocr_carea' id='block_1_77' title="bbox 2065 3025 3638 3098">
    <p class='ocr_par' dir='ltr' id='par_1_77' title="bbox 2065 3025 3638 3098">
     <span class='ocr_line' id='line_1_77' title="bbox 2065 3025 3638 3098; baseline -0.002 -15"><span class='ocrx_word' id='word_1_518' title='bbox 2065 3027 2249 3098; x_wconf 83' lang='lat' dir='ltr'><strong>Igitur</strong></span> <span class='ocrx_word' id='word_1_519' title='bbox 2279 3029 2545 3085; x_wconf 88' lang='lat' dir='ltr'><strong>Perhtari</strong></span> <span class='ocrx_word' id='word_1_520' title='bbox 2577 3043 2709 3087; x_wconf 91' lang='lat' dir='ltr'><strong>cum</strong></span> <span class='ocrx_word' id='word_1_521' title='bbox 2758 3033 2918 3086; x_wconf 90' lang='lat' dir='ltr'><strong>esset</strong></span> <span class='ocrx_word' id='word_1_522' title='bbox 2967 3027 3024 3084; x_wconf 91' lang='lat' dir='ltr'><strong>in</strong></span> <span class='ocrx_word' id='word_1_523' title='bbox 3083 3025 3344 3098; x_wconf 83' lang='lat' dir='ltr'><strong>Francia,</strong></span> <span class='ocrx_word' id='word_1_524' title='bbox 3399 3029 3638 3098; x_wconf 88' lang='lat' dir='ltr'><strong>propter</strong></span> 
     </span>
    </p>
   </div>
   <div class='ocr_carea' id='block_1_78' title="bbox 1991 3117 3635 3190">
    <p class='ocr_par' dir='ltr' id='par_1_78' title="bbox 1991 3117 3635 3190">
     <span class='ocr_line' id='line_1_78' title="bbox 1991 3117 3635 3190; baseline -0.001 -20"><span class='ocrx_word' id='word_1_525' title='bbox 1991 3117 2260 3173; x_wconf 89' lang='lat' dir='ltr'><strong>timorem</strong></span> <span class='ocrx_word' id='word_1_526' title='bbox 2292 3117 2778 3190; x_wconf 87' lang='lat' dir='ltr'><strong>Grimoaldi,quia</strong></span> <span class='ocrx_word' id='word_1_527' title='bbox 2813 3117 3133 3174; x_wconf 90' lang='lat' dir='ltr'><strong>foederatus</strong></span> <span class='ocrx_word' id='word_1_528' title='bbox 3160 3119 3288 3173; x_wconf 90' lang='lat' dir='ltr'><strong>erat</strong></span> <span class='ocrx_word' id='word_1_529' title='bbox 3322 3130 3452 3173; x_wconf 91' lang='lat' dir='ltr'><strong>cum</strong></span> <span class='ocrx_word' id='word_1_530' title='bbox 3500 3127 3635 3185; x_wconf 88' lang='lat' dir='ltr'><strong>rege</strong></span> 
     </span>
    </p>
   </div>
   <div class='ocr_carea' id='block_1_79' title="bbox 1991 3205 3635 3278">
    <p class='ocr_par' dir='ltr' id='par_1_79' title="bbox 1991 3205 3635 3278">
     <span class='ocr_line' id='line_1_79' title="bbox 1991 3205 3635 3278; baseline 0 -18"><span class='ocrx_word' id='word_1_531' title='bbox 1991 3205 2362 3278; x_wconf 85' lang='lat' dir='ltr'><strong>Francorum,</strong></span> <span class='ocrx_word' id='word_1_532' title='bbox 2397 3207 2585 3264; x_wconf 92' lang='lat' dir='ltr'><strong>voluit</strong></span> <span class='ocrx_word' id='word_1_533' title='bbox 2619 3209 2818 3278; x_wconf 86' lang='lat' dir='ltr'><strong>fugere</strong></span> <span class='ocrx_word' id='word_1_534' title='bbox 2859 3209 2915 3264; x_wconf 93' lang='lat' dir='ltr'><strong>in</strong></span> <span class='ocrx_word' id='word_1_535' title='bbox 2945 3207 3320 3263; x_wconf 88' lang='lat' dir='ltr'><strong>Britanniam.</strong></span> <span class='ocrx_word' id='word_1_536' title='bbox 3382 3207 3635 3276; x_wconf 90' lang='lat' dir='ltr'><strong>Cumque</strong></span> 
     </span>
    </p>
   </div>
   <div class='ocr_carea' id='block_1_80' title="bbox 1990 3293 3634 3368">
    <p class='ocr_par' dir='ltr' id='par_1_80' title="bbox 1990 3293 3634 3368">
     <span class='ocr_line' id='line_1_80' title="bbox 1990 3293 3634 3368; baseline -0.001 -17"><span class='ocrx_word' id='word_1_537' title='bbox 1990 3297 2322 3366; x_wconf 76' lang='lat' dir='ltr'><strong>navigassrt</strong></span> <span class='ocrx_word' id='word_1_538' title='bbox 2345 3311 2452 3368; x_wconf 87' lang='lat' dir='ltr'><strong>per</strong></span> <span class='ocrx_word' id='word_1_539' title='bbox 2475 3297 2737 3368; x_wconf 86' lang='lat' dir='ltr'><strong>pelagus,</strong></span> <span class='ocrx_word' id='word_1_540' title='bbox 2755 3297 2952 3353; x_wconf 91' lang='lat' dir='ltr'><strong>subito</strong></span> <span class='ocrx_word' id='word_1_541' title='bbox 2967 3295 3192 3354; x_wconf 89' lang='lat' dir='ltr'><strong>audivit</strong></span> <span class='ocrx_word' id='word_1_542' title='bbox 3213 3309 3242 3351; x_wconf 90' lang='lat' dir='ltr'><strong>a</strong></span> <span class='ocrx_word' id='word_1_543' title='bbox 3257 3293 3430 3352; x_wconf 89' lang='lat' dir='ltr'><strong>litore</strong></span> <span class='ocrx_word' id='word_1_544' title='bbox 3443 3293 3634 3351; x_wconf 90' lang='lat' dir='ltr'><strong>dicen-</strong></span> 
     </span>
    </p>
   </div>
   <div class='ocr_carea' id='block_1_81' title="bbox 1991 3383 3637 3456">
    <p class='ocr_par' dir='ltr' id='par_1_81' title="bbox 1991 3383 3637 3456">
     <span class='ocr_line' id='line_1_81' title="bbox 1991 3383 3637 3456; baseline 0 -16"><span class='ocrx_word' id='word_1_545' title='bbox 1991 3389 2106 3441; x_wconf 91' lang='lat' dir='ltr'><strong>tem</strong></span> <span class='ocrx_word' id='word_1_546' title='bbox 2138 3405 2150 3440; x_wconf 93' lang='lat'>:</span> <span class='ocrx_word' id='word_1_547' title='bbox 2175 3386 2252 3443; x_wconf 83' lang='lat' dir='ltr'><strong>Si</strong></span> <span class='ocrx_word' id='word_1_548' title='bbox 2273 3385 2564 3444; x_wconf 71' lang='lat' dir='ltr'><strong>Perhtari</strong></span> <span class='ocrx_word' id='word_1_549' title='bbox 2584 3387 2672 3444; x_wconf 85' lang='lat' dir='ltr'><strong>est</strong></span> <span class='ocrx_word' id='word_1_550' title='bbox 2697 3386 2764 3442; x_wconf 77' lang='lat' dir='ltr'><strong>in</strong></span> <span class='ocrx_word' id='word_1_551' title='bbox 2791 3387 2914 3444; x_wconf 88' lang='lat' dir='ltr'><strong>ista</strong></span> <span class='ocrx_word' id='word_1_552' title='bbox 2926 3385 3090 3455; x_wconf 71' lang='lat' dir='ltr'><strong>navi,</strong></span> <span class='ocrx_word' id='word_1_553' title='bbox 3113 3384 3294 3444; x_wconf 83' lang='lat' dir='ltr'><strong>dicite</strong></span> <span class='ocrx_word' id='word_1_554' title='bbox 3321 3383 3441 3456; x_wconf 83' lang='lat' dir='ltr'><strong>illi,</strong></span> <span class='ocrx_word' id='word_1_555' title='bbox 3463 3383 3534 3440; x_wconf 75' lang='lat' dir='ltr'><strong>ut</strong></span> <span class='ocrx_word' id='word_1_556' title='bbox 3549 3395 3637 3441; x_wconf 80' lang='lat' dir='ltr'><strong>re-</strong></span> 
     </span>
    </p>
   </div>
   <div class='ocr_carea' id='block_1_82' title="bbox 1983 3471 3630 3549">
    <p class='ocr_par' dir='ltr' id='par_1_82' title="bbox 1983 3471 3630 3549">
     <span class='ocr_line' id='line_1_82' title="bbox 1983 3471 3630 3549; baseline 0 -19"><span class='ocrx_word' id='word_1_557' title='bbox 1983 3475 2255 3532; x_wconf 70' lang='lat' dir='ltr'><strong>vertatur</strong></span> <span class='ocrx_word' id='word_1_558' title='bbox 2275 3477 2343 3533; x_wconf 63' lang='grc' dir='ltr'><strong>εἰη</strong></span> <span class='ocrx_word' id='word_1_559' title='bbox 2351 3476 2629 3549; x_wconf 74' lang='lat' dir='ltr'><strong>patriam</strong></span> <span class='ocrx_word' id='word_1_560' title='bbox 2639 3489 2831 3547; x_wconf 70' lang='lat' dir='ltr'><strong>suam,</strong></span> <span class='ocrx_word' id='word_1_561' title='bbox 2849 3477 3001 3546; x_wconf 76' lang='lat' dir='ltr'><strong>quia</strong></span> <span class='ocrx_word' id='word_1_562' title='bbox 3004 3477 3141 3548; x_wconf 83' lang='lat' dir='ltr'><strong>jam</strong></span> <span class='ocrx_word' id='word_1_563' title='bbox 3157 3475 3276 3532; x_wconf 75' lang='lat' dir='ltr'><strong>tres</strong></span> <span class='ocrx_word' id='word_1_564' title='bbox 3321 3473 3449 3532; x_wconf 83' lang='lat' dir='ltr'><strong>dies</strong></span> <span class='ocrx_word' id='word_1_565' title='bbox 3473 3471 3630 3544; x_wconf 75' lang='lat' dir='ltr'><strong>sunt,</strong></span> 
     </span>
    </p>
   </div>
   <div class='ocr_carea' id='block_1_83' title="bbox 1985 3563 3633 3636">
    <p class='ocr_par' dir='ltr' id='par_1_83' title="bbox 1985 3563 3633 3636">
     <span class='ocr_line' id='line_1_83' title="bbox 1985 3563 3633 3636; baseline -0.002 -16"><span class='ocrx_word' id='word_1_566' title='bbox 1985 3578 2061 3620; x_wconf 73' lang='lat' dir='ltr'><strong>ea;</strong></span> <span class='ocrx_word' id='word_1_567' title='bbox 2091 3579 2206 3636; x_wconf 74' lang='lat' dir='ltr'><strong>quo</strong></span> <span class='ocrx_word' id='word_1_568' title='bbox 2225 3580 2339 3623; x_wconf 73' lang='lat' dir='ltr'><strong>rea:</strong></span> <span class='ocrx_word' id='word_1_569' title='bbox 2367 3565 2756 3626; x_wconf 70' lang='lat' dir='ltr'><strong>Grimoaldus</strong></span> <span class='ocrx_word' id='word_1_570' title='bbox 2776 3565 3049 3623; x_wconf 73' lang='lat' dir='ltr'><strong>mortuas</strong></span> <span class='ocrx_word' id='word_1_571' title='bbox 3061 3566 3164 3623; x_wconf 84' lang='lat' dir='ltr'><strong>est.</strong></span> <span class='ocrx_word' id='word_1_572' title='bbox 3189 3563 3351 3632; x_wconf 89' lang='lat' dir='ltr'><strong>Quod</strong></span> <span class='ocrx_word' id='word_1_573' title='bbox 3365 3576 3494 3620; x_wconf 90' lang='lat' dir='ltr'><strong>cum</strong></span> <span class='ocrx_word' id='word_1_574' title='bbox 3535 3574 3633 3618; x_wconf 87' lang='lat' dir='ltr'><strong>au-</strong></span> 
     </span>
    </p>
   </div>
   <div class='ocr_carea' id='block_1_84' title="bbox 1986 3649 3629 3727">
    <p class='ocr_par' dir='ltr' id='par_1_84' title="bbox 1986 3649 3629 3727">
     <span class='ocr_line' id='line_1_84' title="bbox 1986 3649 3629 3727; baseline -0.001 -19"><span class='ocrx_word' id='word_1_575' title='bbox 1986 3652 2170 3712; x_wconf 90' lang='lat' dir='ltr'><strong>disset</strong></span> <span class='ocrx_word' id='word_1_576' title='bbox 2203 3655 2623 3727; x_wconf 87' lang='lat' dir='ltr'><strong>Perbtari,ibat</strong></span> <span class='ocrx_word' id='word_1_577' title='bbox 2652 3670 2836 3727; x_wconf 91' lang='lat' dir='ltr'><strong>prope</strong></span> <span class='ocrx_word' id='word_1_578' title='bbox 2870 3653 3028 3726; x_wconf 89' lang='lat' dir='ltr'><strong>litus,</strong></span> <span class='ocrx_word' id='word_1_579' title='bbox 3085 3659 3148 3712; x_wconf 91' lang='lat' dir='ltr'><strong>ut</strong></span> <span class='ocrx_word' id='word_1_580' title='bbox 3196 3652 3420 3710; x_wconf 87' lang='lat' dir='ltr'><strong>videret</strong></span> <span class='ocrx_word' id='word_1_581' title='bbox 3469 3649 3629 3708; x_wconf 91' lang='lat' dir='ltr'><strong>illum</strong></span> 
     </span>
    </p>
   </div>
   <div class='ocr_carea' id='block_1_85' title="bbox 1985 3741 3630 3816">
    <p class='ocr_par' dir='ltr' id='par_1_85' title="bbox 1985 3741 3630 3816">
     <span class='ocr_line' id='line_1_85' title="bbox 1985 3741 3630 3816; baseline -0.002 -16"><span class='ocrx_word' id='word_1_582' title='bbox 1985 3741 2082 3816; x_wconf 91' lang='lat' dir='ltr'><strong>qui</strong></span> <span class='ocrx_word' id='word_1_583' title='bbox 2105 3742 2478 3816; x_wconf 89' lang='lat' dir='ltr'><strong>loquebatur.</strong></span> <span class='ocrx_word' id='word_1_584' title='bbox 2515 3745 2623 3800; x_wconf 86' lang='lat' dir='ltr'><strong>Sed</strong></span> <span class='ocrx_word' id='word_1_585' title='bbox 2645 3759 2776 3802; x_wconf 89' lang='lat' dir='ltr'><strong>cum</strong></span> <span class='ocrx_word' id='word_1_586' title='bbox 2801 3745 3088 3800; x_wconf 90' lang='lat' dir='ltr'><strong>neminem</strong></span> <span class='ocrx_word' id='word_1_587' title='bbox 3131 3741 3438 3813; x_wconf 87' lang='lat' dir='ltr'><strong>inveniret,</strong></span> <span class='ocrx_word' id='word_1_588' title='bbox 3497 3753 3630 3797; x_wconf 90' lang='lat' dir='ltr'><strong>con-</strong></span> 
     </span>
    </p>
   </div>
   <div class='ocr_carea' id='block_1_86' title="bbox 1983 3831 3628 3905">
    <p class='ocr_par' dir='ltr' id='par_1_86' title="bbox 1983 3831 3628 3905">
     <span class='ocr_line' id='line_1_86' title="bbox 1983 3831 3628 3905; baseline -0.002 -15"><span class='ocrx_word' id='word_1_589' title='bbox 1983 3832 2264 3890; x_wconf 88' lang='lat' dir='ltr'><strong>sideravit</strong></span> <span class='ocrx_word' id='word_1_590' title='bbox 2295 3832 2450 3905; x_wconf 90' lang='lat' dir='ltr'><strong>quod</strong></span> <span class='ocrx_word' id='word_1_591' title='bbox 2474 3834 2718 3902; x_wconf 84' lang='lat' dir='ltr'><strong>angelus</strong></span> <span class='ocrx_word' id='word_1_592' title='bbox 2747 3834 2868 3890; x_wconf 66' lang='lat' dir='ltr'><strong>haec</strong></span> <span class='ocrx_word' id='word_1_593' title='bbox 2887 3833 3151 3900; x_wconf 88' lang='lat' dir='ltr'><strong>diceret;</strong></span> <span class='ocrx_word' id='word_1_594' title='bbox 3205 3831 3519 3903; x_wconf 84' lang='lat' dir='ltr'><strong>statimque</strong></span> <span class='ocrx_word' id='word_1_595' title='bbox 3541 3842 3628 3886; x_wconf 89' lang='lat' dir='ltr'><strong>re-</strong></span> 
     </span>
    </p>
   </div>
   <div class='ocr_carea' id='block_1_87' title="bbox 1981 3919 3626 3994">
    <p class='ocr_par' dir='ltr' id='par_1_87' title="bbox 1981 3919 3626 3994">
     <span class='ocr_line' id='line_1_87' title="bbox 1981 3919 3626 3994; baseline -0.001 -16"><span class='ocrx_word' id='word_1_596' title='bbox 1981 3938 2208 3993; x_wconf 88' lang='lat' dir='ltr'><strong>versus,</strong></span> <span class='ocrx_word' id='word_1_597' title='bbox 2247 3923 2695 3994; x_wconf 88' lang='lat' dir='ltr'><strong>venitTicinum,</strong></span> <span class='ocrx_word' id='word_1_598' title='bbox 2723 3923 3027 3980; x_wconf 89' lang='lat' dir='ltr'><strong>etinvenit</strong></span> <span class='ocrx_word' id='word_1_599' title='bbox 3069 3922 3148 3978; x_wconf 93' lang='lat' dir='ltr'><strong>ibi</strong></span> <span class='ocrx_word' id='word_1_600' title='bbox 3198 3919 3626 3980; x_wconf 90' lang='lat' dir='ltr'><strong>multitudinem</strong></span> 
     </span>
    </p>
   </div>
   <div class='ocr_carea' id='block_1_88' title="bbox 1981 4011 3620 4084">
    <p class='ocr_par' dir='ltr' id='par_1_88' title="bbox 1981 4011 3620 4084">
     <span class='ocr_line' id='line_1_88' title="bbox 1981 4011 3620 4084; baseline -0.001 -17"><span class='ocrx_word' id='word_1_601' title='bbox 1981 4011 2518 4084; x_wconf 87' lang='lat' dir='ltr'><strong>Longobardorum,</strong></span> <span class='ocrx_word' id='word_1_602' title='bbox 2555 4013 2652 4084; x_wconf 90' lang='lat' dir='ltr'><strong>qui</strong></span> <span class='ocrx_word' id='word_1_603' title='bbox 2669 4027 2800 4070; x_wconf 90' lang='lat' dir='ltr'><strong>eum</strong></span> <span class='ocrx_word' id='word_1_604' title='bbox 2823 4028 2955 4070; x_wconf 89' lang='lat' dir='ltr'><strong>cum</strong></span> <span class='ocrx_word' id='word_1_605' title='bbox 2977 4011 3194 4082; x_wconf 87' lang='lat' dir='ltr'><strong>gaudio</strong></span> <span class='ocrx_word' id='word_1_606' title='bbox 3215 4012 3620 4083; x_wconf 88' lang='lat' dir='ltr'><strong>susceperunt.</strong></span> 
     </span>
    </p>
   </div>
   <div class='ocr_carea' id='block_1_89' title="bbox 1980 4097 3621 4175">
    <p class='ocr_par' dir='ltr' id='par_1_89' title="bbox 1980 4097 3621 4175">
     <span class='ocr_line' id='line_1_89' title="bbox 1980 4097 3621 4175; baseline -0.001 -19"><span class='ocrx_word' id='word_1_607' title='bbox 1980 4099 2217 4173; x_wconf 84' lang='lat' dir='ltr'><strong>Expulit</strong></span> <span class='ocrx_word' id='word_1_608' title='bbox 2243 4105 2436 4158; x_wconf 89' lang='lat' dir='ltr'><strong>autem</strong></span> <span class='ocrx_word' id='word_1_609' title='bbox 2452 4101 2826 4160; x_wconf 88' lang='lat' dir='ltr'><strong>Garibaldum</strong></span> <span class='ocrx_word' id='word_1_610' title='bbox 2851 4116 3095 4175; x_wconf 89' lang='lat' dir='ltr'><strong>puerum</strong></span> <span class='ocrx_word' id='word_1_611' title='bbox 3109 4099 3288 4158; x_wconf 90' lang='lat' dir='ltr'><strong>ﬁlium</strong></span> <span class='ocrx_word' id='word_1_612' title='bbox 3309 4097 3621 4157; x_wconf 88' lang='lat' dir='ltr'><strong>Grimoaldi</strong></span> 
     </span>
    </p>
   </div>
   <div class='ocr_carea' id='block_1_90' title="bbox 1981 4189 3623 4264">
    <p class='ocr_par' dir='ltr' id='par_1_90' title="bbox 1981 4189 3623 4264">
     <span class='ocr_line' id='line_1_90' title="bbox 1981 4189 3623 4264; baseline -0.001 -19"><span class='ocrx_word' id='word_1_613' title='bbox 1981 4189 2051 4246; x_wconf 90' lang='lat' dir='ltr'><strong>de</strong></span> <span class='ocrx_word' id='word_1_614' title='bbox 2085 4203 2285 4261; x_wconf 90' lang='lat' dir='ltr'><strong>regno,</strong></span> <span class='ocrx_word' id='word_1_615' title='bbox 2307 4196 2367 4247; x_wconf 93' lang='lat' dir='ltr'><strong>et</strong></span> <span class='ocrx_word' id='word_1_616' title='bbox 2419 4196 2553 4264; x_wconf 90' lang='lat' dir='ltr'><strong>post</strong></span> <span class='ocrx_word' id='word_1_617' title='bbox 2594 4206 2850 4249; x_wconf 90' lang='lat' dir='ltr'><strong>mensem</strong></span> <span class='ocrx_word' id='word_1_618' title='bbox 2905 4190 3152 4249; x_wconf 90' lang='lat' dir='ltr'><strong>tercium</strong></span> <span class='ocrx_word' id='word_1_619' title='bbox 3209 4189 3623 4248; x_wconf 88' lang='lat' dir='ltr'><strong>ordinaverunt</strong></span> 
     </span>
    </p>
   </div>
   <div class='ocr_carea' id='block_1_91' title="bbox 1977 4277 3621 4354">
    <p class='ocr_par' dir='ltr' id='par_1_91' title="bbox 1977 4277 3621 4354">
     <span class='ocr_line' id='line_1_91' title="bbox 1977 4277 3621 4354; baseline -0.001 -18"><span class='ocrx_word' id='word_1_620' title='bbox 1977 4294 2108 4336; x_wconf 91' lang='lat' dir='ltr'><strong>eum</strong></span> <span class='ocrx_word' id='word_1_621' title='bbox 2137 4279 2500 4349; x_wconf 79' lang='lat' dir='ltr'><strong>Langobardi</strong></span> <span class='ocrx_word' id='word_1_622' title='bbox 2536 4295 2731 4352; x_wconf 88' lang='lat' dir='ltr'><strong>regem</strong></span> <span class='ocrx_word' id='word_1_623' title='bbox 2753 4295 2930 4354; x_wconf 91' lang='lat' dir='ltr'><strong>super</strong></span> <span class='ocrx_word' id='word_1_624' title='bbox 2963 4295 3046 4338; x_wconf 90' lang='lat' dir='ltr'><strong>se.</strong></span> <span class='ocrx_word' id='word_1_625' title='bbox 3083 4281 3220 4338; x_wconf 88' lang='lat' dir='ltr'><strong>Erat</strong></span> <span class='ocrx_word' id='word_1_626' title='bbox 3253 4279 3403 4336; x_wconf 91' lang='lat' dir='ltr'><strong>enim</strong></span> <span class='ocrx_word' id='word_1_627' title='bbox 3453 4277 3621 4336; x_wconf 90' lang='lat' dir='ltr'><strong>homo</strong></span> 
     </span>
    </p>
   </div>
   <div class='ocr_carea' id='block_1_92' title="bbox 1972 4367 3618 4443">
    <p class='ocr_par' dir='ltr' id='par_1_92' title="bbox 1972 4367 3618 4443">
     <span class='ocr_line' id='line_1_92' title="bbox 1972 4367 3618 4443; baseline -0.002 -18"><span class='ocrx_word' id='word_1_628' title='bbox 1972 4367 2174 4438; x_wconf 87' lang='lat' dir='ltr'><strong>justus</strong></span> <span class='ocrx_word' id='word_1_629' title='bbox 2190 4371 2246 4425; x_wconf 93' lang='lat' dir='ltr'><strong>et</strong></span> <span class='ocrx_word' id='word_1_630' title='bbox 2269 4367 2324 4424; x_wconf 90' lang='lat' dir='ltr'><strong>in</strong></span> <span class='ocrx_word' id='word_1_631' title='bbox 2352 4369 2568 4426; x_wconf 87' lang='lat' dir='ltr'><strong>Christi</strong></span> <span class='ocrx_word' id='word_1_632' title='bbox 2586 4370 2696 4428; x_wconf 91' lang='lat' dir='ltr'><strong>ﬁde</strong></span> <span class='ocrx_word' id='word_1_633' title='bbox 2716 4375 2916 4428; x_wconf 89' lang='lat' dir='ltr'><strong>rectus</strong></span> <span class='ocrx_word' id='word_1_634' title='bbox 2928 4376 2984 4428; x_wconf 91' lang='lat' dir='ltr'><strong>et</strong></span> <span class='ocrx_word' id='word_1_635' title='bbox 3006 4370 3268 4428; x_wconf 87' lang='lat' dir='ltr'><strong>nutritor</strong></span> <span class='ocrx_word' id='word_1_636' title='bbox 3283 4380 3618 4443; x_wconf 88' lang='lat' dir='ltr'><strong>pauperum.</strong></span> 
     </span>
    </p>
   </div>
   <div class='ocr_carea' id='block_1_93' title="bbox 1973 4456 3620 4532">
    <p class='ocr_par' dir='ltr' id='par_1_93' title="bbox 1973 4456 3620 4532">
     <span class='ocr_line' id='line_1_93' title="bbox 1973 4456 3620 4532; baseline -0.001 -20"><span class='ocrx_word' id='word_1_637' title='bbox 1973 4457 2127 4512; x_wconf 86' lang='lat' dir='ltr'><strong>Misit</strong></span> <span class='ocrx_word' id='word_1_638' title='bbox 2162 4462 2357 4515; x_wconf 89' lang='lat' dir='ltr'><strong>autem</strong></span> <span class='ocrx_word' id='word_1_639' title='bbox 2390 4459 2444 4516; x_wconf 92' lang='lat' dir='ltr'><strong>in</strong></span> <span class='ocrx_word' id='word_1_640' title='bbox 2477 4460 2890 4532; x_wconf 87' lang='lat' dir='ltr'><strong>Beneventum,</strong></span> <span class='ocrx_word' id='word_1_641' title='bbox 2917 4465 2976 4518; x_wconf 90' lang='lat' dir='ltr'><strong>et</strong></span> <span class='ocrx_word' id='word_1_642' title='bbox 3022 4459 3156 4517; x_wconf 91' lang='lat' dir='ltr'><strong>fecit</strong></span> <span class='ocrx_word' id='word_1_643' title='bbox 3182 4460 3392 4516; x_wconf 77' lang='lat' dir='ltr'><strong>exinde</strong></span> <span class='ocrx_word' id='word_1_644' title='bbox 3423 4456 3620 4515; x_wconf 89' lang='lat' dir='ltr'><strong>venire</strong></span> 
     </span>
    </p>
   </div>
   <div class='ocr_carea' id='block_1_94' title="bbox 1973 4545 3618 4607">
    <p class='ocr_par' dir='ltr' id='par_1_94' title="bbox 1973 4545 3618 4607">
     <span class='ocr_line' id='line_1_94' title="bbox 1973 4545 3618 4607; baseline -0.001 -5"><span class='ocrx_word' id='word_1_645' title='bbox 1973 4546 2358 4604; x_wconf 80' lang='lat' dir='ltr'><strong>Rodelindam</strong></span> <span class='ocrx_word' id='word_1_646' title='bbox 2391 4564 2631 4607; x_wconf 90' lang='lat' dir='ltr'><strong>uxorem</strong></span> <span class='ocrx_word' id='word_1_647' title='bbox 2689 4563 2854 4607; x_wconf 89' lang='lat' dir='ltr'><strong>suam</strong></span> <span class='ocrx_word' id='word_1_648' title='bbox 2911 4553 2971 4606; x_wconf 91' lang='lat' dir='ltr'><strong>et</strong></span> <span class='ocrx_word' id='word_1_649' title='bbox 3018 4549 3396 4606; x_wconf 90' lang='lat' dir='ltr'><strong>Cunibertum</strong></span> <span class='ocrx_word' id='word_1_650' title='bbox 3439 4545 3618 4603; x_wconf 88' lang='lat' dir='ltr'><strong>ﬁlium</strong></span> 
     </span>
    </p>
   </div>
   <div class='ocr_carea' id='block_1_95' title="bbox 209 4632 3614 4709">
    <p class='ocr_par' dir='ltr' id='par_1_95' title="bbox 209 4632 3614 4709">
     <span class='ocr_line' id='line_1_95' title="bbox 209 4632 3614 4709; baseline -0.001 -17"><span class='ocrx_word' id='word_1_651' title='bbox 209 4635 389 4702; x_wconf 89' lang='lat' dir='ltr'><strong>Quem</strong></span> <span class='ocrx_word' id='word_1_652' title='bbox 421 4649 552 4692; x_wconf 92' lang='lat' dir='ltr'><strong>cum</strong></span> <span class='ocrx_word' id='word_1_653' title='bbox 584 4647 690 4690; x_wconf 88' lang='lat' dir='ltr'><strong>rex</strong></span> <span class='ocrx_word' id='word_1_654' title='bbox 720 4633 1116 4705; x_wconf 86' lang='lat' dir='ltr'><strong>interrogaret</strong></span> <span class='ocrx_word' id='word_1_655' title='bbox 1149 4634 1402 4706; x_wconf 89' lang='lat' dir='ltr'><strong>qualiter</strong></span> <span class='ocrx_word' id='word_1_656' title='bbox 1425 4635 1692 4691; x_wconf 88' lang='lat' dir='ltr'><strong>Perhtari</strong></span> <span class='ocrx_word' id='word_1_657' title='bbox 1719 4635 1859 4693; x_wconf 81' lang='lat' dir='ltr'><strong>eﬁ‘u-</strong></span> <span class='ocrx_word' id='word_1_658' title='bbox 1887 4632 1941 4693; x_wconf 95' lang='lat' dir='ltr'><strong>D</strong></span> <span class='ocrx_word' id='word_1_659' title='bbox 1975 4651 2166 4708; x_wconf 85' lang='lat' dir='ltr'><strong>suum,</strong></span> <span class='ocrx_word' id='word_1_660' title='bbox 2201 4653 2348 4709; x_wconf 91' lang='lat' dir='ltr'><strong>quos</strong></span> <span class='ocrx_word' id='word_1_661' title='bbox 2403 4638 2772 4697; x_wconf 88' lang='lat' dir='ltr'><strong>Grimoaldus</strong></span> <span class='ocrx_word' id='word_1_662' title='bbox 2830 4637 2968 4697; x_wconf 90' lang='lat' dir='ltr'><strong>illuc</strong></span> <span class='ocrx_word' id='word_1_663' title='bbox 3015 4637 3230 4695; x_wconf 85' lang='lat' dir='ltr'><strong>direxit</strong></span> <span class='ocrx_word' id='word_1_664' title='bbox 3269 4637 3326 4694; x_wconf 91' lang='lat' dir='ltr'><strong>in</strong></span> <span class='ocrx_word' id='word_1_665' title='bbox 3357 4634 3614 4694; x_wconf 86' lang='lat' dir='ltr'><strong>exilium.</strong></span> 
     </span>
    </p>
   </div>
   <div class='ocr_carea' id='block_1_96' title="bbox 203 4723 1856 4795">
    <p class='ocr_par' dir='ltr' id='par_1_96' title="bbox 203 4723 1856 4795">
     <span class='ocr_line' id='line_1_96' title="bbox 203 4723 1856 4795; baseline 0.002 -14"><span class='ocrx_word' id='word_1_666' title='bbox 203 4728 394 4795; x_wconf 89' lang='lat' dir='ltr'><strong>geret,</strong></span> <span class='ocrx_word' id='word_1_667' title='bbox 428 4723 526 4781; x_wconf 88' lang='lat' dir='ltr'><strong>ille</strong></span> <span class='ocrx_word' id='word_1_668' title='bbox 557 4738 783 4780; x_wconf 89' lang='lat' dir='ltr'><strong>omnem</strong></span> <span class='ocrx_word' id='word_1_669' title='bbox 815 4724 900 4780; x_wconf 90' lang='lat' dir='ltr'><strong>rei</strong></span> <span class='ocrx_word' id='word_1_670' title='bbox 932 4725 1240 4781; x_wconf 90' lang='lat' dir='ltr'><strong>veritatem</strong></span> <span class='ocrx_word' id='word_1_671' title='bbox 1268 4724 1323 4780; x_wconf 92' lang='lat' dir='ltr'><strong>ei</strong></span> <span class='ocrx_word' id='word_1_672' title='bbox 1365 4724 1645 4783; x_wconf 90' lang='lat' dir='ltr'><strong>narravit.</strong></span> <span class='ocrx_word' id='word_1_673' title='bbox 1701 4727 1856 4784; x_wconf 89' lang='lat' dir='ltr'><strong>Tunc</strong></span> 
     </span>
    </p>
   </div>
   <div class='ocr_carea' id='block_1_97' title="bbox 205 4812 1857 4886">
    <p class='ocr_par' dir='ltr' id='par_1_97' title="bbox 205 4812 1857 4886">
     <span class='ocr_line' id='line_1_97' title="bbox 205 4812 1857 4886; baseline 0.001 -16"><span class='ocrx_word' id='word_1_674' title='bbox 205 4827 310 4872; x_wconf 86' lang='lat' dir='ltr'><strong>rex</strong></span> <span class='ocrx_word' id='word_1_675' title='bbox 331 4827 528 4871; x_wconf 90' lang='lat' dir='ltr'><strong>coram</strong></span> <span class='ocrx_word' id='word_1_676' title='bbox 575 4812 849 4870; x_wconf 90' lang='lat' dir='ltr'><strong>omnibus</strong></span> <span class='ocrx_word' id='word_1_677' title='bbox 869 4812 1215 4872; x_wconf 88' lang='lat' dir='ltr'><strong>collaudans</strong></span> <span class='ocrx_word' id='word_1_678' title='bbox 1232 4815 1599 4886; x_wconf 90' lang='lat' dir='ltr'><strong>prudentiam</strong></span> <span class='ocrx_word' id='word_1_679' title='bbox 1659 4813 1708 4884; x_wconf 87' lang='lat' dir='ltr'><strong>ej</strong></span> <span class='ocrx_word' id='word_1_680' title='bbox 1719 4831 1785 4872; x_wconf 91' lang='lat' dir='ltr'><strong>us</strong></span> <span class='ocrx_word' id='word_1_681' title='bbox 1797 4823 1857 4872; x_wconf 91' lang='lat' dir='ltr'><strong>et</strong></span> 
     </span>
    </p>
   </div>
   <div class='ocr_carea' id='block_1_98' title="bbox 204 4901 1852 4977">
    <p class='ocr_par' dir='ltr' id='par_1_98' title="bbox 204 4901 1852 4977">
     <span class='ocr_line' id='line_1_98' title="bbox 204 4901 1852 4977; baseline 0.001 -17"><span class='ocrx_word' id='word_1_682' title='bbox 204 4901 396 4974; x_wconf 88' lang='lat' dir='ltr'><strong>ﬁdem,</strong></span> <span class='ocrx_word' id='word_1_683' title='bbox 419 4901 800 4961; x_wconf 87' lang='lat' dir='ltr'><strong>deditomnes</strong></span> <span class='ocrx_word' id='word_1_684' title='bbox 813 4902 1050 4961; x_wconf 87' lang='lat' dir='ltr'><strong>divitias</strong></span> <span class='ocrx_word' id='word_1_685' title='bbox 1068 4917 1206 4961; x_wconf 88' lang='lat' dir='ltr'><strong>suas</strong></span> <span class='ocrx_word' id='word_1_686' title='bbox 1223 4903 1279 4960; x_wconf 91' lang='lat' dir='ltr'><strong>in</strong></span> <span class='ocrx_word' id='word_1_687' title='bbox 1295 4902 1454 4960; x_wconf 90' lang='lat' dir='ltr'><strong>illius</strong></span> <span class='ocrx_word' id='word_1_688' title='bbox 1475 4907 1852 4977; x_wconf 89' lang='lat' dir='ltr'><strong>potestatem,</strong></span> 
     </span>
    </p>
   </div>
   <div class='ocr_carea' id='block_1_99' title="bbox 202 4991 1858 5064">
    <p class='ocr_par' dir='ltr' id='par_1_99' title="bbox 202 4991 1858 5064">
     <span class='ocr_line' id='line_1_99' title="bbox 202 4991 1858 5064; baseline 0.001 -15"><span class='ocrx_word' id='word_1_689' title='bbox 202 4997 266 5049; x_wconf 91' lang='lat' dir='ltr'><strong>ut</strong></span> <span class='ocrx_word' id='word_1_690' title='bbox 290 4998 447 5050; x_wconf 87' lang='lat' dir='ltr'><strong>esset</strong></span> <span class='ocrx_word' id='word_1_691' title='bbox 478 4991 972 5050; x_wconf 87' lang='lat' dir='ltr'><strong>honoratissimus</strong></span> <span class='ocrx_word' id='word_1_692' title='bbox 1004 4991 1059 5048; x_wconf 90' lang='lat' dir='ltr'><strong>in</strong></span> <span class='ocrx_word' id='word_1_693' title='bbox 1093 4991 1314 5064; x_wconf 91' lang='lat' dir='ltr'><strong>palatio</strong></span> <span class='ocrx_word' id='word_1_694' title='bbox 1373 5007 1499 5050; x_wconf 89' lang='lat' dir='ltr'><strong>suo.</strong></span> <span class='ocrx_word' id='word_1_695' title='bbox 1567 4994 1710 5051; x_wconf 92' lang='lat' dir='ltr'><strong>Post</strong></span> <span class='ocrx_word' id='word_1_696' title='bbox 1753 4993 1858 5051; x_wconf 90' lang='lat' dir='ltr'><strong>ali-</strong></span> 
     </span>
    </p>
   </div>
   <div class='ocr_carea' id='block_1_100' title="bbox 203 5081 1851 5153">
    <p class='ocr_par' dir='ltr' id='par_1_100' title="bbox 203 5081 1851 5153">
     <span class='ocr_line' id='line_1_100' title="bbox 203 5081 1851 5153; baseline 0.001 -14"><span class='ocrx_word' id='word_1_697' title='bbox 203 5085 456 5153; x_wconf 78' lang='lat' dir='ltr'><strong>quantus</strong></span> <span class='ocrx_word' id='word_1_698' title='bbox 475 5081 1150 5152; x_wconf 84' lang='lat' dir='ltr'><strong>diesinterrogaviteum</strong></span> <span class='ocrx_word' id='word_1_699' title='bbox 1173 5096 1294 5153; x_wconf 86' lang='lat' dir='ltr'><strong>rex,</strong></span> <span class='ocrx_word' id='word_1_700' title='bbox 1318 5086 1513 5140; x_wconf 89' lang='lat' dir='ltr'><strong>utrum</strong></span> <span class='ocrx_word' id='word_1_701' title='bbox 1535 5097 1732 5140; x_wconf 87' lang='lat' dir='ltr'><strong>secum</strong></span> <span class='ocrx_word' id='word_1_702' title='bbox 1752 5088 1851 5141; x_wconf 89' lang='lat' dir='ltr'><strong>aut</strong></span> 
     </span>
    </p>
   </div>
   <div class='ocr_carea' id='block_1_101' title="bbox 199 5170 1852 5246">
    <p class='ocr_par' dir='ltr' id='par_1_101' title="bbox 199 5170 1852 5246">
     <span class='ocr_line' id='line_1_101' title="bbox 199 5170 1852 5246; baseline 0.002 -18"><span class='ocrx_word' id='word_1_703' title='bbox 199 5183 331 5228; x_wconf 89' lang='lat' dir='ltr'><strong>cum</strong></span> <span class='ocrx_word' id='word_1_704' title='bbox 362 5170 665 5228; x_wconf 84' lang='lat' dir='ltr'><strong>Perhctari</strong></span> <span class='ocrx_word' id='word_1_705' title='bbox 689 5170 974 5228; x_wconf 88' lang='lat' dir='ltr'><strong>libentius</strong></span> <span class='ocrx_word' id='word_1_706' title='bbox 1001 5175 1178 5229; x_wconf 83' lang='lat' dir='ltr'><strong>esset.</strong></span> <span class='ocrx_word' id='word_1_707' title='bbox 1205 5171 1308 5229; x_wconf 90' lang='lat' dir='ltr'><strong>Ille</strong></span> <span class='ocrx_word' id='word_1_708' title='bbox 1337 5175 1530 5230; x_wconf 89' lang='lat' dir='ltr'><strong>autem</strong></span> <span class='ocrx_word' id='word_1_709' title='bbox 1575 5173 1852 5246; x_wconf 86' lang='lat' dir='ltr'><strong>coepitju-</strong></span> 
     </span>
    </p>
   </div>
   <div class='ocr_carea' id='block_1_102' title="bbox 1969 4723 3618 4786">
    <p class='ocr_par' dir='ltr' id='par_1_102' title="bbox 1969 4723 3618 4786">
     <span class='ocr_line' id='line_1_102' title="bbox 1969 4723 3618 4786; baseline -0.001 -4"><span class='ocrx_word' id='word_1_710' title='bbox 1969 4727 2250 4784; x_wconf 67' lang='lat' dir='ltr'><strong>Posthaac</strong></span> <span class='ocrx_word' id='word_1_711' title='bbox 2276 4728 2428 4786; x_wconf 90' lang='lat' dir='ltr'><strong>idem</strong></span> <span class='ocrx_word' id='word_1_712' title='bbox 2447 4729 2716 4786; x_wconf 77' lang='lat' dir='ltr'><strong>Perhtari</strong></span> <span class='ocrx_word' id='word_1_713' title='bbox 2739 4727 3310 4786; x_wconf 85' lang='lat' dir='ltr'><strong>fecitmonasterium</strong></span> <span class='ocrx_word' id='word_1_714' title='bbox 3335 4726 3392 4781; x_wconf 90' lang='lat' dir='ltr'><strong>in</strong></span> <span class='ocrx_word' id='word_1_715' title='bbox 3414 4723 3618 4782; x_wconf 86' lang='lat' dir='ltr'><strong>eodem</strong></span> 
     </span>
    </p>
   </div>
   <div class='ocr_carea' id='block_1_103' title="bbox 1971 4811 3616 4889">
    <p class='ocr_par' dir='ltr' id='par_1_103' title="bbox 1971 4811 3616 4889">
     <span class='ocr_line' id='line_1_103' title="bbox 1971 4811 3616 4889; baseline -0.002 -18"><span class='ocrx_word' id='word_1_716' title='bbox 1971 4815 2099 4872; x_wconf 91' lang='lat' dir='ltr'><strong>loco</strong></span> <span class='ocrx_word' id='word_1_717' title='bbox 2131 4816 2285 4873; x_wconf 91' lang='lat' dir='ltr'><strong>unde</strong></span> <span class='ocrx_word' id='word_1_718' title='bbox 2317 4818 2480 4889; x_wconf 88' lang='lat' dir='ltr'><strong>prius</strong></span> <span class='ocrx_word' id='word_1_719' title='bbox 2513 4818 2762 4888; x_wconf 88' lang='lat' dir='ltr'><strong>fugerat,</strong></span> <span class='ocrx_word' id='word_1_720' title='bbox 2789 4821 2848 4872; x_wconf 91' lang='lat' dir='ltr'><strong>et</strong></span> <span class='ocrx_word' id='word_1_721' title='bbox 2873 4815 3006 4871; x_wconf 89' lang='lat' dir='ltr'><strong>fecit</strong></span> <span class='ocrx_word' id='word_1_722' title='bbox 3063 4812 3205 4869; x_wconf 90' lang='lat' dir='ltr'><strong>illud</strong></span> <span class='ocrx_word' id='word_1_723' title='bbox 3250 4812 3508 4868; x_wconf 88' lang='lat' dir='ltr'><strong>dedicari</strong></span> <span class='ocrx_word' id='word_1_724' title='bbox 3558 4811 3616 4868; x_wconf 89' lang='lat' dir='ltr'><strong>in</strong></span> 
     </span>
    </p>
   </div>
   <div class='ocr_carea' id='block_1_104' title="bbox 1969 4898 3618 4972">
    <p class='ocr_par' dir='ltr' id='par_1_104' title="bbox 1969 4898 3618 4972">
     <span class='ocr_line' id='line_1_104' title="bbox 1969 4898 3618 4972; baseline -0.004 -11"><span class='ocrx_word' id='word_1_725' title='bbox 1969 4905 2244 4962; x_wconf 81' lang='lat' dir='ltr'><strong>honorem</strong></span> <span class='ocrx_word' id='word_1_726' title='bbox 2291 4907 2387 4963; x_wconf 89' lang='lat' dir='ltr'><strong>Dei</strong></span> <span class='ocrx_word' id='word_1_727' title='bbox 2419 4912 2480 4963; x_wconf 90' lang='lat' dir='ltr'><strong>et</strong></span> <span class='ocrx_word' id='word_1_728' title='bbox 2527 4911 2746 4964; x_wconf 64' lang='lat' dir='ltr'><strong>sanetae</strong></span> <span class='ocrx_word' id='word_1_729' title='bbox 2800 4900 3042 4972; x_wconf 87' lang='lat' dir='ltr'><strong>virginis</strong></span> <span class='ocrx_word' id='word_1_730' title='bbox 3081 4899 3341 4969; x_wconf 65' lang='lat' dir='ltr'><strong>Agathe,</strong></span> <span class='ocrx_word' id='word_1_731' title='bbox 3386 4898 3444 4953; x_wconf 91' lang='lat' dir='ltr'><strong>in</strong></span> <span class='ocrx_word' id='word_1_732' title='bbox 3501 4912 3618 4969; x_wconf 91' lang='lat' dir='ltr'><strong>quo</strong></span> 
     </span>
    </p>
   </div>
   <div class='ocr_carea' id='block_1_105' title="bbox 1968 4986 3616 5068">
    <p class='ocr_par' dir='ltr' id='par_1_105' title="bbox 1968 4986 3616 5068">
     <span class='ocr_line' id='line_1_105' title="bbox 1968 4986 3616 5068; baseline -0.004 -16"><span class='ocrx_word' id='word_1_733' title='bbox 1968 4995 2185 5052; x_wconf 89' lang='lat' dir='ltr'><strong>multas</strong></span> <span class='ocrx_word' id='word_1_734' title='bbox 2215 4995 2474 5068; x_wconf 89' lang='lat' dir='ltr'><strong>virgines</strong></span> <span class='ocrx_word' id='word_1_735' title='bbox 2501 4991 2898 5064; x_wconf 88' lang='lat' dir='ltr'><strong>congregavit,</strong></span> <span class='ocrx_word' id='word_1_736' title='bbox 2933 4986 3230 5060; x_wconf 88' lang='lat' dir='ltr'><strong>multaque</strong></span> <span class='ocrx_word' id='word_1_737' title='bbox 3273 4990 3616 5046; x_wconf 87' lang='lat' dir='ltr'><strong>ornamenta</strong></span> 
     </span>
    </p>
   </div>
   <div class='ocr_carea' id='block_1_106' title="bbox 1965 5077 3616 5150">
    <p class='ocr_par' dir='ltr' id='par_1_106' title="bbox 1965 5077 3616 5150">
     <span class='ocr_line' id='line_1_106' title="bbox 1965 5077 3616 5150; baseline -0.002 -10"><span class='ocrx_word' id='word_1_738' title='bbox 1965 5090 2025 5141; x_wconf 90' lang='lat' dir='ltr'><strong>et</strong></span> <span class='ocrx_word' id='word_1_739' title='bbox 2049 5084 2414 5142; x_wconf 87' lang='lat' dir='ltr'><strong>substantias</strong></span> <span class='ocrx_word' id='word_1_740' title='bbox 2443 5083 2522 5138; x_wconf 91' lang='lat' dir='ltr'><strong>ibi</strong></span> <span class='ocrx_word' id='word_1_741' title='bbox 2543 5081 2724 5138; x_wconf 92' lang='lat' dir='ltr'><strong>dedit.</strong></span> <span class='ocrx_word' id='word_1_742' title='bbox 2781 5077 2936 5136; x_wconf 84' lang='lat' dir='ltr'><strong>Fecit</strong></span> <span class='ocrx_word' id='word_1_743' title='bbox 2963 5080 3158 5134; x_wconf 89' lang='lat' dir='ltr'><strong>autem</strong></span> <span class='ocrx_word' id='word_1_744' title='bbox 3199 5081 3257 5134; x_wconf 91' lang='lat' dir='ltr'><strong>et</strong></span> <span class='ocrx_word' id='word_1_745' title='bbox 3289 5091 3437 5136; x_wconf 92' lang='lat' dir='ltr'><strong>uxor</strong></span> <span class='ocrx_word' id='word_1_746' title='bbox 3486 5077 3616 5150; x_wconf 89' lang='lat' dir='ltr'><strong>ejus</strong></span> 
     </span>
    </p>
   </div>
   <div class='ocr_carea' id='block_1_107' title="bbox 1964 5166 3616 5238">
    <p class='ocr_par' dir='ltr' id='par_1_107' title="bbox 1964 5166 3616 5238">
     <span class='ocr_line' id='line_1_107' title="bbox 1964 5166 3616 5238; baseline -0.005 -6"><span class='ocrx_word' id='word_1_747' title='bbox 1964 5173 2288 5233; x_wconf 83' lang='lat' dir='ltr'><strong>Rodelinda</strong></span> <span class='ocrx_word' id='word_1_748' title='bbox 2317 5169 2643 5231; x_wconf 62' lang='lat' dir='ltr'><strong>tecclesiam</strong></span> <span class='ocrx_word' id='word_1_749' title='bbox 2667 5169 2725 5224; x_wconf 91' lang='lat' dir='ltr'><strong>in</strong></span> <span class='ocrx_word' id='word_1_750' title='bbox 2749 5167 3026 5226; x_wconf 89' lang='lat' dir='ltr'><strong>honorem</strong></span> <span class='ocrx_word' id='word_1_751' title='bbox 3057 5172 3280 5237; x_wconf 78' lang='lat' dir='ltr'><strong>sanctae</strong></span> <span class='ocrx_word' id='word_1_752' title='bbox 3325 5166 3425 5224; x_wconf 89' lang='lat' dir='ltr'><strong>Dei</strong></span> <span class='ocrx_word' id='word_1_753' title='bbox 3455 5167 3616 5238; x_wconf 85' lang='lat' dir='ltr'><strong>geni-</strong></span> 
     </span>
    </p>
   </div>
   <div class='ocr_carea' id='block_1_108' title="bbox 198 5255 3612 5335">
    <p class='ocr_par' dir='ltr' id='par_1_108' title="bbox 198 5255 3612 5335">
     <span class='ocr_line' id='line_1_108' title="bbox 198 5255 3612 5335; baseline -0.001 -17"><span class='ocrx_word' id='word_1_754' title='bbox 198 5259 383 5318; x_wconf 81' lang='lat' dir='ltr'><strong>rando</strong></span> <span class='ocrx_word' id='word_1_755' title='bbox 415 5259 633 5334; x_wconf 85' lang='lat' dir='ltr'><strong>dicere,</strong></span> <span class='ocrx_word' id='word_1_756' title='bbox 670 5261 824 5335; x_wconf 89' lang='lat' dir='ltr'><strong>quod</strong></span> <span class='ocrx_word' id='word_1_757' title='bbox 856 5261 1040 5334; x_wconf 87' lang='lat' dir='ltr'><strong>magis</strong></span> <span class='ocrx_word' id='word_1_758' title='bbox 1069 5266 1304 5335; x_wconf 88' lang='lat' dir='ltr'><strong>optaret</strong></span> <span class='ocrx_word' id='word_1_759' title='bbox 1353 5279 1485 5321; x_wconf 91' lang='lat' dir='ltr'><strong>cum</strong></span> <span class='ocrx_word' id='word_1_760' title='bbox 1543 5262 1848 5321; x_wconf 90' lang='lat' dir='ltr'><strong>Perhctari</strong></span> <span class='ocrx_word' id='word_1_761' title='bbox 1960 5263 2134 5322; x_wconf 90' lang='lat' dir='ltr'><strong>tricis</strong></span> <span class='ocrx_word' id='word_1_762' title='bbox 2165 5269 2224 5320; x_wconf 91' lang='lat' dir='ltr'><strong>et</strong></span> <span class='ocrx_word' id='word_1_763' title='bbox 2243 5259 2499 5334; x_wconf 85' lang='lat' dir='ltr'><strong>Virginis</strong></span> <span class='ocrx_word' id='word_1_764' title='bbox 2531 5256 2720 5316; x_wconf 73' lang='lat' dir='ltr'><strong>Mariae</strong></span> <span class='ocrx_word' id='word_1_765' title='bbox 2742 5257 2884 5316; x_wconf 85' lang='lat' dir='ltr'><strong>foris</strong></span> <span class='ocrx_word' id='word_1_766' title='bbox 2921 5270 3122 5314; x_wconf 88' lang='lat' dir='ltr'><strong>muros</strong></span> <span class='ocrx_word' id='word_1_767' title='bbox 3147 5256 3352 5332; x_wconf 89' lang='lat' dir='ltr'><strong>Ticini,</strong></span> <span class='ocrx_word' id='word_1_768' title='bbox 3396 5257 3453 5314; x_wconf 91' lang='lat' dir='ltr'><strong>in</strong></span> <span class='ocrx_word' id='word_1_769' title='bbox 3479 5255 3612 5314; x_wconf 91' lang='lat' dir='ltr'><strong>loco</strong></span> 
     </span>
    </p>
   </div>
   <div class='ocr_carea' id='block_1_109' title="bbox 198 5350 1838 5425">
    <p class='ocr_par' dir='ltr' id='par_1_109' title="bbox 198 5350 1838 5425">
     <span class='ocr_line' id='line_1_109' title="bbox 198 5350 1838 5425; baseline 0.004 -19"><span class='ocrx_word' id='word_1_770' title='bbox 198 5350 366 5423; x_wconf 88' lang='lat' dir='ltr'><strong>mori,</strong></span> <span class='ocrx_word' id='word_1_771' title='bbox 411 5365 582 5423; x_wconf 84' lang='lat' dir='ltr'><strong>quam</strong></span> <span class='ocrx_word' id='word_1_772' title='bbox 607 5353 958 5425; x_wconf 87' lang='lat' dir='ltr'><strong>ubicumque</strong></span> <span class='ocrx_word' id='word_1_773' title='bbox 977 5351 1034 5410; x_wconf 91' lang='lat' dir='ltr'><strong>in</strong></span> <span class='ocrx_word' id='word_1_774' title='bbox 1063 5353 1331 5412; x_wconf 86' lang='lat' dir='ltr'><strong>maximis</strong></span> <span class='ocrx_word' id='word_1_775' title='bbox 1361 5352 1590 5413; x_wconf 89' lang='lat' dir='ltr'><strong>deliciis</strong></span> <span class='ocrx_word' id='word_1_776' title='bbox 1622 5354 1838 5414; x_wconf 86' lang='lat' dir='ltr'><strong>vivere.</strong></span> 
     </span>
    </p>
   </div>
   <div class='ocr_carea' id='block_1_110' title="bbox 195 5437 1836 5518">
    <p class='ocr_par' dir='ltr' id='par_1_110' title="bbox 195 5437 1836 5518">
     <span class='ocr_line' id='line_1_110' title="bbox 195 5437 1836 5518; baseline 0.004 -22"><span class='ocrx_word' id='word_1_777' title='bbox 195 5437 413 5498; x_wconf 86' lang='lat' dir='ltr'><strong>Deinde</strong></span> <span class='ocrx_word' id='word_1_778' title='bbox 442 5442 676 5500; x_wconf 88' lang='lat' dir='ltr'><strong>vocavit</strong></span> <span class='ocrx_word' id='word_1_779' title='bbox 693 5443 1082 5503; x_wconf 87' lang='lat' dir='ltr'><strong>vestararium</strong></span> <span class='ocrx_word' id='word_1_780' title='bbox 1129 5443 1312 5518; x_wconf 89' lang='lat' dir='ltr'><strong>illum,</strong></span> <span class='ocrx_word' id='word_1_781' title='bbox 1364 5443 1629 5516; x_wconf 85' lang='lat' dir='ltr'><strong>etjussit</strong></span> <span class='ocrx_word' id='word_1_782' title='bbox 1683 5458 1836 5516; x_wconf 87' lang='lat' dir='ltr'><strong>eum,</strong></span> 
     </span>
    </p>
   </div>
   <div class='ocr_carea' id='block_1_111' title="bbox 1959 5345 3614 5425">
    <p class='ocr_par' dir='ltr' id='par_1_111' title="bbox 1959 5345 3614 5425">
     <span class='ocr_line' id='line_1_111' title="bbox 1959 5345 3614 5425; baseline -0.002 -15"><span class='ocrx_word' id='word_1_783' title='bbox 1959 5352 2058 5425; x_wconf 89' lang='lat' dir='ltr'><strong>qui</strong></span> <span class='ocrx_word' id='word_1_784' title='bbox 2099 5351 2320 5410; x_wconf 90' lang='lat' dir='ltr'><strong>dicitur</strong></span> <span class='ocrx_word' id='word_1_785' title='bbox 2378 5348 2450 5407; x_wconf 90' lang='lat' dir='ltr'><strong>ad</strong></span> <span class='ocrx_word' id='word_1_786' title='bbox 2501 5345 2786 5422; x_wconf 88' lang='lat' dir='ltr'><strong>Perticas,</strong></span> <span class='ocrx_word' id='word_1_787' title='bbox 2839 5345 3127 5405; x_wconf 86' lang='lat' dir='ltr'><strong>decorans</strong></span> <span class='ocrx_word' id='word_1_788' title='bbox 3170 5361 3298 5404; x_wconf 88' lang='lat' dir='ltr'><strong>eam</strong></span> <span class='ocrx_word' id='word_1_789' title='bbox 3350 5345 3614 5406; x_wconf 86' lang='lat' dir='ltr'><strong>miriﬁcis</strong></span> 
     </span>
    </p>
   </div>
   <div class='ocr_carea' id='block_1_112' title="bbox 1949 5441 2323 5501">
    <p class='ocr_par' dir='ltr' id='par_1_112' title="bbox 1949 5441 2323 5501">
     <span class='ocr_line' id='line_1_112' title="bbox 1949 5441 2323 5501; baseline -0.008 0"><span class='ocrx_word' id='word_1_790' title='bbox 1949 5441 2323 5501; x_wconf 83' lang='lat' dir='ltr'><strong>ornamentis.</strong></span> 
     </span>
    </p>
   </div>
   <div class='ocr_carea' id='block_1_113' title="bbox 1555 5603 2238 5666">
    <p class='ocr_par' dir='ltr' id='par_1_113' title="bbox 1555 5603 2238 5666">
     <span class='ocr_line' id='line_1_113' title="bbox 1555 5603 2238 5666; baseline -0.003 0"><span class='ocrx_word' id='word_1_791' title='bbox 1555 5607 1793 5666; x_wconf 63' lang='lat' dir='ltr'><strong>VARUS</strong></span> <span class='ocrx_word' id='word_1_792' title='bbox 1832 5603 2128 5665; x_wconf 82' lang='lat' dir='ltr'><strong>LECTION</strong></span> <span class='ocrx_word' id='word_1_793' title='bbox 2136 5603 2238 5664; x_wconf 86' lang='lat' dir='ltr'><strong>ES.</strong></span> 
     </span>
    </p>
   </div>
   <div class='ocr_carea' id='block_1_114' title="bbox 266 5727 1435 5808">
    <p class='ocr_par' dir='ltr' id='par_1_114' title="bbox 266 5727 1435 5808">
     <span class='ocr_line' id='line_1_114' title="bbox 266 5727 1435 5808; baseline 0.015 -20"><span class='ocrx_word' id='word_1_794' title='bbox 266 5727 360 5768; x_wconf 79' lang='grc' dir='ltr'><strong>ιοιο</strong></span> <span class='ocrx_word' id='word_1_795' title='bbox 382 5731 532 5791; x_wconf 87' lang='lat' dir='ltr'><strong>amic</strong></span> <span class='ocrx_word' id='word_1_796' title='bbox 564 5737 614 5789; x_wconf 79' lang='grc'><strong>1.</strong></span> <span class='ocrx_word' id='word_1_797' title='bbox 650 5731 742 5768; x_wconf 56' lang='lat' dir='ltr'><strong>to&quot;</strong></span> <span class='ocrx_word' id='word_1_798' title='bbox 770 5734 936 5792; x_wconf 84' lang='lat' dir='ltr'><strong>xvu.</strong></span> <span class='ocrx_word' id='word_1_799' title='bbox 964 5747 1117 5808; x_wconf 78' lang='lat' dir='ltr'><strong>corr,</strong></span> <span class='ocrx_word' id='word_1_800' title='bbox 1174 5734 1339 5793; x_wconf 83' lang='lat' dir='ltr'><strong>xvn.</strong></span> <span class='ocrx_word' id='word_1_801' title='bbox 1387 5739 1435 5792; x_wconf 79' lang='lat'><strong>1.</strong></span> 
     </span>
    </p>
   </div>
  </div>
