3946 6410
188 397 309 457 805

1062 388 1498 453 CHRONICA.
1534 424 1610 434 —
1640 383 2115 449 CHHONICON
2161 385 2708 474 UNIVERSALE.

3471 393 3590 451 806

261 527 447 599 Igitur
476 524 742 582 Perhtari
773 538 902 581 cum
937 528 1207 594 regnaret
1241 522 1406 580 solus
1438 538 1540 595 per
1570 536 1752 578 annos
1772 526 1826 592 7,
1863 522 1918 583 A
1947 521 2144 579 missis
2175 521 2409 594 decidit,
2435 537 2604 594 quem
2648 521 2803 580 illius
2835 520 3075 579 Aldonis
3100 521 3282 580 adhuc
3307 523 3588 596 puerulus

187 619 244 674 in
271 622 481 674 octavo
506 630 656 672 anno
675 613 966 671 ordinavit
986 614 1364 670 Cunibcrtum
1389 611 1749 668 liliumsuum
1775 611 1830 664 in

187 721 391 776 regno,
413 711 474 762 ut
501 705 721 778 pariter
753 707 1088 774 regnarent,
1113 708 1171 758 et
1196 705 1582 771 regnaverunt
1612 701 1835 772 pariter

192 810 298 868 per
328 793 528 850 decem
575 808 776 848 annos.
814 793 1073 862 Cumque
1105 792 1160 846 in
1210 793 1364 847 omni
1405 790 1834 862 tranquillitate

193 886 529 953 regnarent,
565 881 822 938 surrexit
855 885 1055 937 eontra
1097 895 1201 937 eos
1245 879 1399 936 illius
1440 878 1674 949 diaboli,
1709 879 1836 935 Ala-

187 973 316 1029 chis
343 969 434 1004 1°“
465 971 712 1039 nomine,
775 971 844 1026 de
901 969 1204 1035 Tridento;
1263 969 1362 1025 sed
1420 968 1830 1038 Chunibertus,

189 1060 347 1116 filius
389 1059 561 1128 regis,
599 1058 847 1128 diligens
885 1057 1118 1114 Alacliis
1149 1057 1259 1124 1°“,
1295 1057 1586 1112 revocavit
1617 1072 1744 1112 eum
1780 1057 1834 1111 in

187 1148 436 1218 gratiam
473 1145 656 1220 patris
703 1147 810 1202 sui.
848 1147 992 1218 Sepe
1025 1147 1238 1218 quippe
1269 1145 1452 1201 voluit
1485 1160 1585 1200 rex
1620 1145 1837 1200 interfl-

187 1251 330 1293 cere
363 1235 622 1292 Alaehim
657 1233 776 1288 105°:
803 1233 903 1290 sed
931 1234 1324 1290 Chunibertus
1348 1249 1577 1304 semper
1608 1233 1833 1302 rogavit

187 1341 298 1397 pro
330 1339 420 1396 eo,
477 1339 720 1396 sperans
751 1323 907 1394 quod
939 1321 1252 1394 aliquando
1285 1323 1335 1377 ei
1396 1321 1585 1378 fidelis
1643 1327 1832 1386 esset;

188 1416 430 1487 insuper
479 1429 591 1470 non
625 1413 876 1470 cessavit
929 1426 1138 1482 rogare
1182 1416 1430 1483 patrem,
1491 1415 1552 1467 ut
1587 1410 1750 1466 daret
1781 1410 1834 1465 ei

189 1506 468 1563 ducatum
493 1503 720 1560 Brixia}.
747 1501 1012 1558 Perhtari
1038 1516 1176 1558 vero
1201 1501 1348 1558 dixit
1373 1519 1384 1554 :
1419 1499 1513 1557 Ad
1531 1501 1697 1558 tuam
1703 1515 1837 1572 per-

187 1593 480 1651 ditionem
495 1591 602 1650 bac
611 1592 886 1663 rogas,ut
898 1591 958 1648 ta
967 1592 1042 1648 lis
1050 1591 1328 1663 potentia
1338 1591 1668 1648 virtutemA
1677 1589 1838 1648 (aelii

189 1681 341 1752 dem,
389 1682 462 1738 ut
494 1679 696 1753 possit
735 1694 1008 1751 regnare.
1046 1679 1263 1736 Civitas
1293 1694 1538 1750 namque
1571 1679 1835 1735 Brixiana

190 1785 426 1842 semper
477 1769 678 1826 habuit
734 1769 1166 1825 multitudinem
1196 1769 1267 1824 de
1295 1768 1590 1824 nobilibus
1618 1768 1838 1840 Longo-

188 1858 422 1925 bardis;
459 1863 704 1930 propter
734 1857 841 1913 hoc
875 1857 1068 1914 timuit
1099 1857 1386 1923 Perhtari,
1422 1856 1576 1928 quod
1603 1857 1836 1914 Alachis

188 1947 271 2003 ibi
303 1947 718 2003 dominaretur.
773 1947 1085 2017 Postquam
1146 1950 1338 2004 autern
1390 1947 1537 2002 idem
1569 1946 1833 2002 Perhtari

188 2035 456 2105 regnavit
491 2049 591 2106 per
622 2047 806 2089 annos
839 2037 922 2103 18,
960 2033 1272 2090 defunctus
1302 2039 1411 2104 est,
1446 2039 1503 2089 et
1533 2033 1700 2104 juxta
1729 2050 1834 2090 aec-

187 2123 450 2192 clesiam,
469 2137 637 2192 quam
655 2121 962 2194 Aripertus
983 2128 1149 2194 pater
1163 2123 1290 2193 ejus
1311 2123 1549 2194 fecerat,
1565 2122 1838 2194 sepultus

188 2216 304 2268 est.
329 2213 469 2268 Post
493 2216 736 2266 mortem
760 2226 900 2267 vero
922 2211 1048 2281 ejus
1073 2211 1488 2282 Chunibertus,
1509 2210 1664 2267 illius
1687 2212 1834 2282 ejus,

190 2297 327 2357 tulit
359 2314 597 2356 uxorem
621 2299 850 2356 nomine
879 2299 1289 2371 Ermelindam,
1321 2300 1392 2356 dc
1425 2315 1638 2370 genere
1671 2299 1836 2371 Angli

193 2401 499 2444 saxonum.
527 2388 758 2444 Alachis
780 2404 920 2445 vero
952 2388 1172 2446 oblitus
1193 2389 1384 2445 omnia
1416 2389 1586 2460 bona,
1623 2403 1750 2459 quae
1781 2389 1836 2444 in

193 2491 325 2534 eum
358 2477 495 2533 fecit
549 2477 964 2547 Chunibertus,
1019 2477 1215 2548 junxit
1246 2491 1310 2534 se
1341 2493 1470 2534 cum
1529 2476 1747 2534 Aldone
1779 2481 1834 2534 et

194 2564 494 2622 Grausone
519 2566 587 2622 de
613 2566 801 2622 Brixia
827 2571 885 2622 et
912 2581 1042 2622 cum
1084 2565 1283 2623 multis
1317 2567 1748 2635 Longobardis;
1779 2569 1836 2623 et

191 2669 326 2712 cum
361 2669 471 2710 non
503 2657 662 2710 esset
694 2654 1088 2710 Chunibertus
1121 2653 1176 2710 in
1209 2653 1404 2726 Papia,
1439 2654 1705 2710 introivit
1741 2654 1837 2711 illo

191 2744 249 2798 in
283 2741 561 2815 palatium
594 2757 736 2812 ejus,
795 2747 856 2798 et
904 2741 1210 2798 rebellavit
1265 2742 1338 2798 ei.
1371 2741 1532 2808 Quod
1594 2743 1837 2800 audiens

193 2830 606 2900 Chunibertus,
642 2831 790 2901 fugit
832 2830 987 2886 intra
1018 2830 1204 2887 lacum
1236 2830 1495 2887 Larrium
1531 2831 1697 2901 juxta
1732 2833 1838 2889 Cu-

192 2935 361 2976 mam.
399 2921 569 2976 Facta
603 2924 694 2975 est
735 2924 927 2976 autem
960 2933 1164 2988 magna
1213 2919 1517 2976 tribulatio
1565 2921 1837 2978 omnibus

191 3009 288 3080 qui
323 3023 454 3065 eum
485 3008 776 3079 amabant,
828 3008 1074 3064 maxime
1107 3007 1342 3065 clericis
1370 3014 1428 3064 et
1468 3009 1832 3081 presbiteris,

193 3109 342 3168 quos
364 3096 597 3153 Alachis
620 3096 754 3153 odio
778 3097 1050 3152 habebat.
1079 3099 1217 3152 Erat
1236 3101 1429 3153 autem
1448 3097 1549 3154 illo
1576 3101 1835 3170 tempore

195 3185 254 3240 in
273 3185 561 3242 Ticinensi
591 3185 858 3242 aecclesia
890 3186 1202 3258 episcopus
1246 3186 1477 3242 nomine
1507 3187 1832 3258 Damianus,

197 3273 784 3331 sanctissimushomo
797 3280 972 3346 atque
987 3275 1832 3346 sapientissimusﬂicvidens,

199 3363 352 3433 quod
385 3361 620 3419 Alachis
641 3363 886 3418 haberet
910 3362 1207 3435 palatium,
1233 3378 1302 3420 ne
1325 3363 1588 3420 ascclesia
1621 3379 1722 3421 sua
1745 3366 1834 3422 vel

192 3451 312 3523 ipse
343 3449 577 3522 aliquod
619 3450 829 3508 malum
879 3457 1202 3523 pateretur,
1239 3453 1396 3508 misit
1443 3453 1512 3509 ad
1540 3468 1671 3510 eum
1702 3469 1833 3510 cum

193 3537 598 3596 benedictione
625 3539 906 3596 :ecclesiae
930 3555 1051 3598 suae
1076 3540 1386 3598 diaconum
1412 3557 1578 3600 suum
1603 3543 1832 3600 nomine

191 3626 479 3699 Thomam,
521 3627 837 3699 sapientem
886 3629 1175 3686 hominem
1205 3635 1267 3686 et
1295 3631 1660 3701 religiosum.
1693 3633 1832 3689 Cum

191 3730 304 3788 que
331 3716 667 3774 nunciatum
699 3721 854 3774 esset
885 3718 960 3788 ei,
993 3719 1144 3790 quod
1175 3719 1401 3776 veniret
1425 3720 1495 3777 ad
1527 3735 1658 3777 eum
1688 3722 1836 3778 Tho-

193 3819 314 3862 mas
358 3803 640 3862 diaconus
677 3820 805 3862 cum
841 3806 1246 3863 benedictione
1275 3807 1535 3880 episcopi
1567 3809 1679 3882 sui,
1714 3809 1838 3866 Ala-

193 3893 338 3966 chis,
364 3909 468 3966 pro
488 3909 557 3952 eo
575 3894 728 3966 quod
751 3909 952 3952 omnes
973 3895 1224 3953 clericos
1241 3897 1376 3954 odio
1397 3898 1666 3971 habebat,
1688 3915 1839 3956 man-

195 3981 350 4039 davit
381 3983 456 4053 ei,
491 3984 688 4041 dicens
721 3983 1202 4056 :Sifemoralia,
1235 3986 1302 4042 id
1321 3986 1411 4044 est
1435 3986 1648 4045 bracas
1675 4003 1838 4046 mun-

193 4071 300 4130 das
329 4071 524 4143 habet,
555 4073 744 4131 intret
771 4073 852 4131 ad
868 4088 979 4145 me,
1002 4075 1100 4131 sin
1119 4075 1338 4146 autem,
1345 4075 1516 4148 foris
1543 4077 1673 4134 stet.
1696 4078 1838 4134 Tho-

196 4175 314 4217 mas
345 4164 537 4217 antem
589 4160 893 4233 respondit
922 4181 942 4216 .-
975 4161 1273 4220 Nunciate
1323 4163 1397 4233 ei,
1427 4165 1579 4234 quia
1612 4167 1839 4224 munda

181 4248 513 4322 femoralia
534 4247 752 4319 habeo;
781 4263 921 4306 nam
941 4249 1115 4306 hodie
1138 4250 1290 4307 latas
1321 4250 1494 4310 indui
1512 4254 1706 4310 vestes.
1735 4253 1836 4310 llle

197 4341 388 4394 autem
412 4335 774 4394 remandavit
799 4339 852 4393 ei
879 4339 1040 4396 :Non
1059 4339 1191 4396 dico
1213 4339 1284 4395 de
1289 4339 1715 4414 femoralibus,
1735 4343 1840 4400 sed

199 4427 268 4483 de
291 4439 352 4483 eo
373 4427 532 4498 quod
553 4427 721 4485 intra
739 4427 1062 4490 femoralia
1096 4426 1291 4485 liabet.
1329 4429 1414 4485 Ad
1443 4429 1566 4486 haec
1591 4430 1836 4488 Thomas

199 4514 474 4572 diaconus
507 4514 808 4588 respondit
835 4535 848 4571 :
870 4517 1031 4574 Deus
1048 4516 1423 4588 soluspotest
1441 4517 1511 4576 de
1521 4517 1618 4576 bis
1635 4519 1837 4578 causis

1947 609 2017 666 de
2049 617 2206 666 terra
2237 611 2472 682 collegit
2505 611 2673 682 eique
2697 611 2968 669 reddidit.
2998 611 3103 678 Qui
3137 627 3398 685 scprans,
3433 613 3586 685 quod

1946 699 2070 771 ipse
2105 715 2247 771 puer
2291 701 2479 757 adhuc
2520 700 2696 756 nichil
2742 701 3132 770 intellegeret,
3177 699 3322 756 dixit
3357 720 3369 756 :
3401 702 3590 760 Pater

1947 789 2084 846 tuus
2098 791 2311 846 mullos
2333 789 2510 846 habet
2527 790 2598 846 de
2619 789 2792 860 istis;
2811 792 2867 848 si
2889 791 3046 848 Deus
3074 789 3348 861 voluerit,
3373 793 3440 849 in
3451 806 3588 863 pro-

1943 876 2106 934 ximo
2158 879 2408 948 tempore
2449 878 2634 935 mic/ii
2684 879 2938 936 daturus
2967 879 3057 936 est
3081 893 3190 936 eos.
3227 879 3366 936 Cum
3395 886 3589 937 autem

1947 965 2227 1038 puerulus
2250 965 2320 1022 ad
2345 981 2650 1038 vesperum
2674 966 2894 1023 rediret
2928 967 3181 1037 domum,
3207 967 3590 1038 interrogavit

1946 1071 2074 1112 eum
2109 1059 2274 1127 pater
2293 1071 2454 1127 suus,
2478 1055 2526 1112 si
2550 1071 2654 1112 rex
2675 1055 2895 1126 aliquid
2919 1055 3167 1113 dixisset
3199 1056 3268 1112 ad
3297 1071 3447 1112 eum.
3483 1056 3591 1123 Qui

1947 1161 2076 1200 cum
2101 1144 2153 1201 ei
2179 1145 2511 1202 nunciasset
2533 1145 2720 1201 omnia
2746 1145 2897 1200 facta
2923 1152 2981 1200 et
3010 1145 3187 1216 dicta,
3224 1144 3420 1202 timuit
3445 1144 3590 1202 Aldo

1949 1234 2201 1301 fortiter,
2251 1238 2312 1289 et
2351 1233 2570 1289 vadens
2604 1233 2670 1289 ad
2724 1235 2962 1290 fratrem
3013 1249 3178 1290 suum
3212 1235 3586 1305 Grausoneni,

1949 1322 2239 1378 nuneiavit
2262 1321 2314 1376 ei
2355 1322 2512 1392 regis
2536 1323 2734 1393 verba,
2759 1322 3074 1394 statimque
3095 1327 3400 1390 cceperunt
3423 1322 3592 1379 ambo

1947 1411 2244 1468 consiliari
2275 1426 2408 1468 cum
2447 1410 2645 1468 amicis
2691 1411 2816 1468 suis
2847 1411 2918 1467 de
2949 1411 3192 1469 interitu
3225 1412 3398 1482 regis.
3431 1412 3590 1467 Mane

1947 1504 2138 1556 autem
2178 1503 2563 1570 perrexerunt
2593 1498 2662 1555 ad
2696 1497 2992 1570 palatium,
3028 1503 3086 1554 et
3119 1499 3203 1556 sic
3235 1498 3305 1555 ad
3351 1497 3592 1554 Alachin

1947 1587 2129 1643 locuti
2154 1591 2285 1644 sunt
2305 1605 2316 1641 :
2353 1587 2510 1654 Quid
2529 1587 3216 1658 diquarissemperstare
3235 1589 3302 1644 in
3317 1587 3595 1644 civitate?

1946 1679 2096 1733 Ecce
2110 1677 2230 1733 tota
2243 1677 2459 1734 civitas
2472 1677 2530 1734 et
2542 1677 2854 1734 universus
2861 1692 3020 1748 popu
3028 1677 3119 1734 lus
3142 1675 3254 1734 tibi
3261 1675 3471 1748 ﬁdelis
3483 1675 3588 1746 est,

1947 1765 2279 1823 etet-riosus
2308 1766 2416 1823 ille
2449 1765 2850 1824 Chunibertus
2879 1767 2943 1822 in
2975 1767 3205 1823 tantum
3234 1765 3594 1823 humiliatus

1866 1886 1919 1944 Β
1950 1856 2054 1924 est,
2069 1857 2136 1910 ut
2137 1857 2274 1926 jam
2285 1869 2420 1927 (tqu
2429 1855 2546 1913 lius
2557 1855 2838 1912 virtutem
2850 1855 3126 1928 aliquam
3137 1855 3343 1944 contra
3357 1855 3410 1911 te
3420 1853 3593 1912 liabe-

1947 1959 2014 2002 γε
2026 1959 2134 2000 non
2135 1944 2348 2016 possit.
2365 1945 2489 2000 Exi
2504 1959 2639 2016 ergo
2652 1945 2724 2001 de
2744 1945 3008 2016 civitate,
3025 1946 3085 2001 et
3095 1944 3246 2000 vade
3256 1943 3594 2001 invenatio-

1947 2048 2222 2092 itemcum
2249 2033 2576 2104 juvenibus
2589 2033 2732 2104 tuis,
2754 2048 2860 2091 nos
2871 2033 3069 2091 autem
3079 2047 3211 2090 cum
3235 2033 3384 2090 aliis
3398 2033 3594 2104 ﬁdeli-

1951 2122 2056 2181 bus
2079 2123 2201 2180 tuis
2232 2122 2607 2194 defeudimus
2631 2121 2742 2180 tibi
2773 2122 2930 2180 hanc
2945 2121 3278 2192 civitatem;
3291 2123 3394 2178 sed
3413 2121 3597 2180 ethoc

1941 2211 2350 2283 promittimus
2383 2210 2512 2281 tibi,
2543 2213 2609 2268 ut
2637 2211 2990 2283 inprouimo
3012 2212 3266 2283 tempore
3281 2212 3461 2282 caput
3479 2213 3596 2269 ini-

1946 2300 2088 2357 mici
2103 2300 2192 2356 tui
2208 2300 2562 2357 Uliuniberti
2585 2300 2955 2375 adducamus
2968 2299 3098 2358 tibi.
3135 2299 3368 2356 Alachis
3397 2304 3592 2356 autem

1943 2389 2112 2460 juxta
2144 2388 2470 2445 suasionem
2502 2403 2703 2446 eorum
2735 2389 2914 2444 exivit
2935 2388 3005 2446 de
3033 2389 3272 2446 civitate
3304 2389 3360 2444 in
3389 2388 3591 2446 silvam

1949 2477 2020 2534 ad
2056 2475 2377 2534 venandum
2425 2493 2555 2535 cum
2614 2477 2943 2534 hominibus
2972 2477 3114 2534 suis.
3171 2477 3316 2534 Aldo
3365 2493 3504 2535 vero
3534 2483 3596 2535 et

1949 2567 2170 2624 Grauso
2200 2566 2391 2623 ierunt
2416 2565 2486 2621 ad
2510 2566 2698 2622 lacum
2732 2566 3124 2637 Cumacinum,
3145 2571 3204 2622 et
3227 2565 3476 2636 ingressi
3499 2581 3598 2623 na-

1947 2653 2486 2724 vim,perrexerunt
2509 2653 2580 2709 ad
2604 2669 2798 2724 regem
2829 2653 3266 2724 Chunibertum,
3300 2662 3359 2711 et
3376 2653 3599 2724 jactan-

1949 2747 2038 2798 tes
2061 2758 2122 2798 se
2155 2742 2223 2798 ad
2257 2743 2436 2814 pedes
2462 2742 2610 2814 ejus,
2643 2743 2868 2800 veniam
2893 2743 3168 2814 petebant
3200 2743 3271 2800 de
3303 2742 3410 2801 hoc
3439 2744 3596 2816 quod

1947 2837 2148 2888 contra
2180 2847 2310 2888 eum
2345 2833 2630 2904 fecerunt,
2653 2834 2710 2888 et
2746 2831 3149 2889 indicaverunt
3170 2831 3244 2904 ei,
3279 2832 3448 2904 quale
3481 2847 3596 2890 ma-

1949 2921 2064 2978 lum
2096 2923 2184 2979 eis
2217 2922 2408 2978 facere
2440 2921 2692 2978 voluerit
2735 2920 2968 2978 Alachis
2995 2925 3057 2977 et
3085 2921 3254 2992 quale
3285 2920 3594 2979 consilium

1947 3010 2214 3068 dederint
2236 3011 2308 3067 ei.
2326 3009 2490 3076 Quod
2509 3010 2753 3068 audiens
2777 3025 2880 3067 rex
2908 3011 3322 3081 Chunibertus,
3361 3011 3598 3082 gavisus

1946 3105 2036 3156 est
2057 3099 2243 3170 valde,
2275 3105 2333 3154 et
2357 3100 2955 3156 sacramentuminter
2985 3115 3046 3156 se
3061 3099 3368 3171 dederunt,
3391 3104 3450 3155 et
3481 3105 3596 3157 sta-

1945 3193 2185 3246 tuerunt
2209 3187 2381 3258 diem,
2408 3189 2638 3258 quando
2663 3188 3057 3245 Chunibertus
3078 3189 3334 3245 Ticinum
3369 3190 3594 3246 veniret

1947 3277 2176 3349 ipsique
2196 3291 2326 3332 eum
2352 3276 2407 3330 in
2433 3276 2732 3332 civitatem
2756 3276 3237 3332 intromitterent.
3265 3277 3596 3334 Constituto

1947 3371 2140 3424 autem
2166 3364 2258 3423 die
2281 3365 2437 3421 venit
2472 3365 2881 3435 Chunibertus,
2908 3368 2963 3418 et
2989 3363 3092 3436 illi,
3119 3365 3268 3421 sicut
3318 3366 3595 3437 promise-

1948 3458 2098 3526 rant,
2126 3458 2429 3524 gratanter
2475 3468 2606 3510 eum
2645 3457 3052 3524 susceperunt.
3083 3454 3239 3510 Tunc
3285 3468 3484 3511 omnes
3518 3455 3596 3511 si-

1950 3542 2086 3615 mul,
2121 3543 2432 3615 episc0pus
2471 3547 2531 3598 et
2561 3541 2876 3614 presbiteri
2907 3545 2966 3597 et
3011 3539 3230 3613 clerici,
3253 3542 3502 3612 juvenes
3533 3547 3592 3600 et

1946 3646 2137 3703 senes,
2173 3645 2301 3688 cum
2346 3630 2561 3700 gaudio
2608 3634 2996 3686 cucurrerunt
3053 3631 3125 3688 ad
3161 3645 3315 3703 eum,
3372 3633 3594 3703 gratias

1949 3723 2188 3789 agentes
2217 3719 2332 3774 Deo
2362 3733 2470 3788 pro
2504 3717 2696 3774 reditu
2727 3717 2875 3788 ejus,
2907 3720 2968 3773 et
2989 3716 3086 3773 alii
3110 3717 3597 3790 amplexabantur

1944 3822 2129 3879 genua
2163 3808 2312 3878 ejus,
2365 3811 2426 3862 et
2457 3804 2554 3861 alii
2588 3805 2795 3879 pedes;
2843 3805 2948 3862 sed
2978 3812 3038 3862 et
3069 3806 3167 3864 ille
3215 3809 3368 3880 quod
3399 3810 3596 3880 potuit

1948 3895 2314 3953 familiariter
2353 3894 2654 3952 osculatus
2683 3901 2794 3952 est.
2857 3895 3062 3952 Subito
3119 3902 3312 3954 autem
3345 3898 3594 3956 nuncius

1945 3984 2156 4041 exinde
2187 3983 2427 4040 veniens
2462 3983 2533 4038 ad
2567 3982 2918 4054 Alachisum,
2953 3983 3104 4042 dixit
3130 3984 3206 4056 ei,
3239 3985 3395 4056 quod
3446 3985 3596 4044 Aldo

1945 4079 2003 4130 et
2025 4075 2248 4130 Grauso
2271 4086 2382 4128 non
2407 4076 2630 4128 tantum
2660 4077 2838 4144 caput
2860 4072 3221 4146 Chuniberti,
3275 4074 3429 4130 sicut
3464 4089 3596 4146 pro-

1948 4163 2247 4232 miserant,
2281 4161 2384 4218 sed
2417 4167 2475 4217 et
2507 4165 2694 4217 totum
2723 4176 2940 4233 corpus
2965 4160 3094 4230 ejus
3121 4161 3503 4220 adduxissent
3535 4167 3598 4218 et

1947 4250 2004 4306 in
2035 4249 2314 4322 palatium
2357 4248 2671 4305 misissent.
2707 4248 2873 4315 Quod
2927 4247 3023 4305 ille
3052 4247 3316 4322 audiens,
3376 4251 3592 4308 contri-

1946 4343 2140 4396 status
2166 4341 2258 4394 est
2287 4336 2476 4409 valde,
2525 4340 2583 4392 et
2615 4351 2745 4393 cum
2778 4351 2986 4408 magno
3015 4337 3213 4396 furore
3261 4338 3590 4411 discedens,

1948 4427 2049 4485 ivit
2074 4441 2178 4499 per
2208 4425 2587 4496 Placentiam,
2636 4430 2696 4481 et
2728 4425 2943 4482 multas
2989 4426 3284 4500 civitates,
3315 4428 3461 4485 alias
3492 4444 3596 4502 per

1948 4515 2290 4586 blandicias,
2325 4514 2470 4571 alias
2500 4514 2555 4571 vi
2597 4514 3039 4586 apprehendens
3067 4516 3448 4587 congregavit
3477 4518 3598 4573 om-

194 4603 699 4676 reprehensionem
710 4605 1832 4679 inmeinvenire,illeautemnonpotest.
1864 4598 1918 4658 D
1949 4619 2054 4663 nes
2079 4620 2223 4676 quos
2237 4605 2447 4676 potuit,
2471 4609 2531 4661 ut
2555 4618 2684 4662 cum
2709 4603 3065 4662 Chuniberto
3087 4610 3393 4679 pugnaret.
3430 4608 3596 4663 Cum-

201 4692 452 4764 Cumquc
485 4691 645 4749 illum
691 4693 910 4749 intrare
943 4693 1200 4761 fecisset,
1231 4709 1360 4751 cum
1407 4709 1610 4766 magna
1643 4696 1727 4752 ira
1757 4697 1836 4754 lo-

199 4784 365 4838 cutus
385 4786 474 4838 est
516 4781 588 4838 ei.
617 4781 783 4849 Quod
813 4781 1119 4841 audientes
1149 4798 1352 4842 omnes
1377 4783 1599 4858 clerici,
1631 4786 1838 4844 timue-

203 4873 334 4926 runt
360 4869 596 4926 nimium
620 4874 928 4943 sperantes
955 4871 1105 4943 quod
1130 4871 1186 4928 in
1213 4871 1309 4928 illa
1332 4873 1572 4930 civitate
1595 4881 1838 4948 propter

202 4956 606 5014 crudelitatem
629 4959 756 5028 ejus
777 4959 972 5016 vivere
996 4975 1107 5017 non
1133 4966 1393 5033 possent,
1417 4970 1837 5036 coeperuntque

201 5049 421 5102 tantum
469 5046 807 5104 desiderare
837 5053 895 5104 et
926 5063 1118 5106 amare
1171 5051 1589 5108 Chunibertum
1642 5068 1837 5123 regem

203 5147 384 5205 suum,
411 5139 688 5204 quantum
718 5136 1030 5195 audierunt
1061 5137 1299 5196 Alachin
1333 5140 1632 5196 crudelem
1663 5145 1724 5198 et
1745 5156 1840 5199 su-

205 5223 459 5294 perbum.
507 5224 664 5280 Unde
701 5226 1022 5284 crudelitas
1049 5227 1176 5298 ejus
1196 5232 1257 5284 et-
1285 5228 1559 5300 superbia
1592 5245 1706 5286 non
1736 5230 1840 5289 du-

205 5310 346 5368 ravit
375 5325 480 5384 per
510 5318 773 5386 tempora
804 5314 1005 5372 multa.
1032 5317 1292 5388 Denique
1313 5331 1443 5374 cum
1472 5317 1718 5390 quadam
1743 5319 1837 5377 die

205 5396 415 5456 solidos
445 5416 622 5474 super
661 5416 918 5463 mensam
947 5419 1111 5463 suam
1158 5410 1512 5480 numeraret,
1549 5422 1698 5466 unus
1727 5412 1839 5465 tre-

1951 4709 2062 4768 que
2091 4693 2482 4752 Chunibertus
2512 4700 2754 4752 econtra
2785 4708 2922 4754 suos
2952 4693 3278 4767 colligeret,
3309 4709 3594 4754 convene-

1948 4787 2084 4841 runt
2109 4784 2166 4840 in
2185 4799 2389 4856 campo
2427 4785 2524 4857 qui
2567 4786 2892 4843 Coronatus
2917 4785 3154 4857 dicitur,
3192 4785 3386 4858 ibique
3419 4790 3597 4842 stete-

1949 4877 2104 4930 runt.
2121 4873 2274 4930 Misit
2285 4879 2477 4932 autem
2511 4874 2588 4930 Ch
2599 4875 2904 4932 unibertus
2917 4875 2989 4931 ad
3002 4873 3334 4932 Alachisum
3347 4875 3552 4932 dicens
3578 4893 3592 4930 :

1953 4965 2030 5020 Ut
2045 4964 2196 5035 quid
2194 4964 2364 5036 perit
2377 4964 2549 5022 tanta
2560 4963 2863 5022 hominum
2877 4965 3230 5022 multitudo?
3254 4965 3597 5035 Puqnemus

1949 5065 2052 5122 ego
2073 5053 2134 5108 et
2150 5052 2232 5122 tu,
2249 5051 2308 5108 et
2332 5053 2442 5124 qui
2469 5052 2700 5123 vicerit,
2723 5067 2972 5124 regnum
2993 5053 3205 5110 teneat.
3233 5050 3466 5108 Alachis
3499 5066 3596 5108 au-

1947 5143 2066 5196 tem
2096 5139 2303 5197 noluit.
2350 5140 2450 5197 Cui
2481 5140 2628 5198 dixit
2663 5157 2813 5198 unus
2861 5143 2932 5199 de
2959 5139 3173 5214 populo
3219 5155 3348 5211 suo,
3379 5155 3594 5211 genere

1947 5229 2198 5286 Tuscus:
2220 5230 2411 5295 Quare
2429 5232 3040 5302 nonpuqnascu/meo?
3059 5231 3214 5287 Tues
3225 5229 3596 5294 fortissimus

1950 5318 2010 5375 et
2033 5319 2496 5391 audacissimus,
2533 5321 2593 5377 et
2629 5333 2736 5378 cur
2771 5334 2890 5393 non
2917 5321 3049 5377 exis
3075 5325 3208 5378 cum
3235 5318 3500 5377 audacia
3526 5319 3603 5378 ut

1942 5420 2174 5480 pugnes
2197 5421 2331 5467 cum
2372 5409 2469 5468 eo?
2523 5408 2758 5468 Alachis
2809 5407 3156 5483 respondit:
3193 5407 3595 5469 Chunibertus

1551 5523 1790 5626 vanu:
1824 5567 2224 5628 LECTIONES.

272 5691 358 5728 W
390 5693 572 5754 alahis
596 5707 748 5769 corr,
783 5693 1002 5756 alachis
1031 5702 1080 5755 1.
1169 5696 1261 5734 ²⁰⁴⁹
1286 5697 1472 5758 alahis
1502 5705 1554 5758 1.

1642 5700 1734 5738 mo
1762 5701 1973 5764 διέλωσι
2003 5715 2152 5762 eum
2187 5701 2436 5764 alachim
2467 5709 2519 5762 1.
2551 5701 2610 5766 et
2628 5702 2724 5766 ita
2751 5701 3049 5779 ἀοίπσθρε.
