3946 6454
335 394 450 463 8οἿ

1503 391 1986 455 EKKEHARDI
2030 391 2589 456 URAUGIENSIS

3639 394 3754 457 808

342 536 625 612 quamvis
653 531 920 590 ebriosus
954 532 1056 601 sit,
1094 532 1290 589 tamen
1320 530 1476 588 satis
1505 529 1834 603 estfortis;
1860 542 2001 587 uam
2028 532 2087 593 A
2117 530 2668 601 Romoaldns,ﬁlius
2693 530 3028 600 Grimoaldi,
3057 530 3173 587 dux
3196 530 3752 601 Beneventanorum,

341 630 595 698 tempore
604 623 808 696 patris
820 621 918 679 sui
932 621 1175 692 quando
1190 635 1426 678 eramus
1427 620 1630 692 pueri,
1647 620 1895 676 erantin
1896 634 2003 691 12a-

2114 625 2471 691 congregato
2494 621 2781 691 exercitu,
2815 624 2992 692 cmplt
3016 634 3349 693 expugnare
3365 621 3673 677 Tarentum
3695 630 3754 676 et

344 716 492 775 latio
510 727 779 771 eereeces
799 711 1078 781 majores,
1107 711 1164 767 et
1185 710 1587 768 C’lzuuibertus
1609 709 2008 780 apprehendit
2113 709 2509 780 Brundisium,
2537 713 2592 765 et
2628 713 2807 766 totam
2838 708 2995 765 illam
3028 709 3319 779 regionem
3349 710 3456 767 sibi
3485 711 3755 781 subjuga-

338 805 603 880 guemvis
616 801 666 860 il
671 803 860 859 lorum
860 813 974 871 per
1006 800 1209 856 lanam
1224 799 1293 856 a’e
1311 798 1501 868 dorso,
1519 799 1578 854 et
1593 799 2003 869 portacitcum

337 906 461 952 una
482 904 685 961 manu,
710 889 1212 962 guodegofacere
1246 902 1361 945 uou
1386 889 1675 959 poteram.
1712 886 1874 952 Quod
1904 901 2001 943 au-

339 983 505 1040 diens
525 983 747 1038 Tuscus
771 977 888 1049 ille,
925 977 1107 1033 dixit:
1135 977 1291 1036 Situ
1311 992 1443 1034 cum
1469 978 1576 1033 illo
1593 990 1866 1047 pugnare
1883 991 2001 1033 nou

326 1070 581 1144 poteris,
606 1083 711 1126 uec
729 1083 818 1124 me
846 1067 1105 1139 amplius
1140 1067 1205 1123 iu
1227 1066 1601 1138 adjuterium
1632 1065 1911 1133 habebis;
1939 1068 1997 1120 et

334 1160 533 1217 statim
562 1157 771 1214 relicto
803 1172 891 1227 eo,
920 1156 1023 1212 ivit
1048 1155 1117 1212 ad
1144 1154 1582 1224 Chunibertum,
1615 1159 1672 1209 et
1722 1154 1994 1209 indicavit

335 1248 388 1305 ei
412 1248 600 1304 omnia
622 1247 765 1302 hzee.
794 1248 931 1302 Cum
957 1243 1278 1313 autemjam
1309 1258 1490 1315 prope
1520 1246 1674 1298 esset
1710 1247 1766 1298 ut
1796 1243 2000 1313 junge-

338 1352 401 1393 re
432 1352 496 1393 se
528 1335 807 1392 deberent
874 1333 944 1390 ad
978 1347 1248 1404 pugnam,
1299 1332 1578 1388 diaconus
1635 1332 1868 1402 quidam
1901 1347 1999 1386 no-

336 1427 486 1483 mine
509 1426 680 1489 Seno,
715 1422 959 1480 multum
1010 1436 1209 1478 amans
1243 1422 1664 1478 Chunibertum
1698 1427 1757 1477 et
1786 1421 1999 1477 timens

336 1515 491 1587 quod
527 1515 584 1570 in
617 1512 815 1570 eadem
863 1526 1054 1583 pugna
1113 1515 1464 1579 moreretur,
1518 1510 1667 1565 dixit
1713 1510 1782 1565 ad
1815 1524 1944 1566 eum
1980 1529 1992 1563 :

335 1606 587 1663 Domine
605 1604 690 1660 mi
734 1617 858 1671 rex,
886 1602 1077 1659 omnis
1120 1614 1252 1672 spes
1296 1600 1496 1657 nostra
1520 1601 1587 1656 iu
1629 1600 1819 1672 (eest;
1846 1600 1903 1656 si
1934 1600 1998 1655 tu

332 1694 604 1751 mortuus
610 1692 822 1764 fueris
850 1692 1158 1761 iupugua,
1184 1703 1381 1745 omnes
1400 1687 1630 1758 uoslille
1651 1687 1997 1745 crudelissi-

335 1795 471 1840 mus
490 1779 741 1840 Alachis
766 1793 873 1851 per
896 1778 1137 1835 diuersa
1157 1777 1385 1835 occidet
1411 1777 1721 1834 tormenta.
1744 1778 1998 1833 Placeat

334 1872 544 1944 itaque
557 1869 668 1927 tibi
680 1868 999 1926 consilium
1020 1881 1232 1933 meum,
1262 1866 1321 1923 et
1336 1866 1411 1923 da
1424 1867 1577 1923 milii
1590 1867 1794 1922 omnia
1822 1880 1994 1923 arma
2022 1896 2077 1954 B

335 1961 460 2031 tua,
478 1961 535 2016 et
544 1972 648 2030 ego
660 1958 879 2015 cadam
892 1958 947 2013 et
956 1955 1231 2028 pugnabo
1245 1970 1376 2012 cum
1398 1955 1511 2012 isto
1524 1955 1892 2012 adversario.
1918 1956 1994 2013 Si

333 2062 437 2121 ego
456 2046 727 2106 mortuus
742 2047 929 2115 fuero,
958 2045 1023 2101 tu
1044 2057 1328 2115 recupera
1338 2043 1426 2101 bis
1452 2058 1697 2101 causam
1719 2044 1919 2113 tuam;
1938 2045 1994 2101 si

330 2139 539 2208 vicero,
554 2138 841 2207 majorem
854 2134 995 2192 inde
1018 2133 1262 2191 habebis
1288 2134 1573 2205 gloriam,
1590 2134 1853 2205 guiaper
1873 2148 1993 2191 ser-

329 2240 468 2284 vum
490 2227 657 2283 tuum
678 2224 923 2281 liabebis
954 2224 1288 2280 uictoriam.
1317 2224 1574 2293 Cumque
1601 2223 1991 2279 Chunihertus

330 2317 440 2373 hoc
473 2316 707 2372 omnino
741 2317 1063 2375 recusaret.
1108 2316 1463 2381 rogaverunt
1504 2327 1634 2369 eum
1668 2311 1989 2368 ﬁdelissimi

329 2405 418 2462 sui
452 2406 548 2477 qui
582 2404 845 2472 aderant,
909 2407 969 2459 ut
1014 2402 1065 2458 ei
1096 2402 1478 2458 consentiret.
1531 2403 1685 2458 Tunc
1732 2401 1830 2456 ille
1859 2417 1994 2457 eon-

330 2494 534 2565 sensit,
584 2493 974 2562 indutumque
1022 2491 1322 2547 diaeonem
1347 2490 1618 2545 omnibus
1649 2490 1826 2546 armis
1871 2490 1994 2546 suis

336 2597 445 2655 pro
477 2597 542 2639 se
572 2582 643 2638 ad
677 2595 927 2653 pugnam
951 2579 1129 2636 misit.
1167 2581 1423 2649 Cumque
1447 2582 1774 2650 pugnarent
1809 2580 1991 2635 amba:

331 2676 558 2744 partes,
592 2670 826 2727 Alachis
847 2683 1078 2740 semper
1110 2668 1472 2737 intendebat,
1501 2667 1596 2724 ubi
1622 2668 1770 2723 Seno
1800 2666 1994 2723 diaco-

332 2775 444 2818 nus
478 2760 697 2829 stabat,
724 2763 1053 2829 putansque
1077 2758 1232 2827 quod
1266 2756 1661 2813 Chunibertus
1684 2760 1863 2826 esset,
1892 2756 1992 2811 im-

337 2849 619 2921 pugnavit
652 2862 783 2904 eum
807 2852 866 2902 et
897 2847 1135 2915 occidit,
1168 2849 1224 2901 et
1257 2861 1388 2902 cum
1418 2844 1632 2915 gaudio
1661 2851 1838 2917 caput
1862 2844 1989 2915 ejus

334 2936 562 2993 abscidi
590 2934 874 3007 precepit,
930 2933 1249 3004 levansque
1283 2933 1425 2989 illud
1459 2933 1515 2988 in
1545 2933 1733 3004 hasta,
1763 2934 1988 3003 gratias

331 3025 453 3096 egit
481 3025 619 3091 Deo,
671 3022 821 3094 quod
877 3021 1300 3078 Chunibertum
1351 3021 1654 3078 occiderit.
1716 3021 1827 3076 Sed
1858 3036 1986 3078 cum

332 3113 622 3170 cassidem
657 3113 729 3168 de
768 3111 961 3183 capite
993 3110 1152 3167 illius
1181 3109 1477 3179 tulissent,
1530 3110 1798 3182 apparuit
1833 3111 1983 3181 quod

328 3202 582 3259 clericus
617 3194 795 3258 esset.
832 3203 987 3257 Tunc
1017 3199 1249 3256 Alachis
1278 3215 1409 3256 cum
1441 3199 1524 3255 ira
1560 3213 1762 3269 magna
1796 3199 1987 3255 excla-

328 3292 506 3349 mavit
526 3311 538 3347 :
556 3292 691 3349 Heu
707 3289 1548 3362 memicltilfecimus,quando
1561 3288 1987 3361 [Laucjmguam

325 3382 748 3450 commisimus,
774 3382 842 3437 iu
862 3394 985 3452 qua
1006 3380 1287 3437 clericum
1307 3379 1664 3447 occidimus;
1692 3383 1750 3434 et
1782 3378 1984 3434 statim

325 3471 445 3527 tale
476 3476 674 3527 votum
701 3470 877 3539 vovit,
906 3468 1061 3539 quod
1086 3468 1133 3524 si
1158 3468 1465 3525 victoriam
1511 3468 1582 3524 de
1617 3468 1983 3526 Chuniberto

327 3558 594 3629 haberet,
620 3564 861 3630 puteum
898 3573 1070 3614 unum
1095 3558 1165 3613 de
1188 3558 1536 3614 clericorum
1561 3557 1859 3613 testiculis
1883 3558 1985 3613 im-

328 3648 539 3720 pleret.
573 3647 760 3717 Igitur
778 3647 1171 3702 Chuuibertus
1192 3646 1393 3702 videns
1417 3660 1556 3702 suos
1578 3646 1847 3717 deﬁcere,
1882 3662 1984 3717 pu-

330 3740 524 3792 tantes
549 3736 738 3806 ipsum
758 3738 1052 3791 mortuum
1077 3748 1231 3801 esse,
1252 3734 1513 3791 ostendit
1538 3749 1601 3791 se
1624 3734 1733 3803 eis,
1757 3736 1984 3791 confor-

328 3828 463 3882 tans
490 3839 595 3881 eos
617 3828 675 3880 et
700 3824 931 3880 dicens:
960 3822 1163 3880 Nolite
1198 3822 1423 3893 timere,
1454 3825 1622 3881 modo
1644 3824 1800 3881 enim
1820 3823 1984 3882 debe-
2018 3874 2035 3901 ,

325 3928 460 3971 mus
470 3915 749 3972 inimicos
765 3912 996 3969 nostros
1016 3914 1270 3970 vincere.
1290 3914 1505 3970 lterum
1521 3917 1982 3985 preparavernnt

330 4017 395 4059 se
416 4003 602 4060 ambae
646 4006 844 4073 partes
877 4001 948 4058 ad
985 4016 1256 4073 pugnam,
1283 4008 1343 4057 et
1390 4018 1519 4059 cum
1543 4000 1766 4073 ‘0“jam
1799 4017 1981 4075 prope

327 4095 485 4149 esset
538 4096 602 4148 ut
658 4106 720 4147 se
778 4090 1196 4160 conjungerent
1228 4090 1338 4160 1°”,
1400 4106 1632 4148 rursum
1685 4092 1981 4148 mandavit

329 4180 722 4238 Cbunibertus
742 4179 815 4235 ad
845 4179 1177 4236 Alachisum
1206 4180 1434 4237 dicens:
1468 4180 1593 4237 στιν
1609 4180 1777 4252 perit
1800 4194 1980 4252 popu-

330 4271 451 4328 lus?
492 4272 834 4341 Pugnemus
869 4284 974 4327 uos
1010 4270 1145 4338 duo,
1171 4270 1231 4326 et
1254 4269 1597 4339 guieicerit
1642 4270 1981 4328 dominetur

324 4361 486 4417 omni
507 4360 894 4431 huicpopulo.
914 4359 1169 4430 Cumque
1196 4348 1468 4415 Alaehiso
1491 4360 1581 4417 sui
1608 4360 1872 4416 homines
1895 4359 1979 4415 di-

323 4455 560 4507 cerent:
593 4450 788 4513 Quare
816 4463 930 4506 που
956 4463 1196 4520 pugnas
1222 4464 1355 4507 cum
1385 4452 1480 4507 eo?
1510 4449 1608 4506 ille
1632 4449 1974 4521 respondit:

321 4538 457 4597 Non
466 4551 705 4610 possum
726 4538 834 4596 hoc
832 4538 1068 4611 facere,
1085 4538 1234 4609 quia
1249 4538 1419 4594 uideo
1437 4538 1767 4610 imaginem
1780 4538 1978 4596 saucti

2110 798 2218 855 vit.
2247 799 2569 855 Diederada
2598 797 2777 869 'vero,
2812 814 2960 855 uxor
2991 799 3137 869 ejus,
3169 799 3302 855 fecit
3347 799 3750 856 monasterium

2113 888 2169 943 in
2202 887 2424 943 honore
2449 888 2633 944 sancti
2659 888 2816 943 Petri
2840 888 3091 958 apostoli
3119 889 3262 944 foris
3284 903 3477 944 muros
3496 888 3752 944 civitatis

2113 978 2552 1043 Beneventanus,
2588 976 2642 1032 in
2678 991 2791 1047 quo
2838 975 3161 1049 puellarum
3208 976 3420 1033 Christi
3456 976 3591 1033 fecit
3618 991 3753 1033 con-

2109 1071 2365 1121 ventum.
2403 1068 2716 1137 Postquam
2769 1067 3034 1135 regnavit
3066 1065 3413 1122 Romoaldns
3443 1081 3543 1137 per
3572 1081 3753 1122 annos

2112 1160 2195 1225 16,
2225 1161 2491 1213 mortuus
2513 1163 2619 1219 est,
2647 1160 2705 1211 et
2738 1157 2892 1213 ﬁlius
2925 1156 3049 1225 ejus
3080 1155 3444 1212 Grimoaldus
3468 1156 3616 1211 rexit
3650 1158 3749 1212 Be-

2110 1250 2421 1302 neventum
2447 1260 2550 1317 per
2575 1245 2907 1315 triennium,
2934 1244 3215 1316 duxitque
3241 1260 3473 1302 uxorem
3496 1244 3752 1315 Wigilin-

2108 1333 2259 1403 dam,
2286 1334 2458 1389 ﬁliam
2476 1334 2632 1403 regis
2655 1334 2943 1402 Perhtari,
2961 1347 3218 1390 sororem
3243 1334 3595 1390 Chuniberti.
3612 1335 3749 1390 Post

2110 1426 2355 1479 mortem
2383 1423 2696 1479 Grimoaldi
2732 1422 3000 1493 Cisoll‘us,
3030 1424 3212 1478 frater
3240 1422 3384 1491 ejus,
3420 1422 3535 1479 dux
3564 1424 3757 1479 factus

2107 1518 2219 1583 est,
2254 1516 2311 1566 et
2345 1513 2532 1567 tenuit
2566 1511 2840 1568 ducatum
2892 1527 2995 1583 per
3043 1526 3222 1567 annos
3266 1517 3349 1567 17.
3383 1511 3481 1566 Hic
3514 1526 3750 1567 uxorem

2108 1601 2310 1657 habuit
2344 1600 2742 1669 iWnibirgam,
2780 1600 2953 1656 ﬁliam
2978 1599 3261 1656 Badoaldi
3285 1600 3467 1657 ducis.

2180 1690 2341 1746 Circa
2396 1692 2518 1746 hzec
2570 1695 2854 1761 tempora,
2889 1705 3019 1746 cum
3044 1690 3159 1760 jam
3192 1704 3296 1761 per
3330 1688 3544 1745 multos
3573 1704 3755 1747 annos

2107 1778 2523 1836 monasterium
2546 1778 2730 1835 sancti
2756 1779 3052 1836 Benedicti
3078 1779 3131 1835 in
3158 1779 3364 1835 Casino
3382 1784 3573 1835 monte
3593 1784 3754 1835 esset

2108 1868 2474 1938 derelictum,
2510 1871 2791 1924 venerunt
2812 1867 3013 1924 Franci
3033 1868 3103 1923 de
3136 1866 3423 1924 Celmania
3452 1871 3510 1924 et
3541 1866 3610 1924 de
3642 1870 3754 1923 Au--

2108 1957 2250 2013 relia
2277 1972 2331 2012 in
2355 1956 2603 2012 eundem
2625 1957 2835 2025 locum,
2862 1960 2921 2012 et
2944 1957 3077 2013 dum
3099 1971 3161 2012 se
3182 1956 3461 2027 ﬁngerent
3479 1957 3673 2027 jacere
3694 1957 3749 2012 in

2106 2047 2309 2103 eodem
2332 2046 2465 2103 loco
2489 2046 2585 2103 ubi
2606 2047 2880 2117 jacebant
2902 2060 3150 2119 corpora
3174 2046 3357 2103 sancti
3380 2044 3667 2102 Benedicti
3690 2050 3751 2102 et

2105 2141 2325 2194 sancta
2355 2135 2753 2206 Seholasticae,
2780 2134 3045 2192 tulerunt
3076 2148 3209 2192 ossa
3241 2147 3439 2191 eorum
3471 2138 3529 2189 et
3557 2139 3749 2205 porta-

2105 2230 2313 2282 verunt
2340 2226 2391 2281 in
2441 2225 2690 2296 patriam
2723 2240 2907 2296 suam,
2944 2225 3039 2281 ubi
3085 2226 3235 2281 facta
3257 2229 3390 2281 sunt
3419 2223 3532 2279 duo
3560 2238 3749 2280 mona-

2106 2316 2308 2385 steria,
2343 2330 2518 2371 unum
2560 2315 2613 2370 in
2649 2315 2870 2372 honore
2922 2314 3106 2371 sancti
3143 2312 3459 2380 Benedicti,
3504 2312 3656 2369 aliud
3690 2313 3746 2368 in

2104 2405 2323 2461 honore
2349 2409 2565 2461 sancta:
2599 2403 2993 2461 Scholasticis.
3029 2403 3137 2459 Sed
3179 2417 3283 2459 nos
3311 2405 3533 2459 certum
3564 2399 3745 2459 credi-

2106 2507 2255 2562 mus,
2289 2490 2434 2548 illud
2483 2490 2818 2547 venerabile
2852 2505 2939 2561 os,
2976 2490 3169 2546 divina
3201 2502 3431 2561 semper
3458 2487 3748 2544 ruminans

2104 2581 2303 2649 verba,
2337 2585 2395 2635 et
2428 2580 2653 2650 oculos,
2689 2593 2917 2651 semper
2946 2577 3203 2635 caelestia
3236 2578 3520 2647 videntes,
3551 2581 3606 2632 et
3635 2575 3746 2632 alia

2104 2671 2362 2725 membra
2388 2668 2565 2739 illius,
2593 2669 2858 2739 quamvis
2882 2667 3187 2738 dissoluta,
3215 2666 3270 2721 in
3292 2666 3495 2724 eodem
3517 2664 3641 2722 loco
3660 2680 3750 2722 re-

2105 2759 2406 2814 mansisse.
2443 2757 2639 2814 Solum
2663 2758 2815 2813 enim
2847 2772 3061 2828 corpus
3083 2756 3305 2814 Domini
3324 2770 3437 2812 non
3458 2754 3598 2811 vidit
3622 2769 3749 2811 cor-

2105 2847 2456 2918 ruptionem,
2482 2846 2725 2904 aliorum
2753 2860 2891 2904 vero
2912 2860 3159 2917 corpora
3182 2849 3533 2916 sanctorum,
3556 2858 3750 2915 quam-

2101 2937 2192 2994 vis
2221 2937 2279 2992 in
2310 2943 2526 2993 aeterna
2568 2936 2758 3007 gloria
2805 2936 3126 3009 reparanda
3159 2935 3295 3005 sint,
3329 2939 3520 2992 tamen
3553 2934 3607 2991 in
3637 2931 3746 2990 hoc

2102 3025 2305 3082 seculo
2338 3024 2624 3081 dissoluta
2658 3029 2813 3081 sunt.

2172 3118 2313 3172 Dum
2337 3117 2459 3172 haec
2484 3116 2538 3170 in
2559 3116 2725 3171 Italia
2758 3122 3066 3186 geruntur,
3083 3118 3210 3171 orta
3235 3118 3326 3171 est
3348 3113 3571 3170 heresis
3595 3111 3740 3185 apud

2101 3203 2683 3275 Constantinopolim,
2718 3218 2889 3275 quam
2920 3203 3318 3261 excitaverunt
3347 3200 3628 3271 Georgius
3648 3215 3742 3272 pa-

2101 3292 2354 3349 triarcha
2385 3291 3069 3364 Constantinopolitanus
3092 3296 3148 3347 et
3173 3290 3495 3348 Macbarius
3520 3292 3576 3346 et
3607 3291 3743 3361 Pyr-

2097 3397 2199 3439 rus
2219 3387 2277 3436 et
2301 3383 2510 3438 Petrus
2532 3386 2592 3437 et
2623 3381 2859 3452 Paulus,
2910 3384 3252 3453 separantes
3282 3381 3336 3435 in
3369 3378 3596 3436 Christo
3626 3376 3743 3434 dei-

2096 3475 2277 3527 tatem
2300 3474 2358 3526 et
2383 3470 2824 3527 humanitatem.
2862 3470 3109 3541 Propter
3137 3483 3308 3540 quam
3341 3481 3571 3526 causam
3601 3468 3742 3524 Con-

2096 3560 2393 3618 stantinus
2420 3560 2736 3631 imperator
2772 3558 2908 3615 fecit
2942 3558 3284 3629 congregari
3314 3562 3546 3615 centum
3578 3556 3742 3628 quin-

2097 3649 2374 3721 quaginta
2407 3649 2738 3720 episcopos,
2787 3648 2941 3704 inter
2969 3664 3116 3719 quos
3156 3649 3391 3705 fuerunt
3419 3646 3533 3703 duo
3563 3643 3739 3715 legati

2097 3741 2312 3795 sanctae
2343 3739 2616 3794 Romanae
2661 3736 2942 3794 tecelesizn
2973 3737 3136 3793 missi
3166 3751 3196 3792 a
3230 3750 3374 3809 papa
3420 3734 3737 3805 Agathone.

2093 3829 2382 3884 Iohannes
2425 3826 2708 3883 diaconus
2736 3831 2796 3881 et
2822 3826 3116 3882 Johannes
3143 3825 3480 3882 Portuensis
3505 3836 3738 3896 epysco-

2095 3932 2228 3988 pus,
2263 3918 2534 3986 factoque
2565 3914 2816 3971 concilio
2849 3915 3309 3986 dampnaverunt
3338 3914 3585 3970 heresim
3613 3925 3737 3984 pre-

2095 4006 2330 4062 dictam.
2366 4004 2579 4061 Eadem
2609 4018 2747 4061 vero
2782 4004 2921 4060 hora
2947 4008 3123 4061 tanta:
3149 4004 3282 4060 tela;
3312 4016 3649 4060 aranearum
3681 4000 3736 4055 in

2094 4095 2284 4151 medio
2308 4093 2509 4166 populi
2534 4092 2895 4165 ceciderunt,
2928 4097 2991 4150 ut
3015 4107 3216 4151 omnes
3234 4092 3444 4150 exinde
3466 4091 3735 4147 miraren-

2091 4189 2211 4241 tur.
2234 4185 2356 4240 Hoc
2379 4188 2572 4240 autem
2590 4184 2730 4240 visae
2752 4187 2885 4240 sunt
2911 4182 3265 4254 signiﬁcare,
3301 4186 3365 4239 ut
3395 4180 3615 4238 heresis
3637 4177 3735 4234 illa

2092 4277 2250 4329 esset
2290 4272 2697 4328 exinanienda.
2738 4272 3046 4329 Predictus
3083 4276 3279 4331 autem
3319 4270 3601 4341 Georgius
3640 4281 3735 4340 pa-

2092 4362 2347 4418 triarcha
2379 4362 2451 4417 ab
2494 4360 2788 4434 episcOpis
2835 4363 3185 4420 ammonitus
3213 4365 3271 4419 et
3300 4364 3602 4419 correctus
3625 4361 3732 4426 est,

2094 4450 2189 4505 alii
2221 4464 2359 4506 vero
2392 4450 2446 4506 in
2480 4466 2583 4508 sua
2634 4450 2877 4523 perﬁdia
2910 4456 3337 4523 permanentes,
3373 4450 3445 4506 ab
3474 4446 3735 4507 omnibus

2090 4540 2386 4612 episcopis
2419 4540 2898 4597 anathematizati
2940 4543 3096 4597 sunt.
3133 4542 3266 4597 Haec
3293 4546 3385 4597 est
3413 4543 3580 4597 sexta
3609 4549 3737 4607 syn-

320 4626 1726 4698 Michahelisarchangeliiuterlzastassuas,ubi
1743 4628 1798 4684 ei
1798 4629 1978 4699 jura-
2006 4625 2061 4687 D
2090 4629 2238 4687 odns
2266 4628 2636 4700 universalis,
2693 4628 2750 4685 id
2783 4633 2876 4686 est
2925 4643 3095 4700 quam
3126 4629 3377 4687 mundus
3432 4628 3739 4686 universus

319 4717 561 4774 ei.Tunc
574 4731 724 4774 unus
734 4730 809 4773 ex
821 4715 940 4772 illis
955 4714 1105 4771 dixit
1117 4714 1452 4786 eizPropter
1462 4715 1731 4773 timorem
1740 4717 1978 4774 videtur

322 4805 436 4865 tili
448 4806 735 4878 guaduou
764 4805 870 4875 est,
906 4804 1105 4875 etjam
1134 4803 1249 4863 tibi
1270 4804 1513 4862 tardum
1527 4805 1620 4863 est
1640 4805 1745 4863 hoc
1760 4807 1971 4865 dicere.

324 4895 856 4968 Congredientibus
903 4899 1098 4951 autem
1153 4892 1421 4966 utrisque
1483 4894 1751 4966 partibus
1808 4895 1975 4952 multi

324 4986 619 5058 utrimque
669 4983 1046 5050 ceciderunt;
1096 4981 1330 5039 Alachis
1375 4997 1608 5055 quoque
1654 4984 1887 5057 cecidit,
1919 4990 1980 5042 et

324 5076 741 5144 Chunihertus,
785 5071 1100 5141 adjuvante
1118 5073 1380 5143 Domino,
1414 5074 1718 5131 victoriam
1750 5076 1975 5132 habuit.

324 5165 513 5238 Caput
533 5168 728 5222 autem
752 5160 987 5218 Alachis
1004 5166 1061 5216 et
1085 5177 1258 5220 crura
1274 5163 1505 5221 abscisa
1528 5168 1685 5237 sunt,
1705 5170 1766 5223 et
1789 5164 1978 5223 solum

323 5269 543 5327 corpus
565 5260 837 5313 truncum
860 5252 1160 5311 remansit.
1188 5254 1310 5311 Rex
1337 5268 1481 5313 vero
1511 5270 1642 5319 cum
1671 5256 1889 5327 gaudio
1918 5260 1982 5312 et

321 5341 573 5401 victoria
606 5357 883 5403 reversus
907 5346 1002 5401 est
1028 5342 1307 5416 Ticinum,

395 5432 534 5491 Cum
558 5433 676 5491 ista
701 5433 914 5496 ﬁerent
931 5433 1085 5508 apud
1109 5434 1526 5508 Longobardos
1548 5440 1713 5494 trans
1734 5433 1976 5505 Padum,

2092 4723 2271 4776 tenet.

2162 4807 2264 4865 His
2296 4822 2527 4880 quoque
2552 4806 2916 4881 temporibus
2948 4819 3052 4877 per
3074 4808 3340 4861 octavam
3365 4803 3738 4860 indictionem

2090 4896 2343 4969 eclypsis
2372 4898 2524 4954 lunae
2572 4895 2861 4967 apparuit,
2896 4891 3154 4949 secundo
3184 4891 3278 4946 die
3327 4891 3604 4947 intrantis
3631 4891 3741 4949 Mai

2091 4986 2349 5059 eclypsis
2379 4984 2523 5042 solis
2553 4986 2706 5039 facta
2738 4985 2830 5038 est
2846 4982 2993 5039 hora
3013 4978 3126 5036 dici
3150 4978 3396 5050 decima,
3431 4991 3498 5035 ac
3527 4977 3740 5038 deinde

2092 5089 2291 5134 mense
2318 5073 2488 5145 iulio,
2524 5074 2787 5142 Augusto
2814 5072 2872 5126 et
2902 5067 3243 5139 Septembre
3276 5067 3609 5127 mortalitas
3626 5081 3741 5127 ma-

2091 5179 2203 5236 gna
2234 5165 2385 5221 facta
2419 5167 2528 5219 est.
2558 5161 2711 5217 Tunc
2732 5157 3051 5215 visibiliter
3067 5155 3269 5216 multis
3290 5158 3621 5217 hominibus
3642 5173 3740 5231 ap-

2093 5256 2414 5327 paruerunt
2444 5251 2557 5308 duo
2613 5245 2822 5318 angeli,
2857 5261 3009 5306 unus
3037 5248 3228 5307 bonus
3251 5254 3315 5307 et
3370 5248 3523 5307 alter
3551 5246 3736 5307 malus

2093 5340 2459 5400 ambulantes
2479 5352 2582 5410 per
2601 5337 2812 5394 Urbem
2834 5341 3095 5410 tempore
3111 5342 3423 5411 nocturno,
3438 5336 3609 5398 etille
3621 5350 3737 5394 ma-

2093 5428 2690 5501 lusangelustenebat
2727 5426 3078 5488 venabulum
3102 5425 3158 5484 in
3181 5440 3375 5501 manu,
3417 5428 3738 5502 etperjus-

1692 5600 1928 5663 νΑως
1968 5594 2369 5661 LECTIONES.

396 5708 487 5752 ίοιί
524 5714 688 5779 deest
715 5724 764 5777 1.
858 5719 957 5755 ¹⁰⁸²
976 5721 1360 5793 coniunxerat
1390 5725 1441 5779 ¹ο
