3946 6422
288 355 406 416 809

1167 347 1606 414 CHRONICA.
1641 384 1715 394 —-
1751 341 2228 409 CHRONICON
2276 341 2825 407 UNIVERSALE.

3578 338 3696 399 810

287 488 506 545 81000111
559 485 690 542 boni
742 485 932 556 angeli
965 486 1034 542 de
1076 501 1437 556 quacumque
1489 484 1656 541 domo
1698 481 1930 552 januam
1965 478 2016 538 A
2050 477 2278 534 nomine
2319 477 2616 547 Arnulfus,
2653 478 2766 532 Deo
2807 475 3090 545 amabilis,
3128 473 3223 545 qui
3257 471 3463 530 relicto
3495 471 3694 530 seculo

291 575 678 648 percutiebat,
701 575 809 631 alia
832 575 923 630 die
944 590 1143 630 omnes
1169 576 1430 631 homines
1449 575 1519 628 (10
1539 574 1738 628 00110111
1765 571 1934 627 domo

290 667 712 722 moriebantur.
746 667 886 721 Post
921 667 1042 720 hzee
1064 664 1289 720 cuidam
1316 663 1528 718 homini
1555 664 1705 717 bono
1732 677 1836 732 per
1858 661 1938 716 vi-

289 755 507 810 sionem
541 755 759 810 dictum
786 760 896 822 est,
932 754 1083 823 quod
1113 754 1232 824 ipsa
1262 752 1591 807 mortalitas
1616 767 1723 805 non
1749 765 1939 806 cessa-

291 848 400 914 ret,
452 842 559 899 nisi
595 843 648 898 in
683 843 947 898 :ecclesia
1002 843 1188 898 sancti
1242 842 1398 897 Petri
1431 857 1556 911 qme
1589 841 1803 897 dicitur
1855 840 1936 896 Ad

289 928 517 984 vincula
562 928 939 983 dedicaretur
978 927 1159 982 altare
1195 928 1246 982 in
1283 928 1504 983 honore
1545 927 1730 981 sancti
1767 926 1938 980 Seba-

289 1017 464 1072 stiani
498 1017 787 1088 martyris.
825 1017 950 1082 Quo
975 1017 1142 1085 facto,
1174 1015 1500 1072 mortalitas
1524 1015 1794 1071 cessavit.

361 1107 588 1161 Interea
626 1120 726 1160 rex
761 1105 1153 1162 Chunibertus
1175 1121 1302 1161 cum
1328 1105 1573 1175 quodam
1603 1103 1938 1159 fidelissimo

291 1211 398 1250 suo
443 1194 785 1251 consiliatus
825 1200 909 1251 est
957 1196 1242 1265 quomodo
1278 1194 1551 1250 Aldonem
1590 1198 1646 1248 et
1693 1194 1939 1248 0101180-

289 1299 416 1340 110111
441 1283 758 1339 occideret.
791 1285 1048 1354 Cumque
1068 1285 1137 1339 de
1158 1284 1260 1338 hac
1287 1299 1346 1338 re
1373 1283 1523 1336 inter
1549 1297 1609 1336 se
1635 1282 1939 1351 loqueren-

286 1377 404 1442 tur,
432 1377 655 1429 stantcs
681 1388 860 1444 prope
888 1374 1201 1428 fenestram
1229 1372 1536 1442 quandam,
1560 1371 1755 1426 subito
1783 1371 1832 1424 in
1862 1372 1938 1425 10-

289 1467 481 1518 nestra
511 1461 607 1517 illa
632 1477 828 1518 musca
853 1463 1138 1517 consedit.
1167 1464 1344 1528 Quam
1369 1461 1762 1516 Chunibertus
1787 1459 1938 1514 oeci-

287 1551 427 1607 dcre
459 1551 680 1620 volens,
717 1567 845 1607 cum
879 1551 1143 1620 cultello,
1189 1550 1342 1621 quod
1380 1551 1432 1605 in
1470 1565 1634 1605 manu
1676 1550 1933 1617 tenebat,

289 1639 491 1709 pedem
535 1638 693 1695 illius
735 1644 956 1695 tantum
999 1639 1359 1694 abscidebat.
1406 1640 1661 1708 Cumque
1703 1636 1847 1692 Aldo
1880 1640 1935 1691 et

291 1729 513 1784 Crauso
546 1728 614 1783 ad
651 1727 930 1800 palatium
970 1729 1124 1797 regis
1163 1728 1466 1784 tenderent
1497 1733 1550 1782 et
1581 1727 1696 1797 jam
1732 1741 1938 1796 appro-

289 1816 659 1887 pinquarent,
694 1818 951 1872 obviavit
976 1818 1060 1873 eis
1083 1833 1231 1874 unus
1263 1818 1433 1872 homo
1464 1816 1607 1886 pede
1638 1819 1930 1882 truncato,
1967 1845 2018 1901 Β

287 1909 348 1959 01
380 1905 524 1960 dixit
558 1904 645 1961 eis
675 1906 826 1975 quod
872 1907 1262 1962 Chunibertus
1303 1920 1403 1960 rex
1446 1904 1621 1960 vellet
1655 1919 1754 1959 eos
1785 1904 1936 1959 oeci-

287 1993 447 2049 dere.
473 1996 590 2050 Hoc
615 1994 696 2048 illi
723 1995 1050 2064 audientes,
1088 1997 1357 2064 fugerunt
1385 1993 1938 2050 1111000108101118011-

287 2083 366 2136 cti
394 2082 628 2138 Romani
657 2083 951 2155 martyris,
974 2090 1028 2139 et
1053 2084 1486 2140 absconderant
1513 2099 1570 2139 80
1597 2088 1728 2153 post
1751 2081 1935 2137 altare

292 2171 478 2242 ipsius
505 2172 805 2229 :ecclesiae.
845 2173 1098 2242 Cumque
1132 2175 1240 2228 1100
1276 2173 1395 2242 regi
1434 2173 1765 2228 nunciatum
1802 2171 1937 2227 fuis-

288 2264 396 2329 set,
429 2261 625 2316 statim
659 2263 885 2316 vocavit
919 2263 990 2318 ad
1024 2277 1085 2317 se
1118 2262 1278 2317 illum
1313 2262 1712 2317 fidelissimum
1745 2277 1931 2330 suum,

289 2348 381 2404 cui
412 2348 518 2404 hoc
540 2348 648 2406 soli
673 2349 1030 2420 crediderat,
1053 2354 1110 2405 et
1136 2350 1282 2404 dixit
1300 2350 1350 2405 ei
1377 2369 1386 2402 :
1415 2351 1608 2414 Quare
1622 2350 1937 2406 con-Siliani

289 2451 481 2493 meum
511 2438 823 2496 credidisti
854 2441 1202 2508 cuia-timene
1232 2439 1496 2495 homini?
1526 2438 1627 2493 Ille
1660 2454 1786 2493 cum
1826 2442 1936 2492 tre-

290 2540 448 2582 more
501 2526 806 2597 respondit
850 2546 861 2582 :
906 2529 1151 2584 Domine
1190 2529 1271 2583 mi
1309 2542 1438 2597 rex,
1482 2529 1545 2584 tle
1582 2528 1719 2594 scis,
1764 2529 1931 2597 quia,

282 2616 602 2685 postquam
638 2615 821 2674 michi
865 2618 1091 2673 locatas
1120 2631 1196 2687 es,
1239 2632 1550 2688 rima/tuam.
1582 2617 1650 2672 (ιθ
1682 2618 1777 2672 tuo
1808 2631 1936 2674 con.-

285 2705 486 2774 specta
507 2705 688 2775 foras
729 2704 911 2773 exivi,
948 2706 1005 2761 et
1041 2706 1324 2776 quomodo
1356 2707 1462 2763 hoc
1487 2706 1676 2765 alicai
1709 2707 1935 2764 [mmini

289 2787 481 2844 dicere
525 2789 728 2858 potui?
777 2792 931 2847 Tunc
977 2806 1076 2846 rex
1120 2792 1410 2847 mandavit
1455 2793 1519 2846 al
1564 2792 1842 2847 Aldonem
1876 2797 1932 2847 et

290 2877 662 2947 Grausonem,
693 2878 917 2948 utquid
943 2880 994 2934 in
1021 2880 1340 2936 :ecelesiam
1377 2881 1679 2950 fugissent.
1719 2881 1823 2946 Qui
1849 2896 1935 2938 re-

289 2966 646 3036 sponderunt
674 2986 685 3021 :
713 2967 869 3032 Quia
893 2968 1235 3026 audiri-mas
1255 2970 1415 3040 quod
1429 2984 1538 3025 rex;
1557 2985 1656 3026 nos
1674 2971 1935 3027 occidere

289 3053 480 3110 vellet.
534 3056 747 3111 Iterum
802 3056 1094 3112 mandavit
1133 3057 1200 3112 ad
1243 3074 1342 3113 eos
1391 3074 1513 3128 rex,
1566 3059 1934 3128 interrogans

291 3142 421 3212 quis
443 3143 528 3200 eis
560 3143 668 3199 hoc
694 3145 1016 3216 nunciaret,
1045 3151 1101 3202 et
1127 3147 1272 3202 dixit
1307 3149 1456 3218 quod
1489 3149 1734 3220 gratiam
1771 3165 1932 3205 suam

291 3245 401 3286 non
432 3231 734 3303 haberent,
771 3234 876 3289 nisi
905 3235 1011 3290 hoc
1037 3235 1143 3291 sibi
1179 3238 1638 3294 manifestarent.
1670 3241 1824 3296 Tune
1851 3239 1930 3294 illi

292 3320 480 3376 omnia
503 3336 629 3391 quae
652 3323 798 3379 facta
824 3324 1050 3379 fuerant
1079 3327 1617 3397 manifestaverunt,
1641 3329 1929 3385 dicentes:

295 3408 450 3474 Quia
472 3409 736 3468 obciaeit
752 3413 920 3470 nobis
936 3428 1090 3470 imas
1109 3415 1436 3487 homopede
1457 3418 1727 3475 trmzcalo
1749 3435 1936 3490 usque

289 3499 370 3553 ad
392 3502 756 3571 geniculam,
790 3503 848 3559 et
882 3504 1008 3574 ipse
1045 3504 1152 3561 hoc
1187 3505 1353 3562 uobis
1402 3507 1728 3563 mmeiacit.
1781 3510 1934 3565 Tune

287 3601 388 3640 rex
423 3588 814 3646 Chunibertus
847 3591 1154 3661 intellexit,
1191 3595 1342 3663 quod
1376 3610 1572 3651 11111800
1609 3595 1704 3651 1110
1739 3597 1934 3653 diabo-

288 3673 376 3729 lus
423 3676 633 3732 fuisset
675 3684 733 3733 et
776 3680 894 3752 ipse
935 3682 1045 3738 hoc
1083 3683 1169 3738 018
1213 3685 1564 3754 nunciasset,
1597 3687 1931 3758 statimque

285 3765 511 3821 vocavit
544 3781 641 3822 eos
673 3768 743 3823 ad
778 3784 856 3839 se,
883 3775 937 3825 et
972 3772 1226 3827 reddidit
1261 3774 1346 3829 eis
1377 3775 1623 3842 gratiam
1659 3791 1839 3845 suam,
1874 3785 1932 3832 et

289 3867 471 3923 usque
501 3855 570 3910 ad
605 3862 847 3914 mortem
879 3859 1082 3916 habuit
1114 3877 1213 3917 008
1246 3862 1582 3919 1100010108.

359 3945 517 3999 Inter
548 3946 668 4002 haec
703 3949 1122 4006 Constantinus
1168 3952 1489 4021 imperator
1520 3960 1786 4011 mortuus
1818 3961 1927 4026 est,

287 4037 344 4085 et
373 4033 756 4106 Justinianus,
785 4037 938 4094 filius
959 4039 1086 4108 ejus
1113 4041 1316 4109 minor,
1345 4042 1533 4096 tenuit
1562 4058 1800 4112 regnum
1829 4060 1931 4115 per

287 4136 468 4177 annos
507 4122 727 4179 decem.
774 4128 983 4181 Contra
1027 4129 1176 4184 hunc
1211 4130 1319 4184 Leo
1355 4130 1587 4199 quidam
1621 4133 1800 4202 venit,
1836 4149 1931 4204 ap-

287 4210 749 4283 prehensumque
780 4229 918 4270 naso
948 4216 1340 4286 detruncavit,
1367 4218 1722 4290 ejiciensque
1747 4221 1816 4277 de
1842 4237 1930 4278 re-

284 4312 412 4368 gno,
448 4299 572 4370 ipse
603 4317 704 4372 per
733 4318 913 4360 annos
943 4309 1067 4361 tres
1099 4307 1382 4377 regnavit,
1418 4314 1476 4364 et
1509 4308 1671 4365 illum
1697 4311 1749 4366 in
1773 4310 1929 4368 insu-

285 4385 395 4442 lam
422 4390 727 4459 quamdam
752 4391 1038 4448 cxiliavit.
1077 4396 1291 4450 Iterum
1320 4397 1598 4468 Tybcrius
1621 4400 1771 4455 hunc
1798 4401 1928 4457 Leo-

290 4491 416 4533 nem
459 4479 529 4535 de
571 4494 747 4550 regno
787 4482 1031 4554 expulit,
1077 4484 1319 4556 ipseque
1351 4502 1591 4556 regnum
1628 4490 1832 4560 tenuit,
1867 4496 1926 4547 et

2055 569 2253 636 postea
2287 566 2603 636 episcopus
2643 567 2829 620 factus
2858 568 2976 619 est.

2123 655 2476 710 Cunibertus
2515 671 2652 711 vero
2681 658 2982 726 postquam
3019 651 3279 721 regnavit
3313 651 3476 706 annis
3514 653 3574 706 12
3605 665 3696 706 so-

2054 743 2142 798 lus
2178 747 2301 813 post
2337 748 2577 798 mortem
2619 743 2825 813 patris,
2872 745 3137 796 mortuus
3178 743 3288 809 est,
3335 754 3693 808 regnumque

2052 831 2170 887 filio
2193 848 2295 887 suo
2321 834 2586 903 Lioperto
2608 833 2793 887 adhuc
2816 831 3054 902 parvulo
3074 830 3310 894 dimisit,
3335 830 3427 884 0111
3448 831 3697 899 Aspran-

2053 921 2184 975 dum
2221 922 2405 977 virum
2438 921 2758 992 sapientem
2794 919 3138 975 nutritorem
3179 918 3513 973 constituit.
3554 919 3693 972 Post

2052 1014 2186 1066 octo
2229 1025 2457 1066 menses
2505 1010 2889 1080 Reginpcrtus
2921 1009 3034 1064 dux
3063 1007 3495 1063 Taurinensium
3538 1007 3695 1061 venit

2051 1114 2178 1154 eum
2215 1099 2476 1156 exercitu
2513 1100 2792 1154 adversus
2832 1100 3191 1168 Asprandum
3224 1102 3281 1150 et
3315 1096 3691 1151 lluotharium

2053 1187 2232 1244 1111008
2282 1188 2776 1257 Pergamensium,
2812 1192 2870 1242 et
2905 1201 3164 1257 pugnans
3214 1201 3342 1240 cum
3393 1185 3499 1248 eis,
3553 1183 3692 1239 vicit

2051 1291 2173 1347 008,
2206 1283 2264 1332 01
2297 1277 2678 1348 apprehendit
2715 1292 2984 1345 regnum;
3019 1276 3113 1330 sed
3150 1275 3696 1329 0011011101111011101-

2055 1369 2188 1422 tuus
2238 1370 2344 1421 est.
2400 1367 2574 1435 Cujus
2625 1366 2776 1420 filius
2830 1367 3138 1434 Aripertus
3173 1364 3380 1418 iterum
3417 1361 3694 1433 pugnavit

2051 1455 2334 1510 adversus
2361 1455 2690 1525 Liopertum
2715 1470 2908 1522 regem
2934 1454 3084 1524 apud
3109 1453 3362 1507 Ticinum
3386 1457 3442 1506 01
3468 1451 3696 1522 LiOper-

2053 1550 2170 1600 tum
2212 1545 2264 1598 in
2296 1559 2484 1614 pugna
2520 1544 2709 1599 vivum
2744 1542 3150 1614 apprehendit,
3185 1540 3526 1611 Asprandus
3556 1555 3694 1595 vero

2051 1633 2309 1689 1111111101
2335 1634 2458 1702 ejus
2486 1633 2537 1687 in
2566 1633 2809 1688 insulam
2845 1631 3209 1688 Cumacinam
3244 1631 3407 1698 fugit.
3445 1630 3566 1684 Dux
3599 1643 3695 1683 au-

2050 1727 2165 1777 tem
2193 1722 2548 1777 Ruotharius
2569 1738 2696 1776 cum
2722 1721 2968 1776 redisset
2994 1723 3353 1788 Pergamum,
3385 1719 3693 1788 Aripcrtus

2051 1827 2179 1866 cum
2211 1824 2415 1879 magno
2456 1811 2723 1865 exercitu
2755 1809 2985 1865 obsedit
3017 1813 3072 1863 et
3107 1808 3462 1878 expugnavit
3493 1807 3695 1862 civita-

2056 1906 2186 1969 tem,
2241 1898 3100 1970 011010110118011001100100110,
3158 1897 3292 1952 fecit
3348 1897 3468 1951 radi
3518 1901 3695 1968 caput

2051 1987 2177 2057 ejus
2207 1993 2264 2043 et
2302 1990 2555 2058 barbam,
2588 1993 2643 2043 et
2674 1987 2932 2043 exiliavit
2962 2002 3113 2056 eum,
3149 1987 3243 2041 ubi
3279 1991 3409 2056 post
3437 1985 3696 2055 aliquan-

2055 2084 2172 2132 tum
2205 2082 2435 2148 tempus
2478 2080 2739 2132 mortuus
2772 2082 2880 2132 est.
2920 2077 3248 2146 Liopertum
3280 2090 3418 2129 vero
3452 2090 3692 2145 puerum

2051 2166 2209 2220 misit
2243 2167 2294 2220 in
2330 2166 2620 2235 balneum,
2653 2171 2711 2220 et
2743 2166 2957 2222 clausit
2992 2167 3222 2235 januam
3267 2180 3443 2235 super
3479 2166 3688 2235 ipsum,

2050 2255 2249 2325 sicque
2282 2256 2456 2311 nimio
2484 2255 2678 2311 calore
2712 2261 2978 2311 mortuus
3007 2259 3123 2311 est.

2121 2345 2431 2414 Aripcrtus
2465 2349 2654 2399 autem
2688 2361 2814 2399 cum
2853 2359 3093 2401 securus
3120 2345 3233 2414 jam
3270 2351 3562 2416 regnaret,
3596 2361 3694 2416 ap-

2052 2433 2352 2505 prehendit
2380 2433 2806 2503 Sigibrandum,
2833 2433 3007 2490 ﬁliuni
3032 2435 3333 2504 Asprandi,
3357 2440 3412 2489 et
3433 2451 3693 2492 excaeca-

2050 2523 2131 2578 vit
2150 2538 2278 2579 eum
2301 2528 2358 2578 et
2377 2540 2576 2578 omnes
2597 2529 2872 2593 parentes
2893 2523 2939 2592 ej
2953 2539 3131 2593 usper
3151 2524 3379 2580 diversa
3400 2530 3690 2584 tormenta
3719 2531 3726 2536 ’

2049 2613 2270 2682 afllixit,
2317 2613 2732 2683 Liutprandum
2768 2618 2980 2683 autem,
3020 2613 3197 2668 lilium
3231 2614 3355 2682 ejus
3390 2616 3687 2688 minorem,

2052 2701 2236 2756 tenuit
2273 2701 2326 2754 in
2366 2716 2633 2766 carcere;
2688 2706 2742 2756 et
2792 2703 2924 2771 quia
2976 2702 3162 2758 adhuc
3213 2709 3339 2758 erat
3388 2705 3687 2774 puerulus,

2049 2805 2354 2861 personam
2385 2793 2510 2861 ejus
2543 2791 2828 2861 despexit,
2863 2796 2920 2846 et
2954 2792 3137 2847 noluit
3160 2793 3211 2846 ei
3237 2795 3425 2849 facere
3457 2795 3691 2865 aliquod

2049 2880 2278 2950 malum,
2324 2881 2560 2952 insuper
2603 2881 2818 2936 dimisit
2855 2897 2981 2936 cum
3018 2882 3098 2936 ire
3131 2883 3197 2937 ad
3235 2887 3453 2953 patrem
3489 2900 3682 2940 suum.

2049 2970 2232 3038 Igitur
2265 2971 2654 3042 Liutprandus
2687 2971 2841 3025 venit
2866 2971 2935 3025 ad
2963 2977 3184 3041 patrem
3215 2989 3377 3028 suum
3411 2974 3464 3028 in
3499 2975 3693 3029 1101γο-

2050 3060 2214 3127 110111,
2252 3075 2363 3128 quo
2390 3060 2641 3130 ipsejam
2679 3061 2892 3116 dudum
2927 3062 3153 3129 fugerat
3184 3062 3425 3116 eundem
3462 3064 3692 3136 11111101-

2049 3152 2190 3218 10111,
2246 3150 2315 3203 011
2365 3149 2567 3205 ducem
2613 3150 3094 3219 Theodebertuin,
3147 3153 3430 3222 stetitque
3463 3170 3588 3208 eum
3624 3169 3691 3210 eo

2047 3252 2152 3308 per
2184 3253 2362 3293 0111108
2393 3245 2441 3292 0.
2480 3238 2602 3302 Quo
2641 3254 2766 3293 cum
2813 3240 3070 3294 venisset
3115 3242 3525 3314 Liutprandus,
3561 3263 3688 3301 011111

2046 3327 2257 3396 gaudio
2291 3343 2493 3396 magno
2524 3332 2610 3382 est
2645 3333 2983 3398 susceptus.

2121 3418 2235 3472 1100
2270 3422 2529 3487 tempore
2578 3417 2730 3487 apud
2777 3418 2990 3473 Gallias
3019 3419 3071 3473 in
3108 3436 3285 3490 regno
3336 3424 3685 3482 Francorum

2047 3510 2155 3564 sub
2189 3506 2418 3562 nomine
2463 3507 2697 3576 majoris
2738 3507 2943 3563 domus
2987 3510 3422 3581 priueipabatur
3457 3517 3683 3585 Ansgis,

2047 3596 2199 3652 ﬁlius
2223 3596 2438 3652 Arnolli
2467 3597 2809 3667 supradicti,
2847 3599 2942 3667 qui
2969 3615 3172 3654 nomen
3198 3601 3432 3658 trahere
3456 3605 3688 3661 videtur

2046 3688 2116 3741 ab
2153 3686 2397 3741 Anchisa
2448 3686 2708 3755 Trojano.
2765 3686 2948 3755 Igitur
2997 3693 3300 3759 postquam
3347 3694 3686 3763 Asprandus

2049 3793 2148 3846 per
2181 3791 2382 3831 novem
2417 3791 2595 3830 annos
2627 3776 2834 3830 mansit
2872 3777 2922 3831 in
2960 3779 3237 3849 Bawaria,
3277 3783 3455 3837 movit
3478 3783 3686 3840 exinde

2043 3866 2504 3935 Thcodepertum
2530 3868 2921 3921 1100-0110111111
2943 3867 3168 3938 ducem,
3191 3875 3396 3926 etcum
3422 3875 3684 3930 exercitu

2045 3957 2198 4012 venit
2225 3957 2278 4010 in
2298 3955 2541 4025 Italiam,
2568 3957 2960 4026 pugnavitque
2984 3974 3113 4012 cum
3141 3960 3430 4031 Ariperto,
3459 3967 3686 4019 0111101-

2045 4047 2126 4102 1111
2153 4050 2282 4101 sunt
2311 4045 2473 4100 multi
2499 4046 2567 4099 de
2594 4046 2860 4114 partibus
2886 4048 3167 4116 utrisque.
3207 4051 3313 4104 Sed
3340 4055 3601 4121 quamvis
3629 4057 3681 4112 in

2045 4136 2166 4206 ipsa
2219 4150 2404 4206 pugna
2438 4150 2546 4189 nox
2587 4136 2752 4189 linem
2807 4135 3058 4203 fecisset,
3111 4144 3333 4194 eertum
3366 4149 3456 4196 est
3493 4147 3680 4200 tamen

2044 4225 2196 4295 quod
2231 4224 2474 4279 Bawarii
2520 4225 2810 4294 t'ugertmt,
2845 4229 2902 4278 et
2938 4227 3246 4296 Aripertus
3276 4247 3402 4285 cum
3439 4233 3682 4291 victoria

2043 4315 2215 4369 rediit
2248 4314 2314 4369 ad
2347 4320 2558 4369 castra.
2603 4315 2706 4378 Qui
2751 4329 2878 4369 cum
2922 4316 3209 4372 noluisset
3240 4337 3470 4378 manere
3506 4325 3557 4379 in
3593 4342 3684 4382 ca-

2042 4404 2179 4459 st"is
2213 4404 2313 4458 sed
2364 4403 2473 4456 iret
2507 4403 2556 4456 in
2593 4403 2868 4468 Ticinum,
2918 4405 3052 4459 fecit
3095 4406 3550 4477 desperationem
3588 4432 3683 4484 pe-

2045 4492 2176 4564 pulo
2207 4507 2330 4560 suo,
2356 4498 2408 4546 et
2437 4493 2787 4546 adversariis
2820 4493 2978 4547 dedit
3009 4496 3330 4554 audaciam.
3369 4505 3678 4574 Postquam

284 4564 444 4623 illum
473 4568 530 4624 in
560 4571 885 4627 custodiam
932 4573 1158 4644 posuit.
1213 4577 1347 4631 Post
1398 4576 1519 4631 haec
1565 4579 1925 4636 Justinianus
1955 4569 2008 4629 D
2043 4597 2178 4636 vero
2221 4582 2515 4635 civitatem
2563 4581 2799 4635 intravit
2833 4588 2889 4637 et
2924 4585 3098 4640 sensit
3145 4586 3354 4643 iratum
3398 4564 3681 4648 sibi-esse

281 4670 516 4726 regnum
538 4673 705 4716 suum
731 4676 833 4732 per
855 4661 1207 4731 adjutorium
1232 4665 1513 4721 Terebelli
1541 4668 1699 4736 regis
1724 4668 1926 4739 Bulga-

280 4759 406 4802 rum
438 4750 679 4820 recepit,
713 4754 768 4806 et
797 4751 1039 4808 Leonem
1074 4757 1247 4822 atque
1279 4754 1567 4811 Tiberium
1601 4772 1796 4814 0010111
1829 4775 1926 4830 po-

282 4836 417 4904 pulo
451 4837 505 4892 111
539 4839 726 4894 medio
755 4840 909 4896 circo
950 4841 1227 4898 decollari
1267 4843 1421 4900 fecit.

350 4927 450 4981 His
484 4925 692 4983 diebus
717 4945 816 4984 rex
843 4930 1295 5000 Anglisaxonnm
1323 4933 1550 4990 nomine
1576 4935 1921 5010 Cedoaldus,

281 5013 378 5082 qui
402 5014 616 5072 multas
647 5033 869 5086 pugnas
894 5019 946 5073 in
973 5035 1074 5074 sua
1104 5021 1288 5091 patria
1318 5024 1629 5093 commisit,
1666 5026 1736 5081 ad
1766 5027 1928 5082 Chri-

279 5102 432 5158 stum
465 5119 785 5162 conversus
825 5113 936 5179 est,
980 5115 1035 5163 et
1085 5111 1324 5165 tendens
1376 5114 1629 5183 Romam,
1665 5116 1818 5170 venit
1855 5118 1922 5171 ad

281 5191 696 5251 Chunibertum
757 5211 968 5267 regem,
1022 5214 1050 5254 a
1105 5213 1216 5268 quo
1266 5216 1393 5256 cum
1449 5217 1654 5273 magno
1706 5204 1924 5263 honore

279 5287 608 5353 susceptus,
643 5284 747 5339 ivit
776 5287 1030 5355 Romam,
1059 5293 1118 5341 et
1149 5303 1177 5342 a
1214 5288 1385 5344 beato
1415 5290 1615 5360 Sergio
1650 5308 1792 5364 papa
1832 5295 1925 5349 ba-

280 5369 551 5442 ptizatus,
604 5373 814 5430 Petrus
865 5375 1196 5432 nominatus
1249 5384 1360 5449 est,
1396 5385 1453 5434 et
1483 5396 1613 5436 cum
1646 5383 1833 5439 adhuc
1866 5383 1923 5439 in

279 5457 426 5515 albis
449 5466 622 5534 esset,
656 5468 921 5522 mortuus
950 5471 1062 5535 est,
1087 5469 1145 5521 et
1170 5466 1224 5521 in
1248 5468 1515 5526 {ecclesia
1548 5472 1734 5528 sancti
1765 5474 1920 5530 Petri

279 5547 574 5618 sepultus.

349 5637 470 5695 Hoc
501 5639 676 5696 etiam
707 5645 972 5714 tempore
1005 5643 1111 5702 fuit
1146 5645 1200 5700 in
1240 5661 1421 5718 regno
1454 5649 1804 5709 Francorum
1836 5654 1924 5710 vir

553 5739 816 5805 PATROL.
865 5741 1072 5806 CLIV.

2038 4670 2316 4743 populum
2352 4687 2455 4740 pro
2488 4670 2586 4724 tali
2624 4673 2794 4737 facto,
2833 4672 3033 4727 habuit
3068 4677 3393 4748 consilium,
3431 4687 3492 4736 ut
3525 4684 3682 4751 fuge-

2040 4766 2122 4816 ret
2157 4761 2209 4815 in
2244 4760 2560 4829 Franciam,
2588 4764 2642 4814 et
2670 4759 2806 4815 tulit
2829 4761 2898 4815 de
2927 4762 3139 4832 palatio
3170 4780 3369 4821 aurum
3403 4779 3678 4839 quantum

2038 4849 2242 4918 voluit,
2270 4853 2328 4904 01
2351 4849 2552 4904 exivit.
2587 4850 2840 4919 Cumque
2864 4851 3116 4907 Ticinum
3147 4854 3377 4910 fluvium
3404 4866 3680 4916 oneratus

2039 4953 2180 4993 auro
2229 4942 2598 4993 transnatare
2652 4937 2955 5008 voluisset,
3017 4943 3336 5000 suli‘oeatus
3383 4948 3453 5000 ab
3506 4964 3675 5019 aqua,

2039 5031 2305 5084 mortuus
2328 5033 2436 5082 est.
2469 5028 2594 5082 Alio
2619 5027 2710 5081 die
2743 5028 3032 5085 inventum
3058 5037 3149 5085 est
3171 5047 3384 5103 corpus
3411 5035 3584 5108 illius,
3621 5048 3679 5097 et

2037 5117 2330 5188 sepultum
2364 5120 2454 5170 est
2492 5116 2543 5170 in
2580 5116 2845 5171 {ecclesia
2891 5118 3102 5174 domini
3146 5121 3487 5181 Salvator-is.
3537 5129 3679 5186 Post

2036 5208 2202 5276 cujus
2238 5211 2481 5262 mortem
2524 5205 2866 5277 Asprandus
2899 5208 3405 5277 Longobardorum
3439 5230 3676 5285 regnum

2034 5298 2242 5366 tenuit,
2270 5301 2326 5351 et
2354 5295 2720 5351 801111111110110
2755 5302 2874 5352 1108
2907 5313 3131 5355 menses
3154 5304 3436 5374 regnavit,
3466 5306 3551 5360 vir
3577 5325 3679 5378 per

2035 5389 2220 5442 omnia
2250 5389 2434 5443 bonus
2456 5392 2513 5441 et
2537 5387 2704 5456 cujus
2735 5387 3038 5458 sapientia)
3063 5391 3228 5459 pauci
3257 5393 3517 5449 homines
3541 5398 3680 5453 assi-

2035 5475 2221 5532 milari
2266 5483 2532 5546 possunt.
2579 5476 2854 5531 Videntes
2893 5480 3086 5532 autem
3115 5480 3478 5549 Longobardi
3523 5487 3678 5555 quod

2035 5566 2378 5636 Asprandus
2418 5571 2769 5635 moreretur,
2814 5566 3072 5622 fecerunt
3117 5568 3225 5623 sibi
3271 5585 3463 5640 regem
3499 5573 3677 5631 lilium

2032 5653 2160 5724 ejus
2192 5655 2631 5727 Liutprandum,
2664 5658 2829 5728 patre
2863 5656 3050 5716 adhuc
3084 5658 3331 5718 vivente.

3363 5762 3441 5824 26
