  <div class='ocr_page' id='page_1' title='image "/cluster/home/n/w/nwhite01/storage/ocr_20150623/153-154/uc1.31175019678096/997.png"; bbox 0 0 3946 6424; ppageno 0'>
   <div class='ocr_carea' id='block_1_1' title="bbox 309 310 421 381">
    <p class='ocr_par' dir='ltr' id='par_1_1' title="bbox 309 310 421 381">
     <span class='ocr_line' id='line_1_1' title="bbox 309 310 421 381; baseline -0.018 0"><span class='ocrx_word' id='word_1_1' title='bbox 309 310 421 381; x_wconf 84' lang='grc'><strong>811</strong></span> 
     </span>
    </p>
   </div>
   <div class='ocr_carea' id='block_1_2' title="bbox 1471 312 2649 380">
    <p class='ocr_par' dir='ltr' id='par_1_2' title="bbox 1471 312 2649 380">
     <span class='ocr_line' id='line_1_2' title="bbox 1471 312 2649 380; baseline -0.001 -2"><span class='ocrx_word' id='word_1_2' title='bbox 1471 312 1954 380; x_wconf 77' lang='lat' dir='ltr'><strong>EKKEHARDI</strong></span> <span class='ocrx_word' id='word_1_3' title='bbox 2001 312 2558 379; x_wconf 73' lang='lat' dir='ltr'><strong>URAUGI&#39;NSIS</strong></span> <span class='ocrx_word' id='word_1_4' title='bbox 2643 323 2649 329; x_wconf 82' lang='grc'><em>’</em></span> 
     </span>
    </p>
   </div>
   <div class='ocr_carea' id='block_1_3' title="bbox 3605 312 3729 377">
    <p class='ocr_par' dir='ltr' id='par_1_3' title="bbox 3605 312 3729 377">
     <span class='ocr_line' id='line_1_3' title="bbox 3605 312 3729 377; baseline -0.008 0"><span class='ocrx_word' id='word_1_5' title='bbox 3605 312 3729 377; x_wconf 78' lang='grc'>812</span> 
     </span>
    </p>
   </div>
   <div class='ocr_carea' id='block_1_4' title="bbox 380 447 3727 526">
    <p class='ocr_par' dir='ltr' id='par_1_4' title="bbox 380 447 3727 526">
     <span class='ocr_line' id='line_1_4' title="bbox 380 447 3727 526; baseline -0 -17"><span class='ocrx_word' id='word_1_6' title='bbox 380 451 758 526; x_wconf 78' lang='lat' dir='ltr'><strong>Phylippieus</strong></span> <span class='ocrx_word' id='word_1_7' title='bbox 783 457 973 510; x_wconf 86' lang='lat' dir='ltr'><strong>autem</strong></span> <span class='ocrx_word' id='word_1_8' title='bbox 1005 453 1391 510; x_wconf 90' lang='lat' dir='ltr'><strong>Justinianum</strong></span> <span class='ocrx_word' id='word_1_9' title='bbox 1423 452 1833 524; x_wconf 78' lang='lat' dir='ltr'><strong>imperatorem</strong></span> <span class='ocrx_word' id='word_1_10' title='bbox 1867 470 1959 508; x_wconf 79' lang='lat' dir='ltr'><strong>or-</strong></span> <span class='ocrx_word' id='word_1_11' title='bbox 1989 452 2045 513; x_wconf 85' lang='lat' dir='ltr'><strong>A</strong></span> <span class='ocrx_word' id='word_1_12' title='bbox 2079 452 2416 517; x_wconf 90' lang='lat' dir='ltr'><strong>Barcetum;</strong></span> <span class='ocrx_word' id='word_1_13' title='bbox 2450 452 2712 520; x_wconf 80' lang='lat' dir='ltr'><strong>itemque</strong></span> <span class='ocrx_word' id='word_1_14' title='bbox 2744 449 2800 505; x_wconf 89' lang='lat' dir='ltr'><strong>in</strong></span> <span class='ocrx_word' id='word_1_15' title='bbox 2834 447 3050 505; x_wconf 86' lang='lat' dir='ltr'><strong>Alonua</strong></span> <span class='ocrx_word' id='word_1_16' title='bbox 3091 449 3226 507; x_wconf 88' lang='lat' dir='ltr'><strong>villa</strong></span> <span class='ocrx_word' id='word_1_17' title='bbox 3263 450 3495 523; x_wconf 89' lang='lat' dir='ltr'><strong>propria</strong></span> <span class='ocrx_word' id='word_1_18' title='bbox 3529 465 3727 509; x_wconf 85' lang='lat' dir='ltr'><strong>mona-</strong></span> 
     </span>
    </p>
   </div>
   <div class='ocr_carea' id='block_1_5' title="bbox 309 540 1958 613">
    <p class='ocr_par' dir='ltr' id='par_1_5' title="bbox 309 540 1958 613">
     <span class='ocr_line' id='line_1_5' title="bbox 309 540 1958 613; baseline -0.002 -12"><span class='ocrx_word' id='word_1_19' title='bbox 309 544 473 613; x_wconf 88' lang='lat' dir='ltr'><strong>cidit,</strong></span> <span class='ocrx_word' id='word_1_20' title='bbox 502 558 859 613; x_wconf 78' lang='lat' dir='ltr'><strong>regnumque</strong></span> <span class='ocrx_word' id='word_1_21' title='bbox 892 545 1016 613; x_wconf 83' lang='lat' dir='ltr'><strong>ejus</strong></span> <span class='ocrx_word' id='word_1_22' title='bbox 1049 559 1148 613; x_wconf 89' lang='lat' dir='ltr'><strong>per</strong></span> <span class='ocrx_word' id='word_1_23' title='bbox 1180 559 1388 598; x_wconf 84' lang='lat' dir='ltr'><strong>annum</strong></span> <span class='ocrx_word' id='word_1_24' title='bbox 1414 549 1471 595; x_wconf 79' lang='lat' dir='ltr'><strong>et</strong></span> <span class='ocrx_word' id='word_1_25' title='bbox 1495 558 1595 597; x_wconf 77' lang='lat' dir='ltr'><strong>sex</strong></span> <span class='ocrx_word' id='word_1_26' title='bbox 1623 556 1852 597; x_wconf 87' lang='lat' dir='ltr'><strong>menses</strong></span> <span class='ocrx_word' id='word_1_27' title='bbox 1880 540 1958 597; x_wconf 80' lang='lat' dir='ltr'><strong>te—</strong></span> 
     </span>
    </p>
   </div>
   <div class='ocr_carea' id='block_1_6' title="bbox 311 631 1953 701">
    <p class='ocr_par' dir='ltr' id='par_1_6' title="bbox 311 631 1953 701">
     <span class='ocr_line' id='line_1_6' title="bbox 311 631 1953 701; baseline -0.004 -11"><span class='ocrx_word' id='word_1_28' title='bbox 311 634 465 699; x_wconf 89' lang='lat' dir='ltr'><strong>nuit;</strong></span> <span class='ocrx_word' id='word_1_29' title='bbox 498 633 753 688; x_wconf 74' lang='lat' dir='ltr'><strong>surrexit</strong></span> <span class='ocrx_word' id='word_1_30' title='bbox 779 633 930 687; x_wconf 89' lang='lat' dir='ltr'><strong>enim</strong></span> <span class='ocrx_word' id='word_1_31' title='bbox 962 638 1165 687; x_wconf 88' lang='lat' dir='ltr'><strong>contra</strong></span> <span class='ocrx_word' id='word_1_32' title='bbox 1201 648 1328 687; x_wconf 83' lang='lat' dir='ltr'><strong>eum</strong></span> <span class='ocrx_word' id='word_1_33' title='bbox 1369 632 1732 698; x_wconf 81' lang='lat' dir='ltr'><strong>Anastasius,</strong></span> <span class='ocrx_word' id='word_1_34' title='bbox 1769 631 1865 701; x_wconf 90' lang='lat' dir='ltr'><strong>qui</strong></span> <span class='ocrx_word' id='word_1_35' title='bbox 1899 635 1953 686; x_wconf 91' lang='lat' dir='ltr'><strong>et</strong></span> 
     </span>
    </p>
   </div>
   <div class='ocr_carea' id='block_1_7' title="bbox 310 721 1960 791">
    <p class='ocr_par' dir='ltr' id='par_1_7' title="bbox 310 721 1960 791">
     <span class='ocr_line' id='line_1_7' title="bbox 310 721 1960 791; baseline -0.002 -13"><span class='ocrx_word' id='word_1_36' title='bbox 310 722 647 778; x_wconf 88' lang='lat' dir='ltr'><strong>Arthemius</strong></span> <span class='ocrx_word' id='word_1_37' title='bbox 687 722 881 777; x_wconf 91' lang='lat' dir='ltr'><strong>dictus</strong></span> <span class='ocrx_word' id='word_1_38' title='bbox 909 727 1021 787; x_wconf 91' lang='lat' dir='ltr'><strong>est,</strong></span> <span class='ocrx_word' id='word_1_39' title='bbox 1057 725 1112 775; x_wconf 93' lang='lat' dir='ltr'><strong>et</strong></span> <span class='ocrx_word' id='word_1_40' title='bbox 1147 722 1319 791; x_wconf 79' lang='lat' dir='ltr'><strong>ejrcit</strong></span> <span class='ocrx_word' id='word_1_41' title='bbox 1349 736 1477 776; x_wconf 91' lang='lat' dir='ltr'><strong>eum</strong></span> <span class='ocrx_word' id='word_1_42' title='bbox 1510 721 1580 776; x_wconf 90' lang='lat' dir='ltr'><strong>de</strong></span> <span class='ocrx_word' id='word_1_43' title='bbox 1612 735 1787 790; x_wconf 84' lang='lat' dir='ltr'><strong>regno</strong></span> <span class='ocrx_word' id='word_1_44' title='bbox 1826 736 1960 775; x_wconf 79' lang='lat' dir='ltr'><strong>ocu—</strong></span> 
     </span>
    </p>
   </div>
   <div class='ocr_carea' id='block_1_8' title="bbox 310 810 1957 882">
    <p class='ocr_par' dir='ltr' id='par_1_8' title="bbox 310 810 1957 882">
     <span class='ocr_line' id='line_1_8' title="bbox 310 810 1957 882; baseline -0.002 -15"><span class='ocrx_word' id='word_1_45' title='bbox 310 812 509 882; x_wconf 67' lang='lat' dir='ltr'><strong>losqu&quot;</strong></span> <span class='ocrx_word' id='word_1_46' title='bbox 541 810 669 881; x_wconf 86' lang='lat' dir='ltr'><strong>ejus</strong></span> <span class='ocrx_word' id='word_1_47' title='bbox 698 826 1005 881; x_wconf 91' lang='lat' dir='ltr'><strong>erumpere</strong></span> <span class='ocrx_word' id='word_1_48' title='bbox 1040 811 1192 865; x_wconf 78' lang='lat' dir='ltr'><strong>fecit.</strong></span> <span class='ocrx_word' id='word_1_49' title='bbox 1231 810 1573 866; x_wconf 72' lang='lat' dir='ltr'><strong>Anastasius</strong></span> <span class='ocrx_word' id='word_1_50' title='bbox 1605 815 1797 865; x_wconf 86' lang='lat' dir='ltr'><strong>autem</strong></span> <span class='ocrx_word' id='word_1_51' title='bbox 1827 825 1957 865; x_wconf 84' lang='lat' dir='ltr'><strong>cum</strong></span> 
     </span>
    </p>
   </div>
   <div class='ocr_carea' id='block_1_9' title="bbox 310 898 1955 965">
    <p class='ocr_par' dir='ltr' id='par_1_9' title="bbox 310 898 1955 965">
     <span class='ocr_line' id='line_1_9' title="bbox 310 898 1955 965; baseline -0.002 -8"><span class='ocrx_word' id='word_1_52' title='bbox 310 902 567 957; x_wconf 75' lang='lat' dir='ltr'><strong>mitteret</strong></span> <span class='ocrx_word' id='word_1_53' title='bbox 605 915 781 956; x_wconf 88' lang='lat' dir='ltr'><strong>naves</strong></span> <span class='ocrx_word' id='word_1_54' title='bbox 811 899 865 953; x_wconf 91' lang='lat' dir='ltr'><strong>in</strong></span> <span class='ocrx_word' id='word_1_55' title='bbox 900 898 1307 955; x_wconf 76' lang='lat' dir='ltr'><strong>Alexandriam</strong></span> <span class='ocrx_word' id='word_1_56' title='bbox 1342 903 1546 953; x_wconf 78' lang='lat' dir='ltr'><strong>contra</strong></span> <span class='ocrx_word' id='word_1_57' title='bbox 1582 900 1955 965; x_wconf 85' lang='lat' dir='ltr'><strong>Sarracenos,</strong></span> 
     </span>
    </p>
   </div>
   <div class='ocr_carea' id='block_1_10' title="bbox 309 987 1957 1058">
    <p class='ocr_par' dir='ltr' id='par_1_10' title="bbox 309 987 1957 1058">
     <span class='ocr_line' id='line_1_10' title="bbox 309 987 1957 1058; baseline -0.002 -13"><span class='ocrx_word' id='word_1_58' title='bbox 309 990 672 1046; x_wconf 88' lang='lat' dir='ltr'><strong>divertentes</strong></span> <span class='ocrx_word' id='word_1_59' title='bbox 704 988 920 1043; x_wconf 75' lang='lat' dir='ltr'><strong>milites</strong></span> <span class='ocrx_word' id='word_1_60' title='bbox 953 988 1517 1058; x_wconf 82' lang='lat' dir='ltr'><strong>Constantinopolim</strong></span> <span class='ocrx_word' id='word_1_61' title='bbox 1552 987 1957 1057; x_wconf 87' lang='lat' dir='ltr'><strong>exquisierunt</strong></span> 
     </span>
    </p>
   </div>
   <div class='ocr_carea' id='block_1_11' title="bbox 304 1076 1960 1147">
    <p class='ocr_par' dir='ltr' id='par_1_11' title="bbox 304 1076 1960 1147">
     <span class='ocr_line' id='line_1_11' title="bbox 304 1076 1960 1147; baseline -0.002 -14"><span class='ocrx_word' id='word_1_62' title='bbox 304 1077 708 1147; x_wconf 89' lang='lat' dir='ltr'><strong>Theodosium,</strong></span> <span class='ocrx_word' id='word_1_63' title='bbox 762 1076 1150 1132; x_wconf 85' lang='lat' dir='ltr'><strong>orthodoxum</strong></span> <span class='ocrx_word' id='word_1_64' title='bbox 1205 1076 1412 1141; x_wconf 89' lang='lat' dir='ltr'><strong>virum,</strong></span> <span class='ocrx_word' id='word_1_65' title='bbox 1468 1081 1527 1130; x_wconf 89' lang='lat' dir='ltr'><strong>et</strong></span> <span class='ocrx_word' id='word_1_66' title='bbox 1580 1076 1821 1131; x_wconf 90' lang='lat' dir='ltr'><strong>invitum</strong></span> <span class='ocrx_word' id='word_1_67' title='bbox 1857 1090 1960 1146; x_wconf 91' lang='lat' dir='ltr'><strong>per</strong></span> 
     </span>
    </p>
   </div>
   <div class='ocr_carea' id='block_1_12' title="bbox 305 1165 1956 1236">
    <p class='ocr_par' dir='ltr' id='par_1_12' title="bbox 305 1165 1956 1236">
     <span class='ocr_line' id='line_1_12' title="bbox 305 1165 1956 1236; baseline -0.002 -13"><span class='ocrx_word' id='word_1_68' title='bbox 305 1166 639 1227; x_wconf 86' lang='lat' dir='ltr'><strong>violentiam</strong></span> <span class='ocrx_word' id='word_1_69' title='bbox 693 1170 1016 1236; x_wconf 88' lang='lat' dir='ltr'><strong>posuerunt</strong></span> <span class='ocrx_word' id='word_1_70' title='bbox 1070 1165 1121 1219; x_wconf 93' lang='lat' dir='ltr'><strong>in</strong></span> <span class='ocrx_word' id='word_1_71' title='bbox 1176 1180 1436 1233; x_wconf 81' lang='lat' dir='ltr'><strong>regnum.</strong></span> <span class='ocrx_word' id='word_1_72' title='bbox 1502 1165 1714 1219; x_wconf 85' lang='lat' dir='ltr'><strong>Exiens</strong></span> <span class='ocrx_word' id='word_1_73' title='bbox 1763 1169 1956 1220; x_wconf 89' lang='lat' dir='ltr'><strong>autem</strong></span> 
     </span>
    </p>
   </div>
   <div class='ocr_carea' id='block_1_13' title="bbox 305 1252 1959 1323">
    <p class='ocr_par' dir='ltr' id='par_1_13' title="bbox 305 1252 1959 1323">
     <span class='ocr_line' id='line_1_13' title="bbox 305 1252 1959 1323; baseline -0.001 -14"><span class='ocrx_word' id='word_1_74' title='bbox 305 1255 454 1310; x_wconf 89' lang='lat' dir='ltr'><strong>idem</strong></span> <span class='ocrx_word' id='word_1_75' title='bbox 486 1255 848 1310; x_wconf 82' lang='lat' dir='ltr'><strong>Theodosius</strong></span> <span class='ocrx_word' id='word_1_76' title='bbox 873 1253 942 1308; x_wconf 91' lang='lat' dir='ltr'><strong>de</strong></span> <span class='ocrx_word' id='word_1_77' title='bbox 969 1252 1471 1323; x_wconf 79' lang='lat' dir='ltr'><strong>Constantinopoli</strong></span> <span class='ocrx_word' id='word_1_78' title='bbox 1500 1253 1551 1306; x_wconf 94' lang='lat' dir='ltr'><strong>in</strong></span> <span class='ocrx_word' id='word_1_79' title='bbox 1582 1252 1830 1321; x_wconf 79' lang='lat' dir='ltr'><strong>Niceam,</strong></span> <span class='ocrx_word' id='word_1_80' title='bbox 1859 1268 1959 1322; x_wconf 89' lang='lat' dir='ltr'><strong>pu-</strong></span> 
     </span>
    </p>
   </div>
   <div class='ocr_carea' id='block_1_14' title="bbox 302 1338 1957 1412">
    <p class='ocr_par' dir='ltr' id='par_1_14' title="bbox 302 1338 1957 1412">
     <span class='ocr_line' id='line_1_14' title="bbox 302 1338 1957 1412; baseline -0.001 -14"><span class='ocrx_word' id='word_1_81' title='bbox 302 1342 502 1412; x_wconf 81' lang='lat' dir='ltr'><strong>gnavit</strong></span> <span class='ocrx_word' id='word_1_82' title='bbox 524 1347 724 1398; x_wconf 84' lang='lat' dir='ltr'><strong>contra</strong></span> <span class='ocrx_word' id='word_1_83' title='bbox 754 1342 1147 1411; x_wconf 84' lang='lat' dir='ltr'><strong>Anastasium,</strong></span> <span class='ocrx_word' id='word_1_84' title='bbox 1174 1346 1234 1395; x_wconf 90' lang='lat' dir='ltr'><strong>et</strong></span> <span class='ocrx_word' id='word_1_85' title='bbox 1256 1341 1392 1395; x_wconf 88' lang='lat' dir='ltr'><strong>vicit</strong></span> <span class='ocrx_word' id='word_1_86' title='bbox 1420 1356 1571 1407; x_wconf 90' lang='lat' dir='ltr'><strong>cum,</strong></span> <span class='ocrx_word' id='word_1_87' title='bbox 1608 1338 1861 1409; x_wconf 83' lang='lat' dir='ltr'><strong>tulitque</strong></span> <span class='ocrx_word' id='word_1_88' title='bbox 1886 1341 1957 1396; x_wconf 92' lang='lat' dir='ltr'><strong>ab</strong></span> 
     </span>
    </p>
   </div>
   <div class='ocr_carea' id='block_1_15' title="bbox 302 1428 1953 1501">
    <p class='ocr_par' dir='ltr' id='par_1_15' title="bbox 302 1428 1953 1501">
     <span class='ocr_line' id='line_1_15' title="bbox 302 1428 1953 1501; baseline -0.002 -15"><span class='ocrx_word' id='word_1_89' title='bbox 302 1446 371 1486; x_wconf 91' lang='lat' dir='ltr'><strong>eo</strong></span> <span class='ocrx_word' id='word_1_90' title='bbox 407 1436 857 1501; x_wconf 78' lang='lat' dir='ltr'><strong>sacramentum,</strong></span> <span class='ocrx_word' id='word_1_91' title='bbox 893 1436 946 1483; x_wconf 83' lang='lat' dir='ltr'><strong>et</strong></span> <span class='ocrx_word' id='word_1_92' title='bbox 990 1446 1119 1485; x_wconf 89' lang='lat' dir='ltr'><strong>eum</strong></span> <span class='ocrx_word' id='word_1_93' title='bbox 1166 1429 1444 1485; x_wconf 83' lang='lat' dir='ltr'><strong>clericum</strong></span> <span class='ocrx_word' id='word_1_94' title='bbox 1500 1429 1623 1483; x_wconf 87' lang='lat' dir='ltr'><strong>ﬁeri</strong></span> <span class='ocrx_word' id='word_1_95' title='bbox 1670 1428 1862 1498; x_wconf 85' lang='lat' dir='ltr'><strong>jussit,</strong></span> <span class='ocrx_word' id='word_1_96' title='bbox 1898 1432 1953 1483; x_wconf 90' lang='lat' dir='ltr'><strong>et</strong></span> 
     </span>
    </p>
   </div>
   <div class='ocr_carea' id='block_1_16' title="bbox 302 1518 1955 1592">
    <p class='ocr_par' dir='ltr' id='par_1_16' title="bbox 302 1518 1955 1592">
     <span class='ocr_line' id='line_1_16' title="bbox 302 1518 1955 1592; baseline -0.004 -16"><span class='ocrx_word' id='word_1_97' title='bbox 302 1525 505 1591; x_wconf 85' lang='lat' dir='ltr'><strong>postea</strong></span> <span class='ocrx_word' id='word_1_98' title='bbox 560 1520 950 1592; x_wconf 87' lang='lat' dir='ltr'><strong>presbiterum</strong></span> <span class='ocrx_word' id='word_1_99' title='bbox 1002 1518 1259 1573; x_wconf 89' lang='lat' dir='ltr'><strong>ordinari</strong></span> <span class='ocrx_word' id='word_1_100' title='bbox 1314 1518 1470 1573; x_wconf 83' lang='lat' dir='ltr'><strong>fecit.</strong></span> <span class='ocrx_word' id='word_1_101' title='bbox 1504 1519 1731 1572; x_wconf 86' lang='lat' dir='ltr'><strong>Mortuo</strong></span> <span class='ocrx_word' id='word_1_102' title='bbox 1763 1521 1955 1572; x_wconf 77' lang='lat' dir='ltr'><strong>autem</strong></span> 
     </span>
    </p>
   </div>
   <div class='ocr_carea' id='block_1_17' title="bbox 300 1606 1956 1679">
    <p class='ocr_par' dir='ltr' id='par_1_17' title="bbox 300 1606 1956 1679">
     <span class='ocr_line' id='line_1_17' title="bbox 300 1606 1956 1679; baseline -0.002 -16"><span class='ocrx_word' id='word_1_103' title='bbox 300 1609 627 1665; x_wconf 91' lang='lat' dir='ltr'><strong>Theodosio</strong></span> <span class='ocrx_word' id='word_1_104' title='bbox 660 1612 792 1679; x_wconf 89' lang='lat' dir='ltr'><strong>post</strong></span> <span class='ocrx_word' id='word_1_105' title='bbox 816 1622 1023 1664; x_wconf 91' lang='lat' dir='ltr'><strong>annum</strong></span> <span class='ocrx_word' id='word_1_106' title='bbox 1059 1622 1254 1677; x_wconf 89' lang='lat' dir='ltr'><strong>unum,</strong></span> <span class='ocrx_word' id='word_1_107' title='bbox 1291 1608 1402 1663; x_wconf 89' lang='lat' dir='ltr'><strong>Leo</strong></span> <span class='ocrx_word' id='word_1_108' title='bbox 1438 1607 1623 1662; x_wconf 84' lang='lat' dir='ltr'><strong>factus</strong></span> <span class='ocrx_word' id='word_1_109' title='bbox 1655 1610 1743 1661; x_wconf 87' lang='lat' dir='ltr'><strong>est</strong></span> <span class='ocrx_word' id='word_1_110' title='bbox 1782 1606 1956 1677; x_wconf 90' lang='lat' dir='ltr'><strong>impe-</strong></span> 
     </span>
    </p>
   </div>
   <div class='ocr_carea' id='block_1_18' title="bbox 304 1702 485 1754">
    <p class='ocr_par' dir='ltr' id='par_1_18' title="bbox 304 1702 485 1754">
     <span class='ocr_line' id='line_1_18' title="bbox 304 1702 485 1754; baseline -0.011 0"><span class='ocrx_word' id='word_1_111' title='bbox 304 1702 485 1754; x_wconf 88' lang='lat' dir='ltr'><strong>rator.</strong></span> 
     </span>
    </p>
   </div>
   <div class='ocr_carea' id='block_1_19' title="bbox 374 1784 1955 1858">
    <p class='ocr_par' dir='ltr' id='par_1_19' title="bbox 374 1784 1955 1858">
     <span class='ocr_line' id='line_1_19' title="bbox 374 1784 1955 1858; baseline -0.002 -16"><span class='ocrx_word' id='word_1_112' title='bbox 374 1787 539 1858; x_wconf 88' lang='lat' dir='ltr'><strong>Apud</strong></span> <span class='ocrx_word' id='word_1_113' title='bbox 584 1801 825 1856; x_wconf 79' lang='lat' dir='ltr'><strong>regnum</strong></span> <span class='ocrx_word' id='word_1_114' title='bbox 861 1788 1210 1841; x_wconf 82' lang='lat' dir='ltr'><strong>Francorum</strong></span> <span class='ocrx_word' id='word_1_115' title='bbox 1246 1784 1346 1839; x_wconf 89' lang='lat' dir='ltr'><strong>illo</strong></span> <span class='ocrx_word' id='word_1_116' title='bbox 1378 1784 1432 1839; x_wconf 89' lang='lat' dir='ltr'><strong>in</strong></span> <span class='ocrx_word' id='word_1_117' title='bbox 1467 1789 1731 1854; x_wconf 88' lang='lat' dir='ltr'><strong>tempore</strong></span> <span class='ocrx_word' id='word_1_118' title='bbox 1763 1785 1955 1855; x_wconf 85' lang='lat' dir='ltr'><strong>Pippi-</strong></span> 
     </span>
    </p>
   </div>
   <div class='ocr_carea' id='block_1_20' title="bbox 302 1874 1953 1945">
    <p class='ocr_par' dir='ltr' id='par_1_20' title="bbox 302 1874 1953 1945">
     <span class='ocr_line' id='line_1_20' title="bbox 302 1874 1953 1945; baseline -0.001 -12"><span class='ocrx_word' id='word_1_119' title='bbox 302 1892 410 1933; x_wconf 77' lang='lat' dir='ltr'><strong>nus</strong></span> <span class='ocrx_word' id='word_1_120' title='bbox 456 1876 742 1945; x_wconf 80' lang='lat' dir='ltr'><strong>regnavit,</strong></span> <span class='ocrx_word' id='word_1_121' title='bbox 787 1875 882 1945; x_wconf 91' lang='lat' dir='ltr'><strong>qui</strong></span> <span class='ocrx_word' id='word_1_122' title='bbox 928 1875 1032 1931; x_wconf 81' lang='lat' dir='ltr'><strong>fuit</strong></span> <span class='ocrx_word' id='word_1_123' title='bbox 1077 1875 1310 1929; x_wconf 91' lang='lat' dir='ltr'><strong>nimium</strong></span> <span class='ocrx_word' id='word_1_124' title='bbox 1364 1874 1553 1929; x_wconf 88' lang='lat' dir='ltr'><strong>audax</strong></span> <span class='ocrx_word' id='word_1_125' title='bbox 1606 1888 1953 1944; x_wconf 83' lang='lat' dir='ltr'><strong>semperque</strong></span> 
     </span>
    </p>
   </div>
   <div class='ocr_carea' id='block_1_21' title="bbox 302 1962 1953 2033">
    <p class='ocr_par' dir='ltr' id='par_1_21' title="bbox 302 1962 1953 2033">
     <span class='ocr_line' id='line_1_21' title="bbox 302 1962 1953 2033; baseline -0.001 -12"><span class='ocrx_word' id='word_1_126' title='bbox 302 1967 372 2021; x_wconf 89' lang='lat' dir='ltr'><strong>ab</strong></span> <span class='ocrx_word' id='word_1_127' title='bbox 402 1965 672 2021; x_wconf 82' lang='lat' dir='ltr'><strong>hostibus</strong></span> <span class='ocrx_word' id='word_1_128' title='bbox 704 1964 1007 2020; x_wconf 88' lang='lat' dir='ltr'><strong>victoriam</strong></span> <span class='ocrx_word' id='word_1_129' title='bbox 1040 1963 1261 2020; x_wconf 86' lang='lat' dir='ltr'><strong>habuit.</strong></span> <span class='ocrx_word' id='word_1_130' title='bbox 1303 1963 1401 2017; x_wconf 90' lang='lat' dir='ltr'><strong>llic</strong></span> <span class='ocrx_word' id='word_1_131' title='bbox 1426 1962 1628 2018; x_wconf 81' lang='lat' dir='ltr'><strong>habuit</strong></span> <span class='ocrx_word' id='word_1_132' title='bbox 1654 1962 1822 2033; x_wconf 81' lang='lat' dir='ltr'><strong>ﬁlios,</strong></span> <span class='ocrx_word' id='word_1_133' title='bbox 1851 1964 1953 2020; x_wconf 90' lang='lat' dir='ltr'><strong>sed</strong></span> 
     </span>
    </p>
   </div>
   <div class='ocr_carea' id='block_1_22' title="bbox 300 2052 1952 2124">
    <p class='ocr_par' dir='ltr' id='par_1_22' title="bbox 300 2052 1952 2124">
     <span class='ocr_line' id='line_1_22' title="bbox 300 2052 1952 2124; baseline -0.002 -15"><span class='ocrx_word' id='word_1_134' title='bbox 300 2068 372 2109; x_wconf 89' lang='lat' dir='ltr'><strong>ex</strong></span> <span class='ocrx_word' id='word_1_135' title='bbox 390 2054 477 2109; x_wconf 91' lang='lat' dir='ltr'><strong>eis</strong></span> <span class='ocrx_word' id='word_1_136' title='bbox 498 2052 743 2108; x_wconf 85' lang='lat' dir='ltr'><strong>Karolus</strong></span> <span class='ocrx_word' id='word_1_137' title='bbox 763 2053 1021 2124; x_wconf 90' lang='lat' dir='ltr'><strong>optimus</strong></span> <span class='ocrx_word' id='word_1_138' title='bbox 1040 2052 1257 2122; x_wconf 80' lang='lat' dir='ltr'><strong>extitit,</strong></span> <span class='ocrx_word' id='word_1_139' title='bbox 1282 2052 1377 2122; x_wconf 90' lang='lat' dir='ltr'><strong>qui</strong></span> <span class='ocrx_word' id='word_1_140' title='bbox 1407 2056 1536 2122; x_wconf 91' lang='lat' dir='ltr'><strong>post</strong></span> <span class='ocrx_word' id='word_1_141' title='bbox 1556 2066 1685 2106; x_wconf 91' lang='lat' dir='ltr'><strong>eum</strong></span> <span class='ocrx_word' id='word_1_142' title='bbox 1711 2066 1952 2121; x_wconf 83' lang='lat' dir='ltr'><strong>regnum</strong></span> 
     </span>
    </p>
   </div>
   <div class='ocr_carea' id='block_1_23' title="bbox 299 2142 973 2213">
    <p class='ocr_par' dir='ltr' id='par_1_23' title="bbox 299 2142 973 2213">
     <span class='ocr_line' id='line_1_23' title="bbox 299 2142 973 2213; baseline -0.007 -14"><span class='ocrx_word' id='word_1_143' title='bbox 299 2142 543 2213; x_wconf 87' lang='lat' dir='ltr'><strong>accepit.</strong></span> <span class='ocrx_word' id='word_1_144' title='bbox 966 2162 973 2167; x_wconf 86' lang='grc'><strong>·</strong></span> 
     </span>
    </p>
   </div>
   <div class='ocr_carea' id='block_1_24' title="bbox 371 2228 1953 2302">
    <p class='ocr_par' dir='ltr' id='par_1_24' title="bbox 371 2228 1953 2302">
     <span class='ocr_line' id='line_1_24' title="bbox 371 2228 1953 2302; baseline -0.002 -16"><span class='ocrx_word' id='word_1_145' title='bbox 371 2232 538 2286; x_wconf 89' lang='lat' dir='ltr'><strong>Circa</strong></span> <span class='ocrx_word' id='word_1_146' title='bbox 562 2231 685 2287; x_wconf 68' lang='lat' dir='ltr'><strong>haec</strong></span> <span class='ocrx_word' id='word_1_147' title='bbox 708 2234 971 2302; x_wconf 89' lang='lat' dir='ltr'><strong>tempora</strong></span> <span class='ocrx_word' id='word_1_148' title='bbox 997 2233 1385 2301; x_wconf 87' lang='lat' dir='ltr'><strong>compunctus</strong></span> <span class='ocrx_word' id='word_1_149' title='bbox 1409 2228 1605 2285; x_wconf 91' lang='lat' dir='ltr'><strong>divino</strong></span> <span class='ocrx_word' id='word_1_150' title='bbox 1630 2243 1826 2285; x_wconf 90' lang='lat' dir='ltr'><strong>amore</strong></span> <span class='ocrx_word' id='word_1_151' title='bbox 1850 2231 1953 2283; x_wconf 87' lang='lat' dir='ltr'><strong>Pa-</strong></span> 
     </span>
    </p>
   </div>
   <div class='ocr_carea' id='block_1_25' title="bbox 294 2318 1952 2388">
    <p class='ocr_par' dir='ltr' id='par_1_25' title="bbox 294 2318 1952 2388">
     <span class='ocr_line' id='line_1_25' title="bbox 294 2318 1952 2388; baseline -0.002 -14"><span class='ocrx_word' id='word_1_152' title='bbox 294 2325 505 2377; x_wconf 88' lang='lat' dir='ltr'><strong>tronax</strong></span> <span class='ocrx_word' id='word_1_153' title='bbox 540 2320 610 2375; x_wconf 87' lang='lat' dir='ltr'><strong>de</strong></span> <span class='ocrx_word' id='word_1_154' title='bbox 645 2319 834 2374; x_wconf 78' lang='lat' dir='ltr'><strong>Brixia</strong></span> <span class='ocrx_word' id='word_1_155' title='bbox 879 2318 1037 2374; x_wconf 89' lang='lat' dir='ltr'><strong>venit</strong></span> <span class='ocrx_word' id='word_1_156' title='bbox 1073 2319 1333 2387; x_wconf 85' lang='lat' dir='ltr'><strong>Romam,</strong></span> <span class='ocrx_word' id='word_1_157' title='bbox 1368 2324 1423 2373; x_wconf 92' lang='lat' dir='ltr'><strong>et</strong></span> <span class='ocrx_word' id='word_1_158' title='bbox 1460 2333 1564 2388; x_wconf 87' lang='lat' dir='ltr'><strong>per</strong></span> <span class='ocrx_word' id='word_1_159' title='bbox 1592 2318 1952 2373; x_wconf 84' lang='lat' dir='ltr'><strong>exhortatio-</strong></span> 
     </span>
    </p>
   </div>
   <div class='ocr_carea' id='block_1_26' title="bbox 296 2406 1950 2478">
    <p class='ocr_par' dir='ltr' id='par_1_26' title="bbox 296 2406 1950 2478">
     <span class='ocr_line' id='line_1_26' title="bbox 296 2406 1950 2478; baseline -0.002 -14"><span class='ocrx_word' id='word_1_160' title='bbox 296 2424 424 2464; x_wconf 92' lang='lat' dir='ltr'><strong>nem</strong></span> <span class='ocrx_word' id='word_1_161' title='bbox 460 2407 548 2441; x_wconf 69' lang='grc'><strong>³0⁵³</strong></span> <span class='ocrx_word' id='word_1_162' title='bbox 584 2408 738 2463; x_wconf 87' lang='lat' dir='ltr'><strong>beati</strong></span> <span class='ocrx_word' id='word_1_163' title='bbox 772 2407 1057 2477; x_wconf 80' lang='lat' dir='ltr'><strong>Gregorii,</strong></span> <span class='ocrx_word' id='word_1_164' title='bbox 1093 2412 1233 2463; x_wconf 91' lang='lat' dir='ltr'><strong>tunc</strong></span> <span class='ocrx_word' id='word_1_165' title='bbox 1268 2407 1550 2477; x_wconf 81' lang='lat' dir='ltr'><strong>temporis</strong></span> <span class='ocrx_word' id='word_1_166' title='bbox 1573 2421 1760 2478; x_wconf 74' lang='lat' dir='ltr'><strong>papm,</strong></span> <span class='ocrx_word' id='word_1_167' title='bbox 1797 2406 1950 2461; x_wconf 88' lang='lat' dir='ltr'><strong>venit</strong></span> 
     </span>
    </p>
   </div>
   <div class='ocr_carea' id='block_1_27' title="bbox 294 2495 1949 2566">
    <p class='ocr_par' dir='ltr' id='par_1_27' title="bbox 294 2495 1949 2566">
     <span class='ocr_line' id='line_1_27' title="bbox 294 2495 1949 2566; baseline -0.001 -14"><span class='ocrx_word' id='word_1_168' title='bbox 294 2498 350 2552; x_wconf 91' lang='lat' dir='ltr'><strong>in</strong></span> <span class='ocrx_word' id='word_1_169' title='bbox 383 2497 679 2553; x_wconf 86' lang='lat' dir='ltr'><strong>Cassinum</strong></span> <span class='ocrx_word' id='word_1_170' title='bbox 723 2503 1006 2565; x_wconf 90' lang='lat' dir='ltr'><strong>castrum,</strong></span> <span class='ocrx_word' id='word_1_171' title='bbox 1048 2495 1344 2566; x_wconf 77' lang='lat' dir='ltr'><strong>ccepitque</strong></span> <span class='ocrx_word' id='word_1_172' title='bbox 1389 2496 1463 2548; x_wconf 89' lang='lat' dir='ltr'><strong>ibi</strong></span> <span class='ocrx_word' id='word_1_173' title='bbox 1508 2496 1776 2550; x_wconf 86' lang='lat' dir='ltr'><strong>habitare</strong></span> <span class='ocrx_word' id='word_1_174' title='bbox 1818 2510 1949 2551; x_wconf 90' lang='lat' dir='ltr'><strong>cum</strong></span> 
     </span>
    </p>
   </div>
   <div class='ocr_carea' id='block_1_28' title="bbox 294 2583 1946 2657">
    <p class='ocr_par' dir='ltr' id='par_1_28' title="bbox 294 2583 1946 2657">
     <span class='ocr_line' id='line_1_28' title="bbox 294 2583 1946 2657; baseline -0.002 -17"><span class='ocrx_word' id='word_1_175' title='bbox 294 2584 660 2657; x_wconf 86' lang='lat' dir='ltr'><strong>simplicibus</strong></span> <span class='ocrx_word' id='word_1_176' title='bbox 680 2584 1029 2653; x_wconf 90' lang='lat' dir='ltr'><strong>hominibus,</strong></span> <span class='ocrx_word' id='word_1_177' title='bbox 1058 2585 1152 2653; x_wconf 83' lang='lat' dir='ltr'><strong>qui</strong></span> <span class='ocrx_word' id='word_1_178' title='bbox 1179 2588 1318 2639; x_wconf 89' lang='lat' dir='ltr'><strong>tunc</strong></span> <span class='ocrx_word' id='word_1_179' title='bbox 1346 2583 1422 2637; x_wconf 89' lang='lat' dir='ltr'><strong>ibi</strong></span> <span class='ocrx_word' id='word_1_180' title='bbox 1451 2584 1804 2639; x_wconf 84' lang='lat' dir='ltr'><strong>residebant.</strong></span> <span class='ocrx_word' id='word_1_181' title='bbox 1840 2583 1946 2649; x_wconf 88' lang='lat' dir='ltr'><strong>Qui</strong></span> 
     </span>
    </p>
   </div>
   <div class='ocr_carea' id='block_1_29' title="bbox 294 2672 1950 2731">
    <p class='ocr_par' dir='ltr' id='par_1_29' title="bbox 294 2672 1950 2731">
     <span class='ocr_line' id='line_1_29' title="bbox 294 2672 1950 2731; baseline -0.001 -2"><span class='ocrx_word' id='word_1_182' title='bbox 294 2673 504 2729; x_wconf 86' lang='lat' dir='ltr'><strong>deinde</strong></span> <span class='ocrx_word' id='word_1_183' title='bbox 533 2674 777 2731; x_wconf 89' lang='lat' dir='ltr'><strong>eundem</strong></span> <span class='ocrx_word' id='word_1_184' title='bbox 810 2672 1200 2728; x_wconf 83' lang='lat' dir='ltr'><strong>venerabilem</strong></span> <span class='ocrx_word' id='word_1_185' title='bbox 1237 2673 1423 2727; x_wconf 88' lang='lat' dir='ltr'><strong>virum</strong></span> <span class='ocrx_word' id='word_1_186' title='bbox 1461 2674 1835 2728; x_wconf 83' lang='lat' dir='ltr'><strong>Petronaccm</strong></span> <span class='ocrx_word' id='word_1_187' title='bbox 1874 2673 1950 2727; x_wconf 87' lang='lat' dir='ltr'><strong>le-</strong></span> 
     </span>
    </p>
   </div>
   <div class='ocr_carea' id='block_1_30' title="bbox 293 2761 1944 2831">
    <p class='ocr_par' dir='ltr' id='par_1_30' title="bbox 293 2761 1944 2831">
     <span class='ocr_line' id='line_1_30' title="bbox 293 2761 1944 2831; baseline -0.002 -12"><span class='ocrx_word' id='word_1_188' title='bbox 293 2767 500 2819; x_wconf 88' lang='lat' dir='ltr'><strong>eeruut</strong></span> <span class='ocrx_word' id='word_1_189' title='bbox 531 2762 642 2817; x_wconf 89' lang='lat' dir='ltr'><strong>sibi</strong></span> <span class='ocrx_word' id='word_1_190' title='bbox 676 2763 986 2817; x_wconf 87' lang='lat' dir='ltr'><strong>seniorem.</strong></span> <span class='ocrx_word' id='word_1_191' title='bbox 1041 2763 1354 2831; x_wconf 86' lang='lat' dir='ltr'><strong>Coeperunt</strong></span> <span class='ocrx_word' id='word_1_192' title='bbox 1400 2767 1592 2816; x_wconf 90' lang='lat' dir='ltr'><strong>autem</strong></span> <span class='ocrx_word' id='word_1_193' title='bbox 1644 2762 1840 2817; x_wconf 90' lang='lat' dir='ltr'><strong>statim</strong></span> <span class='ocrx_word' id='word_1_194' title='bbox 1876 2761 1944 2815; x_wconf 93' lang='lat' dir='ltr'><strong>ad</strong></span> 
     </span>
    </p>
   </div>
   <div class='ocr_carea' id='block_1_31' title="bbox 294 2848 1948 2919">
    <p class='ocr_par' dir='ltr' id='par_1_31' title="bbox 294 2848 1948 2919">
     <span class='ocr_line' id='line_1_31' title="bbox 294 2848 1948 2919; baseline -0.001 -14"><span class='ocrx_word' id='word_1_195' title='bbox 294 2866 425 2906; x_wconf 91' lang='lat' dir='ltr'><strong>eum</strong></span> <span class='ocrx_word' id='word_1_196' title='bbox 456 2864 813 2905; x_wconf 89' lang='lat' dir='ltr'><strong>concurrere</strong></span> <span class='ocrx_word' id='word_1_197' title='bbox 848 2848 1013 2904; x_wconf 88' lang='lat' dir='ltr'><strong>multi</strong></span> <span class='ocrx_word' id='word_1_198' title='bbox 1041 2849 1144 2903; x_wconf 92' lang='lat' dir='ltr'><strong>viri</strong></span> <span class='ocrx_word' id='word_1_199' title='bbox 1174 2850 1420 2917; x_wconf 79' lang='lat' dir='ltr'><strong>nobiles,</strong></span> <span class='ocrx_word' id='word_1_200' title='bbox 1447 2855 1506 2904; x_wconf 85' lang='lat' dir='ltr'><strong>ct</strong></span> <span class='ocrx_word' id='word_1_201' title='bbox 1530 2850 1841 2919; x_wconf 76' lang='lat' dir='ltr'><strong>adiuvante</strong></span> <span class='ocrx_word' id='word_1_202' title='bbox 1867 2850 1948 2907; x_wconf 90' lang='lat' dir='ltr'><strong>di-</strong></span> 
     </span>
    </p>
   </div>
   <div class='ocr_carea' id='block_1_32' title="bbox 293 2936 1948 3008">
    <p class='ocr_par' dir='ltr' id='par_1_32' title="bbox 293 2936 1948 3008">
     <span class='ocr_line' id='line_1_32' title="bbox 293 2936 1948 3008; baseline 0 -14"><span class='ocrx_word' id='word_1_203' title='bbox 293 2939 424 2994; x_wconf 90' lang='lat' dir='ltr'><strong>vina</strong></span> <span class='ocrx_word' id='word_1_204' title='bbox 455 2938 667 3007; x_wconf 89' lang='lat' dir='ltr'><strong>gratia,</strong></span> <span class='ocrx_word' id='word_1_205' title='bbox 700 2951 804 3008; x_wconf 89' lang='lat' dir='ltr'><strong>pro</strong></span> <span class='ocrx_word' id='word_1_206' title='bbox 838 2936 1065 2991; x_wconf 85' lang='lat' dir='ltr'><strong>meritis</strong></span> <span class='ocrx_word' id='word_1_207' title='bbox 1102 2937 1254 2991; x_wconf 91' lang='lat' dir='ltr'><strong>beati</strong></span> <span class='ocrx_word' id='word_1_208' title='bbox 1292 2938 1473 3007; x_wconf 88' lang='lat' dir='ltr'><strong>patris</strong></span> <span class='ocrx_word' id='word_1_209' title='bbox 1508 2938 1823 3004; x_wconf 85' lang='lat' dir='ltr'><strong>Benedicti,</strong></span> <span class='ocrx_word' id='word_1_210' title='bbox 1861 2954 1948 2994; x_wconf 90' lang='lat' dir='ltr'><strong>re-</strong></span> 
     </span>
    </p>
   </div>
   <div class='ocr_carea' id='block_1_33' title="bbox 293 3024 1945 3099">
    <p class='ocr_par' dir='ltr' id='par_1_33' title="bbox 293 3024 1945 3099">
     <span class='ocr_line' id='line_1_33' title="bbox 293 3024 1945 3099; baseline 0 -17"><span class='ocrx_word' id='word_1_211' title='bbox 293 3027 522 3099; x_wconf 88' lang='lat' dir='ltr'><strong>paravit</strong></span> <span class='ocrx_word' id='word_1_212' title='bbox 555 3026 748 3097; x_wconf 85' lang='lat' dir='ltr'><strong>priora</strong></span> <span class='ocrx_word' id='word_1_213' title='bbox 780 3024 1132 3087; x_wconf 88' lang='lat' dir='ltr'><strong>habitaeula,</strong></span> <span class='ocrx_word' id='word_1_214' title='bbox 1161 3025 1479 3095; x_wconf 87' lang='lat' dir='ltr'><strong>vivensque</strong></span> <span class='ocrx_word' id='word_1_215' title='bbox 1513 3042 1641 3081; x_wconf 92' lang='lat' dir='ltr'><strong>cum</strong></span> <span class='ocrx_word' id='word_1_216' title='bbox 1676 3028 1945 3083; x_wconf 89' lang='lat' dir='ltr'><strong>omnibus</strong></span> 
     </span>
    </p>
   </div>
   <div class='ocr_carea' id='block_1_34' title="bbox 293 3113 1942 3186">
    <p class='ocr_par' dir='ltr' id='par_1_34' title="bbox 293 3113 1942 3186">
     <span class='ocr_line' id='line_1_34' title="bbox 293 3113 1942 3186; baseline -0.001 -14"><span class='ocrx_word' id='word_1_217' title='bbox 293 3117 403 3172; x_wconf 90' lang='lat' dir='ltr'><strong>sub</strong></span> <span class='ocrx_word' id='word_1_218' title='bbox 431 3116 572 3186; x_wconf 87' lang='lat' dir='ltr'><strong>jugo</strong></span> <span class='ocrx_word' id='word_1_219' title='bbox 606 3120 824 3170; x_wconf 67' lang='lat' dir='ltr'><strong>sanctw</strong></span> <span class='ocrx_word' id='word_1_220' title='bbox 863 3113 1080 3184; x_wconf 65' lang='lat' dir='ltr'><strong>regulae</strong></span> <span class='ocrx_word' id='word_1_221' title='bbox 1123 3114 1440 3169; x_wconf 89' lang='lat' dir='ltr'><strong>secundum</strong></span> <span class='ocrx_word' id='word_1_222' title='bbox 1485 3116 1747 3171; x_wconf 88' lang='lat' dir='ltr'><strong>ordinem</strong></span> <span class='ocrx_word' id='word_1_223' title='bbox 1790 3117 1942 3171; x_wconf 89' lang='lat' dir='ltr'><strong>beati</strong></span> 
     </span>
    </p>
   </div>
   <div class='ocr_carea' id='block_1_35' title="bbox 294 3197 2024 3271">
    <p class='ocr_par' dir='ltr' id='par_1_35' title="bbox 294 3197 2024 3271">
     <span class='ocr_line' id='line_1_35' title="bbox 294 3197 2024 3271; baseline 0 -13"><span class='ocrx_word' id='word_1_224' title='bbox 294 3204 613 3271; x_wconf 85' lang='lat' dir='ltr'><strong>Benedicti,</strong></span> <span class='ocrx_word' id='word_1_225' title='bbox 669 3209 935 3259; x_wconf 87' lang='lat' dir='ltr'><strong>sanetum</strong></span> <span class='ocrx_word' id='word_1_226' title='bbox 980 3202 1123 3259; x_wconf 90' lang='lat' dir='ltr'><strong>illud</strong></span> <span class='ocrx_word' id='word_1_227' title='bbox 1168 3204 1585 3259; x_wconf 85' lang='lat' dir='ltr'><strong>monasterium</strong></span> <span class='ocrx_word' id='word_1_228' title='bbox 1619 3204 1691 3259; x_wconf 89' lang='lat' dir='ltr'><strong>ad</strong></span> <span class='ocrx_word' id='word_1_229' title='bbox 1732 3206 1943 3262; x_wconf 89' lang='lat' dir='ltr'><strong>bonum</strong></span> <span class='ocrx_word' id='word_1_230' title='bbox 1978 3197 2024 3258; x_wconf 80' lang='lat' dir='ltr'><strong>C</strong></span> 
     </span>
    </p>
   </div>
   <div class='ocr_carea' id='block_1_36' title="bbox 291 3292 1945 3363">
    <p class='ocr_par' dir='ltr' id='par_1_36' title="bbox 291 3292 1945 3363">
     <span class='ocr_line' id='line_1_36' title="bbox 291 3292 1945 3363; baseline 0.001 -15"><span class='ocrx_word' id='word_1_231' title='bbox 291 3292 650 3363; x_wconf 84' lang='lat' dir='ltr'><strong>perduxerat</strong></span> <span class='ocrx_word' id='word_1_232' title='bbox 673 3296 911 3348; x_wconf 91' lang='lat' dir='ltr'><strong>statum.</strong></span> <span class='ocrx_word' id='word_1_233' title='bbox 943 3292 1085 3348; x_wconf 86' lang='lat' dir='ltr'><strong>Huic</strong></span> <span class='ocrx_word' id='word_1_234' title='bbox 1106 3293 1424 3348; x_wconf 88' lang='lat' dir='ltr'><strong>venerabili</strong></span> <span class='ocrx_word' id='word_1_235' title='bbox 1454 3293 1577 3348; x_wconf 89' lang='lat' dir='ltr'><strong>viro</strong></span> <span class='ocrx_word' id='word_1_236' title='bbox 1602 3294 1781 3350; x_wconf 91' lang='lat' dir='ltr'><strong>multa</strong></span> <span class='ocrx_word' id='word_1_237' title='bbox 1810 3294 1945 3350; x_wconf 82' lang='lat' dir='ltr'><strong>fecit</strong></span> 
     </span>
    </p>
   </div>
   <div class='ocr_carea' id='block_1_37' title="bbox 291 3381 1946 3453">
    <p class='ocr_par' dir='ltr' id='par_1_37' title="bbox 291 3381 1946 3453">
     <span class='ocr_line' id='line_1_37' title="bbox 291 3381 1946 3453; baseline 0 -16"><span class='ocrx_word' id='word_1_238' title='bbox 291 3381 583 3451; x_wconf 82' lang='lat' dir='ltr'><strong>adjutoria</strong></span> <span class='ocrx_word' id='word_1_239' title='bbox 625 3381 879 3437; x_wconf 90' lang='lat' dir='ltr'><strong>dilectus</strong></span> <span class='ocrx_word' id='word_1_240' title='bbox 917 3383 1034 3437; x_wconf 90' lang='lat' dir='ltr'><strong>Deo</strong></span> <span class='ocrx_word' id='word_1_241' title='bbox 1075 3382 1383 3438; x_wconf 87' lang='lat' dir='ltr'><strong>Zacharias</strong></span> <span class='ocrx_word' id='word_1_242' title='bbox 1417 3398 1583 3453; x_wconf 89' lang='lat' dir='ltr'><strong>papa,</strong></span> <span class='ocrx_word' id='word_1_243' title='bbox 1620 3382 1765 3439; x_wconf 89' lang='lat' dir='ltr'><strong>dans</strong></span> <span class='ocrx_word' id='word_1_244' title='bbox 1796 3383 1846 3438; x_wconf 92' lang='lat' dir='ltr'><strong>ei</strong></span> <span class='ocrx_word' id='word_1_245' title='bbox 1882 3384 1946 3438; x_wconf 90' lang='lat' dir='ltr'><strong>li-</strong></span> 
     </span>
    </p>
   </div>
   <div class='ocr_carea' id='block_1_38' title="bbox 292 3471 1945 3542">
    <p class='ocr_par' dir='ltr' id='par_1_38' title="bbox 292 3471 1945 3542">
     <span class='ocr_line' id='line_1_38' title="bbox 292 3471 1945 3542; baseline 0.001 -15"><span class='ocrx_word' id='word_1_246' title='bbox 292 3472 431 3527; x_wconf 90' lang='lat' dir='ltr'><strong>bros</strong></span> <span class='ocrx_word' id='word_1_247' title='bbox 455 3476 671 3528; x_wconf 67' lang='lat' dir='ltr'><strong>sanetae</strong></span> <span class='ocrx_word' id='word_1_248' title='bbox 695 3472 1006 3542; x_wconf 75' lang='lat' dir='ltr'><strong>scripturae</strong></span> <span class='ocrx_word' id='word_1_249' title='bbox 1030 3478 1090 3526; x_wconf 92' lang='lat' dir='ltr'><strong>et</strong></span> <span class='ocrx_word' id='word_1_250' title='bbox 1113 3471 1222 3526; x_wconf 89' lang='lat' dir='ltr'><strong>alia</strong></span> <span class='ocrx_word' id='word_1_251' title='bbox 1246 3486 1372 3541; x_wconf 77' lang='lat' dir='ltr'><strong>qua:</strong></span> <span class='ocrx_word' id='word_1_252' title='bbox 1394 3472 1462 3526; x_wconf 89' lang='lat' dir='ltr'><strong>ad</strong></span> <span class='ocrx_word' id='word_1_253' title='bbox 1491 3472 1805 3527; x_wconf 87' lang='lat' dir='ltr'><strong>utilitatem</strong></span> <span class='ocrx_word' id='word_1_254' title='bbox 1830 3489 1945 3529; x_wconf 91' lang='lat' dir='ltr'><strong>mo-</strong></span> 
     </span>
    </p>
   </div>
   <div class='ocr_carea' id='block_1_39' title="bbox 289 3559 1947 3631">
    <p class='ocr_par' dir='ltr' id='par_1_39' title="bbox 289 3559 1947 3631">
     <span class='ocr_line' id='line_1_39' title="bbox 289 3559 1947 3631; baseline 0.001 -15"><span class='ocrx_word' id='word_1_255' title='bbox 289 3560 533 3616; x_wconf 89' lang='lat' dir='ltr'><strong>nasterii</strong></span> <span class='ocrx_word' id='word_1_256' title='bbox 560 3560 879 3631; x_wconf 84' lang='lat' dir='ltr'><strong>pertinent,</strong></span> <span class='ocrx_word' id='word_1_257' title='bbox 900 3559 1137 3629; x_wconf 89' lang='lat' dir='ltr'><strong>insuper</strong></span> <span class='ocrx_word' id='word_1_258' title='bbox 1156 3564 1212 3614; x_wconf 89' lang='lat' dir='ltr'><strong>et</strong></span> <span class='ocrx_word' id='word_1_259' title='bbox 1235 3560 1515 3629; x_wconf 88' lang='lat' dir='ltr'><strong>regulam,</strong></span> <span class='ocrx_word' id='word_1_260' title='bbox 1544 3576 1712 3631; x_wconf 89' lang='lat' dir='ltr'><strong>quam</strong></span> <span class='ocrx_word' id='word_1_261' title='bbox 1741 3563 1947 3618; x_wconf 89' lang='lat' dir='ltr'><strong>beatus</strong></span> 
     </span>
    </p>
   </div>
   <div class='ocr_carea' id='block_1_40' title="bbox 291 3648 1946 3721">
    <p class='ocr_par' dir='ltr' id='par_1_40' title="bbox 291 3648 1946 3721">
     <span class='ocr_line' id='line_1_40' title="bbox 291 3648 1946 3721; baseline 0.002 -17"><span class='ocrx_word' id='word_1_262' title='bbox 291 3654 458 3721; x_wconf 88' lang='lat' dir='ltr'><strong>pater</strong></span> <span class='ocrx_word' id='word_1_263' title='bbox 484 3649 834 3704; x_wconf 86' lang='lat' dir='ltr'><strong>Benedictus</strong></span> <span class='ocrx_word' id='word_1_264' title='bbox 867 3649 1134 3703; x_wconf 89' lang='lat' dir='ltr'><strong>manibus</strong></span> <span class='ocrx_word' id='word_1_265' title='bbox 1165 3648 1285 3703; x_wconf 90' lang='lat' dir='ltr'><strong>suis</strong></span> <span class='ocrx_word' id='word_1_266' title='bbox 1317 3649 1577 3719; x_wconf 88' lang='lat' dir='ltr'><strong>scripsit.</strong></span> <span class='ocrx_word' id='word_1_267' title='bbox 1615 3651 1698 3705; x_wconf 88' lang='lat' dir='ltr'><strong>Ab</strong></span> <span class='ocrx_word' id='word_1_268' title='bbox 1724 3650 1824 3707; x_wconf 92' lang='lat' dir='ltr'><strong>illo</strong></span> <span class='ocrx_word' id='word_1_269' title='bbox 1850 3667 1946 3707; x_wconf 86' lang='lat' dir='ltr'><strong>au-</strong></span> 
     </span>
    </p>
   </div>
   <div class='ocr_carea' id='block_1_41' title="bbox 289 3736 1945 3807">
    <p class='ocr_par' dir='ltr' id='par_1_41' title="bbox 289 3736 1945 3807">
     <span class='ocr_line' id='line_1_41' title="bbox 289 3736 1945 3807; baseline 0.002 -15"><span class='ocrx_word' id='word_1_270' title='bbox 289 3744 406 3794; x_wconf 90' lang='lat' dir='ltr'><strong>tem</strong></span> <span class='ocrx_word' id='word_1_271' title='bbox 438 3741 723 3807; x_wconf 89' lang='lat' dir='ltr'><strong>tempore,</strong></span> <span class='ocrx_word' id='word_1_272' title='bbox 757 3751 829 3791; x_wconf 90' lang='lat' dir='ltr'><strong>cx</strong></span> <span class='ocrx_word' id='word_1_273' title='bbox 853 3752 967 3807; x_wconf 92' lang='lat' dir='ltr'><strong>quo</strong></span> <span class='ocrx_word' id='word_1_274' title='bbox 1000 3736 1167 3793; x_wconf 89' lang='lat' dir='ltr'><strong>locus</strong></span> <span class='ocrx_word' id='word_1_275' title='bbox 1198 3736 1295 3791; x_wconf 91' lang='lat' dir='ltr'><strong>ille</strong></span> <span class='ocrx_word' id='word_1_276' title='bbox 1330 3738 1672 3793; x_wconf 85' lang='lat' dir='ltr'><strong>destructus</strong></span> <span class='ocrx_word' id='word_1_277' title='bbox 1704 3744 1812 3805; x_wconf 89' lang='lat' dir='ltr'><strong>est,</strong></span> <span class='ocrx_word' id='word_1_278' title='bbox 1852 3755 1945 3795; x_wconf 90' lang='lat' dir='ltr'><strong>us-</strong></span> 
     </span>
    </p>
   </div>
   <div class='ocr_carea' id='block_1_42' title="bbox 292 3825 1940 3899">
    <p class='ocr_par' dir='ltr' id='par_1_42' title="bbox 292 3825 1940 3899">
     <span class='ocr_line' id='line_1_42' title="bbox 292 3825 1940 3899; baseline 0.001 -17"><span class='ocrx_word' id='word_1_279' title='bbox 292 3841 403 3897; x_wconf 90' lang='lat' dir='ltr'><strong>que</strong></span> <span class='ocrx_word' id='word_1_280' title='bbox 426 3827 494 3881; x_wconf 89' lang='lat' dir='ltr'><strong>ad</strong></span> <span class='ocrx_word' id='word_1_281' title='bbox 525 3826 640 3896; x_wconf 85' lang='lat' dir='ltr'><strong>jam</strong></span> <span class='ocrx_word' id='word_1_282' title='bbox 676 3825 895 3880; x_wconf 88' lang='lat' dir='ltr'><strong>dictum</strong></span> <span class='ocrx_word' id='word_1_283' title='bbox 928 3826 1198 3881; x_wconf 88' lang='lat' dir='ltr'><strong>abbatem</strong></span> <span class='ocrx_word' id='word_1_284' title='bbox 1235 3827 1635 3898; x_wconf 85' lang='lat' dir='ltr'><strong>Petronacem,</strong></span> <span class='ocrx_word' id='word_1_285' title='bbox 1666 3828 1940 3899; x_wconf 85' lang='lat' dir='ltr'><strong>completi</strong></span> 
     </span>
    </p>
   </div>
   <div class='ocr_carea' id='block_1_43' title="bbox 292 3914 1298 3971">
    <p class='ocr_par' dir='ltr' id='par_1_43' title="bbox 292 3914 1298 3971">
     <span class='ocr_line' id='line_1_43' title="bbox 292 3914 1298 3971; baseline -0.003 0"><span class='ocrx_word' id='word_1_286' title='bbox 292 3916 525 3971; x_wconf 86' lang='lat' dir='ltr'><strong>fuerunt</strong></span> <span class='ocrx_word' id='word_1_287' title='bbox 557 3919 792 3970; x_wconf 87' lang='lat' dir='ltr'><strong>centum</strong></span> <span class='ocrx_word' id='word_1_288' title='bbox 825 3919 884 3969; x_wconf 88' lang='lat' dir='ltr'><strong>et</strong></span> <span class='ocrx_word' id='word_1_289' title='bbox 917 3914 1117 3970; x_wconf 86' lang='lat' dir='ltr'><strong>decem</strong></span> <span class='ocrx_word' id='word_1_290' title='bbox 1147 3915 1298 3970; x_wconf 91' lang='lat' dir='ltr'><strong>anni.</strong></span> 
     </span>
    </p>
   </div>
   <div class='ocr_carea' id='block_1_44' title="bbox 364 4003 1938 4077">
    <p class='ocr_par' dir='ltr' id='par_1_44' title="bbox 364 4003 1938 4077">
     <span class='ocr_line' id='line_1_44' title="bbox 364 4003 1938 4077; baseline 0.003 -18"><span class='ocrx_word' id='word_1_291' title='bbox 364 4006 421 4059; x_wconf 87' lang='lat' dir='ltr'><strong>lu</strong></span> <span class='ocrx_word' id='word_1_292' title='bbox 458 4003 717 4073; x_wconf 78' lang='lat' dir='ltr'><strong>Francia,</strong></span> <span class='ocrx_word' id='word_1_293' title='bbox 761 4006 993 4060; x_wconf 90' lang='lat' dir='ltr'><strong>mortuo</strong></span> <span class='ocrx_word' id='word_1_294' title='bbox 1035 4003 1296 4075; x_wconf 89' lang='lat' dir='ltr'><strong>Pippino,</strong></span> <span class='ocrx_word' id='word_1_295' title='bbox 1336 4004 1488 4061; x_wconf 88' lang='lat' dir='ltr'><strong>ﬁlius</strong></span> <span class='ocrx_word' id='word_1_296' title='bbox 1520 4006 1645 4074; x_wconf 61' lang='lat' dir='ltr'><strong>ejus</strong></span> <span class='ocrx_word' id='word_1_297' title='bbox 1678 4004 1938 4077; x_wconf 62' lang='lat' dir='ltr'><strong>liarolus,</strong></span> 
     </span>
    </p>
   </div>
   <div class='ocr_carea' id='block_1_45' title="bbox 290 4092 1942 4165">
    <p class='ocr_par' dir='ltr' id='par_1_45' title="bbox 290 4092 1942 4165">
     <span class='ocr_line' id='line_1_45' title="bbox 290 4092 1942 4165; baseline 0 -15"><span class='ocrx_word' id='word_1_298' title='bbox 290 4094 552 4164; x_wconf 89' lang='lat' dir='ltr'><strong>quamvis</strong></span> <span class='ocrx_word' id='word_1_299' title='bbox 583 4109 684 4165; x_wconf 89' lang='lat' dir='ltr'><strong>per</strong></span> <span class='ocrx_word' id='word_1_300' title='bbox 716 4092 929 4149; x_wconf 90' lang='lat' dir='ltr'><strong>multas</strong></span> <span class='ocrx_word' id='word_1_301' title='bbox 980 4107 1223 4165; x_wconf 86' lang='lat' dir='ltr'><strong>pugnas,</strong></span> <span class='ocrx_word' id='word_1_302' title='bbox 1272 4094 1404 4150; x_wconf 89' lang='lat' dir='ltr'><strong>tulit</strong></span> <span class='ocrx_word' id='word_1_303' title='bbox 1446 4095 1836 4165; x_wconf 88' lang='lat' dir='ltr'><strong>principatum</strong></span> <span class='ocrx_word' id='word_1_304' title='bbox 1871 4097 1942 4152; x_wconf 91' lang='lat' dir='ltr'><strong>dc</strong></span> 
     </span>
    </p>
   </div>
   <div class='ocr_carea' id='block_1_46' title="bbox 291 4182 1940 4254">
    <p class='ocr_par' dir='ltr' id='par_1_46' title="bbox 291 4182 1940 4254">
     <span class='ocr_line' id='line_1_46' title="bbox 291 4182 1940 4254; baseline 0.001 -16"><span class='ocrx_word' id='word_1_305' title='bbox 291 4187 583 4254; x_wconf 87' lang='lat' dir='ltr'><strong>potestate</strong></span> <span class='ocrx_word' id='word_1_306' title='bbox 637 4182 981 4251; x_wconf 77' lang='lat' dir='ltr'><strong>llcgiul‘ridi.</strong></span> <span class='ocrx_word' id='word_1_307' title='bbox 1036 4184 1192 4238; x_wconf 86' lang='lat' dir='ltr'><strong>Inter</strong></span> <span class='ocrx_word' id='word_1_308' title='bbox 1242 4184 1364 4239; x_wconf 70' lang='lat' dir='ltr'><strong>haec</strong></span> <span class='ocrx_word' id='word_1_309' title='bbox 1412 4185 1806 4254; x_wconf 80' lang='lat' dir='ltr'><strong>Liu&#39;..prandus</strong></span> <span class='ocrx_word' id='word_1_310' title='bbox 1839 4199 1940 4239; x_wconf 90' lang='lat' dir='ltr'><strong>rex</strong></span> 
     </span>
    </p>
   </div>
   <div class='ocr_carea' id='block_1_47' title="bbox 291 4273 1936 4345">
    <p class='ocr_par' dir='ltr' id='par_1_47' title="bbox 291 4273 1936 4345">
     <span class='ocr_line' id='line_1_47' title="bbox 291 4273 1936 4345; baseline 0 -16"><span class='ocrx_word' id='word_1_311' title='bbox 291 4273 534 4329; x_wconf 76' lang='lat' dir='ltr'><strong>audiens</strong></span> <span class='ocrx_word' id='word_1_312' title='bbox 567 4273 718 4342; x_wconf 89' lang='lat' dir='ltr'><strong>quod</strong></span> <span class='ocrx_word' id='word_1_313' title='bbox 753 4273 1056 4329; x_wconf 85' lang='lat' dir='ltr'><strong>Sarraeeni</strong></span> <span class='ocrx_word' id='word_1_314' title='bbox 1091 4273 1559 4344; x_wconf 89' lang='lat' dir='ltr'><strong>depredarentur</strong></span> <span class='ocrx_word' id='word_1_315' title='bbox 1592 4275 1936 4345; x_wconf 89' lang='lat' dir='ltr'><strong>Sardiniam,</strong></span> 
     </span>
    </p>
   </div>
   <div class='ocr_carea' id='block_1_48' title="bbox 289 4362 1940 4433">
    <p class='ocr_par' dir='ltr' id='par_1_48' title="bbox 289 4362 1940 4433">
     <span class='ocr_line' id='line_1_48' title="bbox 289 4362 1940 4433; baseline 0.001 -15"><span class='ocrx_word' id='word_1_316' title='bbox 289 4362 451 4418; x_wconf 87' lang='lat' dir='ltr'><strong>dedit</strong></span> <span class='ocrx_word' id='word_1_317' title='bbox 484 4376 748 4430; x_wconf 87' lang='lat' dir='ltr'><strong>magnum</strong></span> <span class='ocrx_word' id='word_1_318' title='bbox 784 4362 1063 4433; x_wconf 89' lang='lat' dir='ltr'><strong>precium,</strong></span> <span class='ocrx_word' id='word_1_319' title='bbox 1100 4367 1156 4418; x_wconf 90' lang='lat' dir='ltr'><strong>et</strong></span> <span class='ocrx_word' id='word_1_320' title='bbox 1190 4362 1347 4420; x_wconf 84' lang='lat' dir='ltr'><strong>misit</strong></span> <span class='ocrx_word' id='word_1_321' title='bbox 1384 4363 1438 4417; x_wconf 92' lang='lat' dir='ltr'><strong>in</strong></span> <span class='ocrx_word' id='word_1_322' title='bbox 1483 4364 1827 4433; x_wconf 88' lang='lat' dir='ltr'><strong>Sardiniam,</strong></span> <span class='ocrx_word' id='word_1_323' title='bbox 1866 4364 1940 4419; x_wconf 87' lang='lat' dir='ltr'><strong>fe-</strong></span> 
     </span>
    </p>
   </div>
   <div class='ocr_carea' id='block_1_49' title="bbox 286 4451 1935 4524">
    <p class='ocr_par' dir='ltr' id='par_1_49' title="bbox 286 4451 1935 4524">
     <span class='ocr_line' id='line_1_49' title="bbox 286 4451 1935 4524; baseline -0.001 -17"><span class='ocrx_word' id='word_1_324' title='bbox 286 4451 483 4523; x_wconf 89' lang='lat' dir='ltr'><strong>citque</strong></span> <span class='ocrx_word' id='word_1_325' title='bbox 514 4452 645 4505; x_wconf 88' lang='lat' dir='ltr'><strong>inde</strong></span> <span class='ocrx_word' id='word_1_326' title='bbox 681 4451 888 4507; x_wconf 89' lang='lat' dir='ltr'><strong>adduci</strong></span> <span class='ocrx_word' id='word_1_327' title='bbox 919 4466 1055 4508; x_wconf 90' lang='lat' dir='ltr'><strong>ossa</strong></span> <span class='ocrx_word' id='word_1_328' title='bbox 1083 4452 1270 4508; x_wconf 90' lang='lat' dir='ltr'><strong>sancti</strong></span> <span class='ocrx_word' id='word_1_329' title='bbox 1307 4452 1617 4521; x_wconf 84' lang='lat' dir='ltr'><strong>Augustini</strong></span> <span class='ocrx_word' id='word_1_330' title='bbox 1651 4452 1935 4524; x_wconf 87' lang='lat' dir='ltr'><strong>episcopi,</strong></span> 
     </span>
    </p>
   </div>
   <div class='ocr_carea' id='block_1_50' title="bbox 287 4540 1398 4613">
    <p class='ocr_par' dir='ltr' id='par_1_50' title="bbox 287 4540 1398 4613">
     <span class='ocr_line' id='line_1_50' title="bbox 287 4540 1398 4613; baseline 0 -17"><span class='ocrx_word' id='word_1_331' title='bbox 287 4545 344 4597; x_wconf 90' lang='lat' dir='ltr'><strong>et</strong></span> <span class='ocrx_word' id='word_1_332' title='bbox 378 4541 573 4613; x_wconf 89' lang='lat' dir='ltr'><strong>posuit</strong></span> <span class='ocrx_word' id='word_1_333' title='bbox 610 4540 706 4597; x_wconf 91' lang='lat' dir='ltr'><strong>illa</strong></span> <span class='ocrx_word' id='word_1_334' title='bbox 749 4541 1066 4599; x_wconf 83' lang='lat' dir='ltr'><strong>honoriﬁce</strong></span> <span class='ocrx_word' id='word_1_335' title='bbox 1101 4542 1152 4597; x_wconf 92' lang='lat' dir='ltr'><strong>in</strong></span> <span class='ocrx_word' id='word_1_336' title='bbox 1186 4543 1398 4597; x_wconf 83' lang='lat' dir='ltr'><strong>Ticino.</strong></span> 
     </span>
    </p>
   </div>
   <div class='ocr_carea' id='block_1_51' title="bbox 354 4629 1938 4705">
    <p class='ocr_par' dir='ltr' id='par_1_51' title="bbox 354 4629 1938 4705">
     <span class='ocr_line' id='line_1_51' title="bbox 354 4629 1938 4705; baseline 0.001 -20"><span class='ocrx_word' id='word_1_337' title='bbox 354 4632 496 4685; x_wconf 89' lang='lat' dir='ltr'><strong>Post</strong></span> <span class='ocrx_word' id='word_1_338' title='bbox 549 4629 672 4686; x_wconf 65' lang='lat' dir='ltr'><strong>haze</strong></span> <span class='ocrx_word' id='word_1_339' title='bbox 726 4630 965 4687; x_wconf 79' lang='lat' dir='ltr'><strong>Karolus</strong></span> <span class='ocrx_word' id='word_1_340' title='bbox 1017 4648 1120 4687; x_wconf 85' lang='lat' dir='ltr'><strong>rex</strong></span> <span class='ocrx_word' id='word_1_341' title='bbox 1172 4634 1521 4686; x_wconf 80' lang='lat' dir='ltr'><strong>Francorum</strong></span> <span class='ocrx_word' id='word_1_342' title='bbox 1556 4630 1710 4685; x_wconf 87' lang='lat' dir='ltr'><strong>misit</strong></span> <span class='ocrx_word' id='word_1_343' title='bbox 1745 4630 1938 4705; x_wconf 84' lang='lat' dir='ltr'><strong>Pippi-</strong></span> 
     </span>
    </p>
   </div>
   <div class='ocr_carea' id='block_1_52' title="bbox 285 4718 1939 4791">
    <p class='ocr_par' dir='ltr' id='par_1_52' title="bbox 285 4718 1939 4791">
     <span class='ocr_line' id='line_1_52' title="bbox 285 4718 1939 4791; baseline 0.001 -16"><span class='ocrx_word' id='word_1_344' title='bbox 285 4734 419 4777; x_wconf 89' lang='lat' dir='ltr'><strong>num</strong></span> <span class='ocrx_word' id='word_1_345' title='bbox 444 4718 623 4775; x_wconf 83' lang='lat' dir='ltr'><strong>ﬁlium</strong></span> <span class='ocrx_word' id='word_1_346' title='bbox 650 4735 817 4775; x_wconf 92' lang='lat' dir='ltr'><strong>suum</strong></span> <span class='ocrx_word' id='word_1_347' title='bbox 843 4720 912 4775; x_wconf 87' lang='lat' dir='ltr'><strong>ad</strong></span> <span class='ocrx_word' id='word_1_348' title='bbox 942 4720 1357 4791; x_wconf 80' lang='lat' dir='ltr'><strong>Liutprandum</strong></span> <span class='ocrx_word' id='word_1_349' title='bbox 1388 4734 1605 4788; x_wconf 84' lang='lat' dir='ltr'><strong>regem,</strong></span> <span class='ocrx_word' id='word_1_350' title='bbox 1643 4725 1701 4775; x_wconf 88' lang='lat' dir='ltr'><strong>ut</strong></span> <span class='ocrx_word' id='word_1_351' title='bbox 1737 4720 1939 4777; x_wconf 87' lang='lat' dir='ltr'><strong>tonde-</strong></span> 
     </span>
    </p>
   </div>
   <div class='ocr_carea' id='block_1_53' title="bbox 285 4807 1939 4880">
    <p class='ocr_par' dir='ltr' id='par_1_53' title="bbox 285 4807 1939 4880">
     <span class='ocr_line' id='line_1_53' title="bbox 285 4807 1939 4880; baseline 0.001 -17"><span class='ocrx_word' id='word_1_352' title='bbox 285 4812 375 4864; x_wconf 85' lang='lat' dir='ltr'><strong>ret</strong></span> <span class='ocrx_word' id='word_1_353' title='bbox 402 4807 649 4879; x_wconf 91' lang='lat' dir='ltr'><strong>capillos</strong></span> <span class='ocrx_word' id='word_1_354' title='bbox 676 4809 802 4877; x_wconf 74' lang='lat' dir='ltr'><strong>ejus</strong></span> <span class='ocrx_word' id='word_1_355' title='bbox 823 4814 881 4864; x_wconf 87' lang='lat' dir='ltr'><strong>et</strong></span> <span class='ocrx_word' id='word_1_356' title='bbox 908 4811 1123 4864; x_wconf 79' lang='lat' dir='ltr'><strong>laceret</strong></span> <span class='ocrx_word' id='word_1_357' title='bbox 1158 4823 1289 4864; x_wconf 90' lang='lat' dir='ltr'><strong>cum</strong></span> <span class='ocrx_word' id='word_1_358' title='bbox 1321 4809 1430 4862; x_wconf 88' lang='lat' dir='ltr'><strong>sibi</strong></span> <span class='ocrx_word' id='word_1_359' title='bbox 1468 4808 1678 4863; x_wconf 88' lang='lat' dir='ltr'><strong>exinde</strong></span> <span class='ocrx_word' id='word_1_360' title='bbox 1709 4824 1939 4880; x_wconf 90' lang='lat' dir='ltr'><strong>compa-</strong></span> 
     </span>
    </p>
   </div>
   <div class='ocr_carea' id='block_1_54' title="bbox 286 4896 1938 4967">
    <p class='ocr_par' dir='ltr' id='par_1_54' title="bbox 286 4896 1938 4967">
     <span class='ocr_line' id='line_1_54' title="bbox 286 4896 1938 4967; baseline 0.002 -15"><span class='ocrx_word' id='word_1_361' title='bbox 286 4901 464 4962; x_wconf 88' lang='lat' dir='ltr'><strong>trem;</strong></span> <span class='ocrx_word' id='word_1_362' title='bbox 499 4896 649 4967; x_wconf 78' lang='lat' dir='ltr'><strong>quod</strong></span> <span class='ocrx_word' id='word_1_363' title='bbox 676 4897 772 4952; x_wconf 84' lang='lat' dir='ltr'><strong>ille</strong></span> <span class='ocrx_word' id='word_1_364' title='bbox 798 4897 957 4966; x_wconf 80' lang='lat' dir='ltr'><strong>fecit,</strong></span> <span class='ocrx_word' id='word_1_365' title='bbox 995 4912 1355 4967; x_wconf 88' lang='lat' dir='ltr'><strong>puerumque</strong></span> <span class='ocrx_word' id='word_1_366' title='bbox 1387 4911 1516 4953; x_wconf 90' lang='lat' dir='ltr'><strong>cum</strong></span> <span class='ocrx_word' id='word_1_367' title='bbox 1541 4897 1709 4953; x_wconf 89' lang='lat' dir='ltr'><strong>donis</strong></span> <span class='ocrx_word' id='word_1_368' title='bbox 1740 4897 1938 4955; x_wconf 91' lang='lat' dir='ltr'><strong>multis</strong></span> 
     </span>
    </p>
   </div>
   <div class='ocr_carea' id='block_1_55' title="bbox 283 4985 891 5057">
    <p class='ocr_par' dir='ltr' id='par_1_55' title="bbox 283 4985 891 5057">
     <span class='ocr_line' id='line_1_55' title="bbox 283 4985 891 5057; baseline -0.002 -16"><span class='ocrx_word' id='word_1_369' title='bbox 283 4988 351 5042; x_wconf 90' lang='lat' dir='ltr'><strong>ad</strong></span> <span class='ocrx_word' id='word_1_370' title='bbox 390 4993 611 5057; x_wconf 89' lang='lat' dir='ltr'><strong>patrem</strong></span> <span class='ocrx_word' id='word_1_371' title='bbox 647 4985 891 5041; x_wconf 90' lang='lat' dir='ltr'><strong>remisit.</strong></span> 
     </span>
    </p>
   </div>
   <div class='ocr_carea' id='block_1_56' title="bbox 356 5074 1931 5150">
    <p class='ocr_par' dir='ltr' id='par_1_56' title="bbox 356 5074 1931 5150">
     <span class='ocr_line' id='line_1_56' title="bbox 356 5074 1931 5150; baseline 0.003 -19"><span class='ocrx_word' id='word_1_372' title='bbox 356 5077 541 5147; x_wconf 84' lang='lat' dir='ltr'><strong>igitur</strong></span> <span class='ocrx_word' id='word_1_373' title='bbox 573 5075 966 5146; x_wconf 83' lang='lat' dir='ltr'><strong>Liutprandus</strong></span> <span class='ocrx_word' id='word_1_374' title='bbox 992 5090 1091 5130; x_wconf 82' lang='lat' dir='ltr'><strong>rex</strong></span> <span class='ocrx_word' id='word_1_375' title='bbox 1117 5074 1330 5132; x_wconf 89' lang='lat' dir='ltr'><strong>multas</strong></span> <span class='ocrx_word' id='word_1_376' title='bbox 1359 5076 1657 5134; x_wconf 67' lang='lat' dir='ltr'><strong>{ecclesias</strong></span> <span class='ocrx_word' id='word_1_377' title='bbox 1684 5094 1784 5150; x_wconf 91' lang='lat' dir='ltr'><strong>per</strong></span> <span class='ocrx_word' id='word_1_378' title='bbox 1808 5076 1931 5134; x_wconf 90' lang='lat' dir='ltr'><strong>loca</strong></span> 
     </span>
    </p>
   </div>
   <div class='ocr_carea' id='block_1_57' title="bbox 285 5164 1933 5223">
    <p class='ocr_par' dir='ltr' id='par_1_57' title="bbox 285 5164 1933 5223">
     <span class='ocr_line' id='line_1_57' title="bbox 285 5164 1933 5223; baseline 0 -2"><span class='ocrx_word' id='word_1_379' title='bbox 285 5165 515 5221; x_wconf 88' lang='lat' dir='ltr'><strong>diversa</strong></span> <span class='ocrx_word' id='word_1_380' title='bbox 544 5165 895 5221; x_wconf 85' lang='lat' dir='ltr'><strong>construxit.</strong></span> <span class='ocrx_word' id='word_1_381' title='bbox 942 5164 1102 5219; x_wconf 78' lang='lat' dir='ltr'><strong>Fecit</strong></span> <span class='ocrx_word' id='word_1_382' title='bbox 1143 5164 1295 5219; x_wconf 91' lang='lat' dir='ltr'><strong>enim</strong></span> <span class='ocrx_word' id='word_1_383' title='bbox 1327 5166 1743 5222; x_wconf 90' lang='lat' dir='ltr'><strong>monasterium</strong></span> <span class='ocrx_word' id='word_1_384' title='bbox 1779 5168 1933 5223; x_wconf 90' lang='lat' dir='ltr'><strong>beati</strong></span> 
     </span>
    </p>
   </div>
   <div class='ocr_carea' id='block_1_58' title="bbox 282 5254 1932 5328">
    <p class='ocr_par' dir='ltr' id='par_1_58' title="bbox 282 5254 1932 5328">
     <span class='ocr_line' id='line_1_58' title="bbox 282 5254 1932 5328; baseline 0.002 -19"><span class='ocrx_word' id='word_1_385' title='bbox 282 5254 441 5310; x_wconf 84' lang='lat' dir='ltr'><strong>Petri</strong></span> <span class='ocrx_word' id='word_1_386' title='bbox 466 5254 721 5324; x_wconf 87' lang='lat' dir='ltr'><strong>apostoli</strong></span> <span class='ocrx_word' id='word_1_387' title='bbox 748 5254 890 5310; x_wconf 84' lang='lat' dir='ltr'><strong>foris</strong></span> <span class='ocrx_word' id='word_1_388' title='bbox 915 5268 1111 5310; x_wconf 90' lang='lat' dir='ltr'><strong>muros</strong></span> <span class='ocrx_word' id='word_1_389' title='bbox 1130 5254 1451 5312; x_wconf 91' lang='lat' dir='ltr'><strong>Ticinensis</strong></span> <span class='ocrx_word' id='word_1_390' title='bbox 1472 5256 1750 5328; x_wconf 86' lang='lat' dir='ltr'><strong>civitatis,</strong></span> <span class='ocrx_word' id='word_1_391' title='bbox 1777 5258 1932 5327; x_wconf 87' lang='lat' dir='ltr'><strong>quod</strong></span> 
     </span>
    </p>
   </div>
   <div class='ocr_carea' id='block_1_59' title="bbox 287 5342 1930 5417">
    <p class='ocr_par' dir='ltr' id='par_1_59' title="bbox 287 5342 1930 5417">
     <span class='ocr_line' id='line_1_59' title="bbox 287 5342 1930 5417; baseline 0.001 -19"><span class='ocrx_word' id='word_1_392' title='bbox 287 5342 499 5399; x_wconf 88' lang='lat' dir='ltr'><strong>dicitur</strong></span> <span class='ocrx_word' id='word_1_393' title='bbox 532 5343 601 5397; x_wconf 89' lang='lat' dir='ltr'><strong>ad</strong></span> <span class='ocrx_word' id='word_1_394' title='bbox 633 5342 842 5400; x_wconf 64' lang='lat' dir='ltr'><strong>Caelum</strong></span> <span class='ocrx_word' id='word_1_395' title='bbox 875 5358 1136 5414; x_wconf 74' lang='lat' dir='ltr'><strong>aureum,</strong></span> <span class='ocrx_word' id='word_1_396' title='bbox 1171 5350 1230 5401; x_wconf 87' lang='lat' dir='ltr'><strong>et</strong></span> <span class='ocrx_word' id='word_1_397' title='bbox 1262 5360 1495 5401; x_wconf 89' lang='lat' dir='ltr'><strong>sursum</strong></span> <span class='ocrx_word' id='word_1_398' title='bbox 1518 5345 1574 5400; x_wconf 90' lang='lat' dir='ltr'><strong>in</strong></span> <span class='ocrx_word' id='word_1_399' title='bbox 1601 5344 1845 5417; x_wconf 90' lang='lat' dir='ltr'><strong>Alpibus</strong></span> <span class='ocrx_word' id='word_1_400' title='bbox 1877 5345 1930 5400; x_wconf 88' lang='lat' dir='ltr'><strong>in</strong></span> 
     </span>
    </p>
   </div>
   <div class='ocr_carea' id='block_1_60' title="bbox 283 5431 1933 5505">
    <p class='ocr_par' dir='ltr' id='par_1_60' title="bbox 283 5431 1933 5505">
     <span class='ocr_line' id='line_1_60' title="bbox 283 5431 1933 5505; baseline 0.002 -19"><span class='ocrx_word' id='word_1_401' title='bbox 283 5431 518 5502; x_wconf 90' lang='lat' dir='ltr'><strong>propria</strong></span> <span class='ocrx_word' id='word_1_402' title='bbox 551 5446 654 5489; x_wconf 86' lang='lat' dir='ltr'><strong>sua</strong></span> <span class='ocrx_word' id='word_1_403' title='bbox 687 5431 823 5489; x_wconf 87' lang='lat' dir='ltr'><strong>villa</strong></span> <span class='ocrx_word' id='word_1_404' title='bbox 866 5434 1007 5490; x_wconf 84' lang='lat' dir='ltr'><strong>fecit</strong></span> <span class='ocrx_word' id='word_1_405' title='bbox 1051 5434 1490 5503; x_wconf 88' lang='lat' dir='ltr'><strong>monasterium,</strong></span> <span class='ocrx_word' id='word_1_406' title='bbox 1526 5434 1683 5505; x_wconf 87' lang='lat' dir='ltr'><strong>quod</strong></span> <span class='ocrx_word' id='word_1_407' title='bbox 1717 5434 1933 5490; x_wconf 90' lang='lat' dir='ltr'><strong>dicitur</strong></span> 
     </span>
    </p>
   </div>
   <div class='ocr_carea' id='block_1_61' title="bbox 2075 539 3721 610">
    <p class='ocr_par' dir='ltr' id='par_1_61' title="bbox 2075 539 3721 610">
     <span class='ocr_line' id='line_1_61' title="bbox 2075 539 3721 610; baseline 0 -15"><span class='ocrx_word' id='word_1_408' title='bbox 2075 542 2317 597; x_wconf 90' lang='lat' dir='ltr'><strong>sterium</strong></span> <span class='ocrx_word' id='word_1_409' title='bbox 2354 540 2489 595; x_wconf 82' lang='lat' dir='ltr'><strong>fecit</strong></span> <span class='ocrx_word' id='word_1_410' title='bbox 2524 539 2578 594; x_wconf 90' lang='lat' dir='ltr'><strong>in</strong></span> <span class='ocrx_word' id='word_1_411' title='bbox 2612 540 2832 594; x_wconf 90' lang='lat' dir='ltr'><strong>honore</strong></span> <span class='ocrx_word' id='word_1_412' title='bbox 2875 540 3059 594; x_wconf 90' lang='lat' dir='ltr'><strong>sancti</strong></span> <span class='ocrx_word' id='word_1_413' title='bbox 3106 542 3394 597; x_wconf 87' lang='lat' dir='ltr'><strong>Anastasii</strong></span> <span class='ocrx_word' id='word_1_414' title='bbox 3428 542 3721 610; x_wconf 83' lang='lat' dir='ltr'><strong>martyris.</strong></span> 
     </span>
    </p>
   </div>
   <div class='ocr_carea' id='block_1_62' title="bbox 2074 628 3727 701">
    <p class='ocr_par' dir='ltr' id='par_1_62' title="bbox 2074 628 3727 701">
     <span class='ocr_line' id='line_1_62' title="bbox 2074 628 3727 701; baseline 0 -18"><span class='ocrx_word' id='word_1_415' title='bbox 2074 630 2355 685; x_wconf 87' lang='lat' dir='ltr'><strong>Similiter</strong></span> <span class='ocrx_word' id='word_1_416' title='bbox 2378 628 2859 684; x_wconf 62' lang='lat' dir='ltr'><strong>fecitaacelesiam</strong></span> <span class='ocrx_word' id='word_1_417' title='bbox 2893 629 3108 685; x_wconf 89' lang='lat' dir='ltr'><strong>domini</strong></span> <span class='ocrx_word' id='word_1_418' title='bbox 3142 630 3460 685; x_wconf 88' lang='lat' dir='ltr'><strong>Salvatoris</strong></span> <span class='ocrx_word' id='word_1_419' title='bbox 3486 630 3537 685; x_wconf 92' lang='lat' dir='ltr'><strong>in</strong></span> <span class='ocrx_word' id='word_1_420' title='bbox 3564 630 3727 701; x_wconf 85' lang='lat' dir='ltr'><strong>pala-</strong></span> 
     </span>
    </p>
   </div>
   <div class='ocr_carea' id='block_1_63' title="bbox 2072 716 3720 789">
    <p class='ocr_par' dir='ltr' id='par_1_63' title="bbox 2072 716 3720 789">
     <span class='ocr_line' id='line_1_63' title="bbox 2072 716 3720 789; baseline 0.001 -17"><span class='ocrx_word' id='word_1_421' title='bbox 2072 719 2156 773; x_wconf 90' lang='lat' dir='ltr'><strong>tio</strong></span> <span class='ocrx_word' id='word_1_422' title='bbox 2186 735 2311 788; x_wconf 85' lang='lat' dir='ltr'><strong>suo,</strong></span> <span class='ocrx_word' id='word_1_423' title='bbox 2343 720 2399 773; x_wconf 87' lang='lat' dir='ltr'><strong>et</strong></span> <span class='ocrx_word' id='word_1_424' title='bbox 2431 717 2724 773; x_wconf 89' lang='lat' dir='ltr'><strong>ordinavit</strong></span> <span class='ocrx_word' id='word_1_425' title='bbox 2755 716 2832 771; x_wconf 88' lang='lat' dir='ltr'><strong>ibi</strong></span> <span class='ocrx_word' id='word_1_426' title='bbox 2863 718 3204 773; x_wconf 84' lang='lat' dir='ltr'><strong>sacerdotes</strong></span> <span class='ocrx_word' id='word_1_427' title='bbox 3236 726 3295 774; x_wconf 89' lang='lat' dir='ltr'><strong>ct</strong></span> <span class='ocrx_word' id='word_1_428' title='bbox 3324 718 3587 789; x_wconf 90' lang='lat' dir='ltr'><strong>clericos,</strong></span> <span class='ocrx_word' id='word_1_429' title='bbox 3621 719 3720 789; x_wconf 88' lang='lat' dir='ltr'><strong>qui</strong></span> 
     </span>
    </p>
   </div>
   <div class='ocr_carea' id='block_1_64' title="bbox 2071 805 3723 878">
    <p class='ocr_par' dir='ltr' id='par_1_64' title="bbox 2071 805 3723 878">
     <span class='ocr_line' id='line_1_64' title="bbox 2071 805 3723 878; baseline 0.001 -15"><span class='ocrx_word' id='word_1_430' title='bbox 2071 808 2315 863; x_wconf 89' lang='lat' dir='ltr'><strong>cottidie</strong></span> <span class='ocrx_word' id='word_1_431' title='bbox 2377 806 2569 862; x_wconf 89' lang='lat' dir='ltr'><strong>divina</strong></span> <span class='ocrx_word' id='word_1_432' title='bbox 2621 805 2804 862; x_wconf 81' lang='lat' dir='ltr'><strong>ofﬁcia</strong></span> <span class='ocrx_word' id='word_1_433' title='bbox 2840 806 2915 861; x_wconf 92' lang='lat' dir='ltr'><strong>ibi</strong></span> <span class='ocrx_word' id='word_1_434' title='bbox 2952 806 3341 878; x_wconf 87' lang='lat' dir='ltr'><strong>celebrarent,</strong></span> <span class='ocrx_word' id='word_1_435' title='bbox 3378 808 3524 878; x_wconf 88' lang='lat' dir='ltr'><strong>quod</strong></span> <span class='ocrx_word' id='word_1_436' title='bbox 3576 824 3723 865; x_wconf 90' lang='lat' dir='ltr'><strong>nun-</strong></span> 
     </span>
    </p>
   </div>
   <div class='ocr_carea' id='block_1_65' title="bbox 2073 895 3717 967">
    <p class='ocr_par' dir='ltr' id='par_1_65' title="bbox 2073 895 3717 967">
     <span class='ocr_line' id='line_1_65' title="bbox 2073 895 3717 967; baseline 0.001 -15"><span class='ocrx_word' id='word_1_437' title='bbox 2073 911 2243 967; x_wconf 89' lang='lat' dir='ltr'><strong>quam</strong></span> <span class='ocrx_word' id='word_1_438' title='bbox 2275 895 2373 951; x_wconf 91' lang='lat' dir='ltr'><strong>alii</strong></span> <span class='ocrx_word' id='word_1_439' title='bbox 2407 911 2577 965; x_wconf 87' lang='lat' dir='ltr'><strong>reges</strong></span> <span class='ocrx_word' id='word_1_440' title='bbox 2620 900 2753 952; x_wconf 89' lang='lat' dir='ltr'><strong>ante</strong></span> <span class='ocrx_word' id='word_1_441' title='bbox 2795 895 2983 966; x_wconf 89' lang='lat' dir='ltr'><strong>ipsum</strong></span> <span class='ocrx_word' id='word_1_442' title='bbox 3016 896 3365 952; x_wconf 88' lang='lat' dir='ltr'><strong>habuerunt.</strong></span> <span class='ocrx_word' id='word_1_443' title='bbox 3409 898 3717 967; x_wconf 86' lang='lat' dir='ltr'><strong>Postquam</strong></span> 
     </span>
    </p>
   </div>
   <div class='ocr_carea' id='block_1_66' title="bbox 2072 984 3719 1056">
    <p class='ocr_par' dir='ltr' id='par_1_66' title="bbox 2072 984 3719 1056">
     <span class='ocr_line' id='line_1_66' title="bbox 2072 984 3719 1056; baseline 0.002 -17"><span class='ocrx_word' id='word_1_444' title='bbox 2072 1000 2211 1041; x_wconf 91' lang='lat' dir='ltr'><strong>vero</strong></span> <span class='ocrx_word' id='word_1_445' title='bbox 2264 984 2525 1054; x_wconf 83' lang='lat' dir='ltr'><strong>regnavit</strong></span> <span class='ocrx_word' id='word_1_446' title='bbox 2560 998 2663 1055; x_wconf 88' lang='lat' dir='ltr'><strong>per</strong></span> <span class='ocrx_word' id='word_1_447' title='bbox 2690 999 2871 1040; x_wconf 89' lang='lat' dir='ltr'><strong>annos</strong></span> <span class='ocrx_word' id='word_1_448' title='bbox 2902 988 2962 1039; x_wconf 89' lang='lat' dir='ltr'><strong>3t</strong></span> <span class='ocrx_word' id='word_1_449' title='bbox 2998 988 3058 1039; x_wconf 92' lang='lat' dir='ltr'><strong>et</strong></span> <span class='ocrx_word' id='word_1_450' title='bbox 3091 999 3316 1040; x_wconf 79' lang='lat' dir='ltr'><strong>menses</strong></span> <span class='ocrx_word' id='word_1_451' title='bbox 3343 991 3395 1056; x_wconf 92' lang='lat'><strong>7,</strong></span> <span class='ocrx_word' id='word_1_452' title='bbox 3449 991 3719 1042; x_wconf 87' lang='lat' dir='ltr'><strong>mortuus</strong></span> 
     </span>
    </p>
   </div>
   <div class='ocr_carea' id='block_1_67' title="bbox 2069 1072 3719 1144">
    <p class='ocr_par' dir='ltr' id='par_1_67' title="bbox 2069 1072 3719 1144">
     <span class='ocr_line' id='line_1_67' title="bbox 2069 1072 3719 1144; baseline -0.001 -14"><span class='ocrx_word' id='word_1_453' title='bbox 2069 1079 2179 1139; x_wconf 85' lang='lat' dir='ltr'><strong>est,</strong></span> <span class='ocrx_word' id='word_1_454' title='bbox 2208 1072 2595 1144; x_wconf 87' lang='lat' dir='ltr'><strong>sepultusque</strong></span> <span class='ocrx_word' id='word_1_455' title='bbox 2623 1079 2713 1128; x_wconf 88' lang='lat' dir='ltr'><strong>est</strong></span> <span class='ocrx_word' id='word_1_456' title='bbox 2736 1073 2790 1128; x_wconf 89' lang='lat' dir='ltr'><strong>in</strong></span> <span class='ocrx_word' id='word_1_457' title='bbox 2815 1072 3078 1129; x_wconf 71' lang='lat' dir='ltr'><strong>{ecclesia</strong></span> <span class='ocrx_word' id='word_1_458' title='bbox 3102 1074 3285 1129; x_wconf 90' lang='lat' dir='ltr'><strong>sancti</strong></span> <span class='ocrx_word' id='word_1_459' title='bbox 3315 1073 3546 1130; x_wconf 81' lang='lat' dir='ltr'><strong>Adriani</strong></span> <span class='ocrx_word' id='word_1_460' title='bbox 3570 1089 3719 1129; x_wconf 88' lang='lat' dir='ltr'><strong>mar-</strong></span> 
     </span>
    </p>
   </div>
   <div class='ocr_carea' id='block_1_68' title="bbox 2072 1161 3713 1233">
    <p class='ocr_par' dir='ltr' id='par_1_68' title="bbox 2072 1161 3713 1233">
     <span class='ocr_line' id='line_1_68' title="bbox 2072 1161 3713 1233; baseline 0.001 -16"><span class='ocrx_word' id='word_1_461' title='bbox 2072 1162 2239 1231; x_wconf 78' lang='lat' dir='ltr'><strong>tyris,</strong></span> <span class='ocrx_word' id='word_1_462' title='bbox 2295 1162 2389 1217; x_wconf 90' lang='lat' dir='ltr'><strong>ubi</strong></span> <span class='ocrx_word' id='word_1_463' title='bbox 2430 1166 2489 1217; x_wconf 91' lang='lat' dir='ltr'><strong>et</strong></span> <span class='ocrx_word' id='word_1_464' title='bbox 2529 1164 2698 1232; x_wconf 89' lang='lat' dir='ltr'><strong>pater</strong></span> <span class='ocrx_word' id='word_1_465' title='bbox 2747 1162 2874 1232; x_wconf 85' lang='lat' dir='ltr'><strong>ejus</strong></span> <span class='ocrx_word' id='word_1_466' title='bbox 2921 1161 3189 1233; x_wconf 89' lang='lat' dir='ltr'><strong>sepultus</strong></span> <span class='ocrx_word' id='word_1_467' title='bbox 3217 1165 3326 1218; x_wconf 88' lang='lat' dir='ltr'><strong>est.</strong></span> <span class='ocrx_word' id='word_1_468' title='bbox 3366 1162 3491 1219; x_wconf 84' lang='lat' dir='ltr'><strong>Fuit</strong></span> <span class='ocrx_word' id='word_1_469' title='bbox 3522 1167 3713 1219; x_wconf 87' lang='lat' dir='ltr'><strong>autem</strong></span> 
     </span>
    </p>
   </div>
   <div class='ocr_carea' id='block_1_69' title="bbox 2072 1250 3720 1322">
    <p class='ocr_par' dir='ltr' id='par_1_69' title="bbox 2072 1250 3720 1322">
     <span class='ocr_line' id='line_1_69' title="bbox 2072 1250 3720 1322; baseline 0 -15"><span class='ocrx_word' id='word_1_470' title='bbox 2072 1250 2302 1321; x_wconf 89' lang='lat' dir='ltr'><strong>sapiens</strong></span> <span class='ocrx_word' id='word_1_471' title='bbox 2324 1254 2382 1305; x_wconf 89' lang='lat' dir='ltr'><strong>et</strong></span> <span class='ocrx_word' id='word_1_472' title='bbox 2407 1251 2597 1319; x_wconf 86' lang='lat' dir='ltr'><strong>fortis,</strong></span> <span class='ocrx_word' id='word_1_473' title='bbox 2632 1254 2854 1305; x_wconf 90' lang='lat' dir='ltr'><strong>amator</strong></span> <span class='ocrx_word' id='word_1_474' title='bbox 2890 1250 3067 1322; x_wconf 92' lang='lat' dir='ltr'><strong>pacis,</strong></span> <span class='ocrx_word' id='word_1_475' title='bbox 3093 1250 3466 1322; x_wconf 89' lang='lat' dir='ltr'><strong>culpantihus</strong></span> <span class='ocrx_word' id='word_1_476' title='bbox 3498 1250 3720 1308; x_wconf 86' lang='lat' dir='ltr'><strong>miseri-</strong></span> 
     </span>
    </p>
   </div>
   <div class='ocr_carea' id='block_1_70' title="bbox 2069 1337 3719 1410">
    <p class='ocr_par' dir='ltr' id='par_1_70' title="bbox 2069 1337 3719 1410">
     <span class='ocr_line' id='line_1_70' title="bbox 2069 1337 3719 1410; baseline 0.001 -15"><span class='ocrx_word' id='word_1_477' title='bbox 2069 1352 2221 1408; x_wconf 90' lang='lat' dir='ltr'><strong>cors,</strong></span> <span class='ocrx_word' id='word_1_478' title='bbox 2253 1343 2472 1407; x_wconf 83' lang='lat' dir='ltr'><strong>eastus,</strong></span> <span class='ocrx_word' id='word_1_479' title='bbox 2509 1337 2878 1395; x_wconf 87' lang='lat' dir='ltr'><strong>orationibus</strong></span> <span class='ocrx_word' id='word_1_480' title='bbox 2900 1344 2958 1395; x_wconf 88' lang='lat' dir='ltr'><strong>et</strong></span> <span class='ocrx_word' id='word_1_481' title='bbox 2982 1338 3204 1408; x_wconf 62' lang='lat' dir='ltr'><strong>vigiliis.</strong></span> <span class='ocrx_word' id='word_1_482' title='bbox 3230 1339 3482 1410; x_wconf 90' lang='lat' dir='ltr'><strong>deditus,</strong></span> <span class='ocrx_word' id='word_1_483' title='bbox 3517 1341 3569 1395; x_wconf 90' lang='lat' dir='ltr'><strong>in</strong></span> <span class='ocrx_word' id='word_1_484' title='bbox 3601 1341 3719 1397; x_wconf 85' lang='lat' dir='ltr'><strong>ele-</strong></span> 
     </span>
    </p>
   </div>
   <div class='ocr_carea' id='block_1_71' title="bbox 2071 1424 3715 1497">
    <p class='ocr_par' dir='ltr' id='par_1_71' title="bbox 2071 1424 3715 1497">
     <span class='ocr_line' id='line_1_71' title="bbox 2071 1424 3715 1497; baseline 0.002 -16"><span class='ocrx_word' id='word_1_485' title='bbox 2071 1426 2314 1481; x_wconf 91' lang='lat' dir='ltr'><strong>mosinis</strong></span> <span class='ocrx_word' id='word_1_486' title='bbox 2358 1426 2586 1495; x_wconf 86' lang='lat' dir='ltr'><strong>largus;</strong></span> <span class='ocrx_word' id='word_1_487' title='bbox 2631 1424 2861 1483; x_wconf 89' lang='lat' dir='ltr'><strong>litteras</strong></span> <span class='ocrx_word' id='word_1_488' title='bbox 2903 1442 3014 1482; x_wconf 89' lang='lat' dir='ltr'><strong>non</strong></span> <span class='ocrx_word' id='word_1_489' title='bbox 3056 1427 3235 1497; x_wconf 87' lang='lat' dir='ltr'><strong>novit,</strong></span> <span class='ocrx_word' id='word_1_490' title='bbox 3271 1428 3369 1483; x_wconf 88' lang='lat' dir='ltr'><strong>sed</strong></span> <span class='ocrx_word' id='word_1_491' title='bbox 3404 1431 3591 1483; x_wconf 91' lang='lat' dir='ltr'><strong>tamen</strong></span> <span class='ocrx_word' id='word_1_492' title='bbox 3626 1430 3715 1484; x_wconf 92' lang='lat' dir='ltr'><strong>sic</strong></span> 
     </span>
    </p>
   </div>
   <div class='ocr_carea' id='block_1_72' title="bbox 2070 1515 3569 1587">
    <p class='ocr_par' dir='ltr' id='par_1_72' title="bbox 2070 1515 3569 1587">
     <span class='ocr_line' id='line_1_72' title="bbox 2070 1515 3569 1587; baseline 0.001 -17"><span class='ocrx_word' id='word_1_493' title='bbox 2070 1515 2305 1584; x_wconf 90' lang='lat' dir='ltr'><strong>sapiens</strong></span> <span class='ocrx_word' id='word_1_494' title='bbox 2339 1515 2466 1583; x_wconf 84' lang='lat' dir='ltr'><strong>fuit,</strong></span> <span class='ocrx_word' id='word_1_495' title='bbox 2502 1518 2566 1571; x_wconf 91' lang='lat' dir='ltr'><strong>ut</strong></span> <span class='ocrx_word' id='word_1_496' title='bbox 2600 1515 2979 1587; x_wconf 84' lang='lat' dir='ltr'><strong>pbylosophis</strong></span> <span class='ocrx_word' id='word_1_497' title='bbox 3010 1515 3438 1572; x_wconf 90' lang='lat' dir='ltr'><strong>assimulandus</strong></span> <span class='ocrx_word' id='word_1_498' title='bbox 3471 1516 3569 1572; x_wconf 90' lang='lat' dir='ltr'><strong>sit.</strong></span> 
     </span>
    </p>
   </div>
   <div class='ocr_carea' id='block_1_73' title="bbox 2141 1604 3721 1677">
    <p class='ocr_par' dir='ltr' id='par_1_73' title="bbox 2141 1604 3721 1677">
     <span class='ocr_line' id='line_1_73' title="bbox 2141 1604 3721 1677; baseline 0.003 -19"><span class='ocrx_word' id='word_1_499' title='bbox 2141 1604 2448 1675; x_wconf 81' lang='lat' dir='ltr'><strong>Hucusque</strong></span> <span class='ocrx_word' id='word_1_500' title='bbox 2472 1605 2543 1660; x_wconf 90' lang='lat' dir='ltr'><strong>de</strong></span> <span class='ocrx_word' id='word_1_501' title='bbox 2567 1604 3077 1673; x_wconf 88' lang='lat' dir='ltr'><strong>Longobardorum</strong></span> <span class='ocrx_word' id='word_1_502' title='bbox 3101 1606 3293 1675; x_wconf 88' lang='lat' dir='ltr'><strong>gentis</strong></span> <span class='ocrx_word' id='word_1_503' title='bbox 3314 1605 3534 1675; x_wconf 90' lang='lat' dir='ltr'><strong>origine</strong></span> <span class='ocrx_word' id='word_1_504' title='bbox 3563 1606 3721 1677; x_wconf 87' lang='lat' dir='ltr'><strong>ejus-</strong></span> 
     </span>
    </p>
   </div>
   <div class='ocr_carea' id='block_1_74' title="bbox 2071 1693 3716 1765">
    <p class='ocr_par' dir='ltr' id='par_1_74' title="bbox 2071 1693 3716 1765">
     <span class='ocr_line' id='line_1_74' title="bbox 2071 1693 3716 1765; baseline 0.002 -18"><span class='ocrx_word' id='word_1_505' title='bbox 2071 1708 2181 1762; x_wconf 78' lang='lat' dir='ltr'><strong>que</strong></span> <span class='ocrx_word' id='word_1_506' title='bbox 2218 1693 2271 1746; x_wconf 91' lang='lat' dir='ltr'><strong>in</strong></span> <span class='ocrx_word' id='word_1_507' title='bbox 2306 1693 2526 1748; x_wconf 87' lang='lat' dir='ltr'><strong>Italiam</strong></span> <span class='ocrx_word' id='word_1_508' title='bbox 2574 1693 2937 1762; x_wconf 86' lang='lat' dir='ltr'><strong>ingressione</strong></span> <span class='ocrx_word' id='word_1_509' title='bbox 2979 1709 3296 1764; x_wconf 80' lang='lat' dir='ltr'><strong>regumque</strong></span> <span class='ocrx_word' id='word_1_510' title='bbox 3327 1695 3452 1765; x_wconf 90' lang='lat' dir='ltr'><strong>ejus</strong></span> <span class='ocrx_word' id='word_1_511' title='bbox 3482 1710 3716 1751; x_wconf 86' lang='lat' dir='ltr'><strong>succes-</strong></span> 
     </span>
    </p>
   </div>
   <div class='ocr_carea' id='block_1_75' title="bbox 2071 1780 3713 1855">
    <p class='ocr_par' dir='ltr' id='par_1_75' title="bbox 2071 1780 3713 1855">
     <span class='ocr_line' id='line_1_75' title="bbox 2071 1780 3713 1855; baseline 0.002 -19"><span class='ocrx_word' id='word_1_512' title='bbox 2071 1780 2235 1837; x_wconf 88' lang='lat' dir='ltr'><strong>sione</strong></span> <span class='ocrx_word' id='word_1_513' title='bbox 2285 1781 2533 1837; x_wconf 91' lang='lat' dir='ltr'><strong>strictim</strong></span> <span class='ocrx_word' id='word_1_514' title='bbox 2587 1782 2991 1853; x_wconf 86' lang='lat' dir='ltr'><strong>descripsisse,</strong></span> <span class='ocrx_word' id='word_1_515' title='bbox 3037 1784 3451 1854; x_wconf 88' lang='lat' dir='ltr'><strong>imperatorum</strong></span> <span class='ocrx_word' id='word_1_516' title='bbox 3483 1798 3713 1855; x_wconf 87' lang='lat' dir='ltr'><strong>quoque</strong></span> 
     </span>
    </p>
   </div>
   <div class='ocr_carea' id='block_1_76' title="bbox 2068 1871 3717 1942">
    <p class='ocr_par' dir='ltr' id='par_1_76' title="bbox 2068 1871 3717 1942">
     <span class='ocr_line' id='line_1_76' title="bbox 2068 1871 3717 1942; baseline 0.002 -18"><span class='ocrx_word' id='word_1_517' title='bbox 2068 1871 2459 1926; x_wconf 81' lang='lat' dir='ltr'><strong>Romanorum</strong></span> <span class='ocrx_word' id='word_1_518' title='bbox 2511 1871 2744 1926; x_wconf 92' lang='lat' dir='ltr'><strong>interim</strong></span> <span class='ocrx_word' id='word_1_519' title='bbox 2797 1871 3161 1942; x_wconf 89' lang='lat' dir='ltr'><strong>regnantium</strong></span> <span class='ocrx_word' id='word_1_520' title='bbox 3214 1872 3440 1926; x_wconf 89' lang='lat' dir='ltr'><strong>nomina</strong></span> <span class='ocrx_word' id='word_1_521' title='bbox 3473 1877 3529 1927; x_wconf 90' lang='lat' dir='ltr'><strong>et</strong></span> <span class='ocrx_word' id='word_1_522' title='bbox 3574 1878 3717 1927; x_wconf 87' lang='lat' dir='ltr'><strong>tem-</strong></span> 
     </span>
    </p>
   </div>
   <div class='ocr_carea' id='block_1_77' title="bbox 2069 1959 3718 2032">
    <p class='ocr_par' dir='ltr' id='par_1_77' title="bbox 2069 1959 3718 2032">
     <span class='ocr_line' id='line_1_77' title="bbox 2069 1959 3718 2032; baseline 0.002 -19"><span class='ocrx_word' id='word_1_523' title='bbox 2069 1973 2207 2030; x_wconf 91' lang='lat' dir='ltr'><strong>pora</strong></span> <span class='ocrx_word' id='word_1_524' title='bbox 2260 1959 2518 2014; x_wconf 89' lang='lat' dir='ltr'><strong>breviter</strong></span> <span class='ocrx_word' id='word_1_525' title='bbox 2571 1960 2836 2029; x_wconf 86' lang='lat' dir='ltr'><strong>tetigisse</strong></span> <span class='ocrx_word' id='word_1_526' title='bbox 2886 1960 3152 2029; x_wconf 74' lang='lat' dir='ltr'><strong>sufﬁciat,</strong></span> <span class='ocrx_word' id='word_1_527' title='bbox 3205 1975 3355 2017; x_wconf 87' lang='lat' dir='ltr'><strong>nunc</strong></span> <span class='ocrx_word' id='word_1_528' title='bbox 3407 1960 3477 2016; x_wconf 92' lang='lat' dir='ltr'><strong>ad</strong></span> <span class='ocrx_word' id='word_1_529' title='bbox 3528 1965 3718 2032; x_wconf 63' lang='lat' dir='ltr'><strong>cepta;</strong></span> 
     </span>
    </p>
   </div>
   <div class='ocr_carea' id='block_1_78' title="bbox 2069 2046 3716 2120">
    <p class='ocr_par' dir='ltr' id='par_1_78' title="bbox 2069 2046 3716 2120">
     <span class='ocr_line' id='line_1_78' title="bbox 2069 2046 3716 2120; baseline 0.002 -18"><span class='ocrx_word' id='word_1_530' title='bbox 2069 2047 2242 2102; x_wconf 76' lang='lat' dir='ltr'><strong>seriei</strong></span> <span class='ocrx_word' id='word_1_531' title='bbox 2279 2046 2687 2119; x_wconf 87' lang='lat' dir='ltr'><strong>digestionem,</strong></span> <span class='ocrx_word' id='word_1_532' title='bbox 2714 2048 2866 2105; x_wconf 89' lang='lat' dir='ltr'><strong>unde</strong></span> <span class='ocrx_word' id='word_1_533' title='bbox 2892 2048 3189 2120; x_wconf 91' lang='lat' dir='ltr'><strong>paululum</strong></span> <span class='ocrx_word' id='word_1_534' title='bbox 3222 2048 3470 2119; x_wconf 88' lang='lat' dir='ltr'><strong>digressi</strong></span> <span class='ocrx_word' id='word_1_535' title='bbox 3494 2064 3716 2120; x_wconf 87' lang='lat' dir='ltr'><strong>sumus,</strong></span> 
     </span>
    </p>
   </div>
   <div class='ocr_carea' id='block_1_79' title="bbox 2067 2136 2647 2207">
    <p class='ocr_par' dir='ltr' id='par_1_79' title="bbox 2067 2136 2647 2207">
     <span class='ocr_line' id='line_1_79' title="bbox 2067 2136 2647 2207; baseline 0.005 -16"><span class='ocrx_word' id='word_1_536' title='bbox 2067 2136 2389 2207; x_wconf 91' lang='lat' dir='ltr'><strong>descriptio</strong></span> <span class='ocrx_word' id='word_1_537' title='bbox 2424 2138 2647 2194; x_wconf 86' lang='lat' dir='ltr'><strong>redeat.</strong></span> 
     </span>
    </p>
   </div>
   <div class='ocr_carea' id='block_1_80' title="bbox 2138 2226 3709 2299">
    <p class='ocr_par' dir='ltr' id='par_1_80' title="bbox 2138 2226 3709 2299">
     <span class='ocr_line' id='line_1_80' title="bbox 2138 2226 3709 2299; baseline 0.001 -18"><span class='ocrx_word' id='word_1_538' title='bbox 2138 2226 2238 2293; x_wconf 86' lang='grc' dir='ltr'><strong>(Η.</strong></span> <span class='ocrx_word' id='word_1_539' title='bbox 2273 2230 2376 2298; x_wconf 68' lang='lat' dir='ltr'><strong>ut.)</strong></span> <span class='ocrx_word' id='word_1_540' title='bbox 2425 2227 2688 2283; x_wconf 83' lang='lat' dir='ltr'><strong>Justinus</strong></span> <span class='ocrx_word' id='word_1_541' title='bbox 2736 2227 3054 2299; x_wconf 89' lang='lat' dir='ltr'><strong>imperator</strong></span> <span class='ocrx_word' id='word_1_542' title='bbox 3104 2227 3407 2298; x_wconf 84' lang='lat' dir='ltr'><strong>Tyberium</strong></span> <span class='ocrx_word' id='word_1_543' title='bbox 3441 2228 3709 2283; x_wconf 89' lang='lat' dir='ltr'><strong>comitem</strong></span> 
     </span>
    </p>
   </div>
   <div class='ocr_carea' id='block_1_81' title="bbox 2064 2315 3705 2388">
    <p class='ocr_par' dir='ltr' id='par_1_81' title="bbox 2064 2315 3705 2388">
     <span class='ocr_line' id='line_1_81' title="bbox 2064 2315 3705 2388; baseline 0.001 -18"><span class='ocrx_word' id='word_1_544' title='bbox 2064 2316 2473 2372; x_wconf 86' lang='lat' dir='ltr'><strong>excubitorum</strong></span> <span class='ocrx_word' id='word_1_545' title='bbox 2500 2316 2608 2371; x_wconf 89' lang='lat' dir='ltr'><strong>sibi</strong></span> <span class='ocrx_word' id='word_1_546' title='bbox 2636 2315 2815 2372; x_wconf 91' lang='lat' dir='ltr'><strong>ﬁlium</strong></span> <span class='ocrx_word' id='word_1_547' title='bbox 2842 2317 3077 2385; x_wconf 87' lang='lat' dir='ltr'><strong>faciens,</strong></span> <span class='ocrx_word' id='word_1_548' title='bbox 3109 2332 3362 2373; x_wconf 89' lang='lat' dir='ltr'><strong>cesarem</strong></span> <span class='ocrx_word' id='word_1_549' title='bbox 3392 2316 3705 2388; x_wconf 89' lang='lat' dir='ltr'><strong>appellavit</strong></span> 
     </span>
    </p>
   </div>
   <div class='ocr_carea' id='block_1_82' title="bbox 2064 2406 3711 2476">
    <p class='ocr_par' dir='ltr' id='par_1_82' title="bbox 2064 2406 3711 2476">
     <span class='ocr_line' id='line_1_82' title="bbox 2064 2406 3711 2476; baseline 0.002 -18"><span class='ocrx_word' id='word_1_550' title='bbox 2064 2408 2123 2459; x_wconf 91' lang='lat' dir='ltr'><strong>et</strong></span> <span class='ocrx_word' id='word_1_551' title='bbox 2146 2419 2545 2460; x_wconf 83' lang='lat' dir='ltr'><strong>consessorem</strong></span> <span class='ocrx_word' id='word_1_552' title='bbox 2569 2420 2736 2461; x_wconf 91' lang='lat' dir='ltr'><strong>suum</strong></span> <span class='ocrx_word' id='word_1_553' title='bbox 2762 2406 3090 2461; x_wconf 90' lang='lat' dir='ltr'><strong>constituit.</strong></span> <span class='ocrx_word' id='word_1_554' title='bbox 3119 2408 3253 2461; x_wconf 87' lang='lat' dir='ltr'><strong>Erat</strong></span> <span class='ocrx_word' id='word_1_555' title='bbox 3279 2406 3591 2476; x_wconf 90' lang='lat' dir='ltr'><strong>imperator</strong></span> <span class='ocrx_word' id='word_1_556' title='bbox 3614 2421 3711 2476; x_wconf 90' lang='lat' dir='ltr'><strong>pe-</strong></span> 
     </span>
    </p>
   </div>
   <div class='ocr_carea' id='block_1_83' title="bbox 2064 2493 3702 2565">
    <p class='ocr_par' dir='ltr' id='par_1_83' title="bbox 2064 2493 3702 2565">
     <span class='ocr_line' id='line_1_83' title="bbox 2064 2493 3702 2565; baseline 0.001 -18"><span class='ocrx_word' id='word_1_557' title='bbox 2064 2493 2235 2548; x_wconf 89' lang='lat' dir='ltr'><strong>dibus</strong></span> <span class='ocrx_word' id='word_1_558' title='bbox 2267 2508 2424 2563; x_wconf 85' lang='lat' dir='ltr'><strong>eger,</strong></span> <span class='ocrx_word' id='word_1_559' title='bbox 2451 2497 2507 2548; x_wconf 93' lang='lat' dir='ltr'><strong>et</strong></span> <span class='ocrx_word' id='word_1_560' title='bbox 2535 2509 2639 2565; x_wconf 92' lang='lat' dir='ltr'><strong>per</strong></span> <span class='ocrx_word' id='word_1_561' title='bbox 2662 2494 2770 2550; x_wconf 88' lang='lat' dir='ltr'><strong>hoc</strong></span> <span class='ocrx_word' id='word_1_562' title='bbox 2797 2495 2978 2564; x_wconf 88' lang='lat' dir='ltr'><strong>magis</strong></span> <span class='ocrx_word' id='word_1_563' title='bbox 3006 2495 3063 2549; x_wconf 92' lang='lat' dir='ltr'><strong>in</strong></span> <span class='ocrx_word' id='word_1_564' title='bbox 3093 2495 3311 2551; x_wconf 88' lang='lat' dir='ltr'><strong>lectulo</strong></span> <span class='ocrx_word' id='word_1_565' title='bbox 3335 2495 3534 2565; x_wconf 88' lang='lat' dir='ltr'><strong>jacuit.</strong></span> <span class='ocrx_word' id='word_1_566' title='bbox 3571 2496 3702 2550; x_wconf 88' lang='lat' dir='ltr'><strong>Post</strong></span> 
     </span>
    </p>
   </div>
   <div class='ocr_carea' id='block_1_84' title="bbox 2062 2580 3709 2655">
    <p class='ocr_par' dir='ltr' id='par_1_84' title="bbox 2062 2580 3709 2655">
     <span class='ocr_line' id='line_1_84' title="bbox 2062 2580 3709 2655; baseline 0.002 -20"><span class='ocrx_word' id='word_1_567' title='bbox 2062 2580 2187 2637; x_wconf 64' lang='lat' dir='ltr'><strong>haec</strong></span> <span class='ocrx_word' id='word_1_568' title='bbox 2218 2582 2563 2653; x_wconf 88' lang='lat' dir='ltr'><strong>inﬁrmatus,</strong></span> <span class='ocrx_word' id='word_1_569' title='bbox 2609 2583 2712 2639; x_wconf 89' lang='lat' dir='ltr'><strong>sed</strong></span> <span class='ocrx_word' id='word_1_570' title='bbox 2755 2588 2888 2655; x_wconf 92' lang='lat' dir='ltr'><strong>post</strong></span> <span class='ocrx_word' id='word_1_571' title='bbox 2930 2583 3226 2655; x_wconf 91' lang='lat' dir='ltr'><strong>paululum</strong></span> <span class='ocrx_word' id='word_1_572' title='bbox 3258 2599 3287 2639; x_wconf 87' lang='lat' dir='ltr'><strong>a</strong></span> <span class='ocrx_word' id='word_1_573' title='bbox 3321 2583 3595 2653; x_wconf 83' lang='lat' dir='ltr'><strong>languore</strong></span> <span class='ocrx_word' id='word_1_574' title='bbox 3625 2583 3709 2639; x_wconf 86' lang='lat' dir='ltr'><strong>di-</strong></span> 
     </span>
    </p>
   </div>
   <div class='ocr_carea' id='block_1_85' title="bbox 2063 2671 3704 2744">
    <p class='ocr_par' dir='ltr' id='par_1_85' title="bbox 2063 2671 3704 2744">
     <span class='ocr_line' id='line_1_85' title="bbox 2063 2671 3704 2744; baseline 0.002 -20"><span class='ocrx_word' id='word_1_575' title='bbox 2063 2671 2296 2741; x_wconf 89' lang='lat' dir='ltr'><strong>missus,</strong></span> <span class='ocrx_word' id='word_1_576' title='bbox 2327 2673 2671 2729; x_wconf 89' lang='lat' dir='ltr'><strong>convocavit</strong></span> <span class='ocrx_word' id='word_1_577' title='bbox 2700 2678 2817 2728; x_wconf 91' lang='lat' dir='ltr'><strong>tam</strong></span> <span class='ocrx_word' id='word_1_578' title='bbox 2850 2672 3136 2729; x_wconf 87' lang='lat' dir='ltr'><strong>Euticium</strong></span> <span class='ocrx_word' id='word_1_579' title='bbox 3171 2672 3501 2744; x_wconf 89' lang='lat' dir='ltr'><strong>pontiﬁcem</strong></span> <span class='ocrx_word' id='word_1_580' title='bbox 3532 2677 3588 2728; x_wconf 90' lang='lat' dir='ltr'><strong>et</strong></span> <span class='ocrx_word' id='word_1_581' title='bbox 3618 2688 3704 2727; x_wconf 88' lang='lat' dir='ltr'><strong>se-</strong></span> 
     </span>
    </p>
   </div>
   <div class='ocr_carea' id='block_1_86' title="bbox 2062 2761 3704 2832">
    <p class='ocr_par' dir='ltr' id='par_1_86' title="bbox 2062 2761 3704 2832">
     <span class='ocr_line' id='line_1_86' title="bbox 2062 2761 3704 2832; baseline 0.001 -19"><span class='ocrx_word' id='word_1_582' title='bbox 2062 2763 2279 2829; x_wconf 91' lang='lat' dir='ltr'><strong>natum,</strong></span> <span class='ocrx_word' id='word_1_583' title='bbox 2309 2775 2477 2830; x_wconf 92' lang='lat' dir='ltr'><strong>quam</strong></span> <span class='ocrx_word' id='word_1_584' title='bbox 2501 2776 2703 2818; x_wconf 92' lang='lat' dir='ltr'><strong>omnes</strong></span> <span class='ocrx_word' id='word_1_585' title='bbox 2726 2762 3065 2818; x_wconf 88' lang='lat' dir='ltr'><strong>sacerdotes</strong></span> <span class='ocrx_word' id='word_1_586' title='bbox 3087 2767 3143 2817; x_wconf 91' lang='lat' dir='ltr'><strong>et</strong></span> <span class='ocrx_word' id='word_1_587' title='bbox 3168 2761 3345 2832; x_wconf 91' lang='lat' dir='ltr'><strong>cives,</strong></span> <span class='ocrx_word' id='word_1_588' title='bbox 3368 2767 3427 2817; x_wconf 91' lang='lat' dir='ltr'><strong>et</strong></span> <span class='ocrx_word' id='word_1_589' title='bbox 3452 2762 3704 2817; x_wconf 89' lang='lat' dir='ltr'><strong>adducto</strong></span> 
     </span>
    </p>
   </div>
   <div class='ocr_carea' id='block_1_87' title="bbox 2062 2850 3704 2922">
    <p class='ocr_par' dir='ltr' id='par_1_87' title="bbox 2062 2850 3704 2922">
     <span class='ocr_line' id='line_1_87' title="bbox 2062 2850 3704 2922; baseline 0.002 -19"><span class='ocrx_word' id='word_1_590' title='bbox 2062 2862 2281 2904; x_wconf 53' lang='lat' dir='ltr'><strong>caesare</strong></span> <span class='ocrx_word' id='word_1_591' title='bbox 2312 2850 2574 2921; x_wconf 78' lang='lat' dir='ltr'><strong>Tyberio,</strong></span> <span class='ocrx_word' id='word_1_592' title='bbox 2604 2850 2790 2921; x_wconf 90' lang='lat' dir='ltr'><strong>palam</strong></span> <span class='ocrx_word' id='word_1_593' title='bbox 2815 2851 3083 2907; x_wconf 89' lang='lat' dir='ltr'><strong>omnibus</strong></span> <span class='ocrx_word' id='word_1_594' title='bbox 3109 2850 3424 2922; x_wconf 88' lang='lat' dir='ltr'><strong>appellavit</strong></span> <span class='ocrx_word' id='word_1_595' title='bbox 3446 2865 3573 2907; x_wconf 90' lang='lat' dir='ltr'><strong>eum</strong></span> <span class='ocrx_word' id='word_1_596' title='bbox 3604 2851 3704 2906; x_wconf 88' lang='lat' dir='ltr'><strong>im-</strong></span> 
     </span>
    </p>
   </div>
   <div class='ocr_carea' id='block_1_88' title="bbox 2061 2938 3704 3009">
    <p class='ocr_par' dir='ltr' id='par_1_88' title="bbox 2061 2938 3704 3009">
     <span class='ocr_line' id='line_1_88' title="bbox 2061 2938 3704 3009; baseline 0.004 -19"><span class='ocrx_word' id='word_1_597' title='bbox 2061 2943 2411 3009; x_wconf 90' lang='lat' dir='ltr'><strong>peratorem,</strong></span> <span class='ocrx_word' id='word_1_598' title='bbox 2453 2939 2540 2995; x_wconf 91' lang='lat' dir='ltr'><strong>his</strong></span> <span class='ocrx_word' id='word_1_599' title='bbox 2572 2940 2939 2996; x_wconf 90' lang='lat' dir='ltr'><strong>sermonibus</strong></span> <span class='ocrx_word' id='word_1_600' title='bbox 2975 2955 3154 2996; x_wconf 90' lang='lat' dir='ltr'><strong>usus:</strong></span> <span class='ocrx_word' id='word_1_601' title='bbox 3182 2941 3331 2997; x_wconf 82' lang='lat' dir='ltr'><strong>Ecce</strong></span> <span class='ocrx_word' id='word_1_602' title='bbox 3359 2941 3516 2997; x_wconf 85' lang='lat' dir='ltr'><strong>Deus</strong></span> <span class='ocrx_word' id='word_1_603' title='bbox 3548 2938 3704 2997; x_wconf 77' lang='lat' dir='ltr'><strong>bene-</strong></span> 
     </span>
    </p>
   </div>
   <div class='ocr_carea' id='block_1_89' title="bbox 2060 3026 3693 3100">
    <p class='ocr_par' dir='ltr' id='par_1_89' title="bbox 2060 3026 3693 3100">
     <span class='ocr_line' id='line_1_89' title="bbox 2060 3026 3693 3100; baseline -0.001 -16"><span class='ocrx_word' id='word_1_604' title='bbox 2060 3026 2207 3084; x_wconf 81' lang='lat' dir='ltr'><strong>fecit</strong></span> <span class='ocrx_word' id='word_1_605' title='bbox 2234 3026 2362 3095; x_wconf 70' lang='lat' dir='ltr'><strong>tibi,</strong></span> <span class='ocrx_word' id='word_1_606' title='bbox 2399 3027 2554 3084; x_wconf 71' lang='lat' dir='ltr'><strong>lianc</strong></span> <span class='ocrx_word' id='word_1_607' title='bbox 2584 3028 2855 3084; x_wconf 73' lang='lat' dir='ltr'><strong>habitum</strong></span> <span class='ocrx_word' id='word_1_608' title='bbox 2882 3031 3041 3085; x_wconf 86' lang='lat' dir='ltr'><strong>Deus</strong></span> <span class='ocrx_word' id='word_1_609' title='bbox 3074 3028 3184 3085; x_wconf 75' lang='lat' dir='ltr'><strong>tibi</strong></span> <span class='ocrx_word' id='word_1_610' title='bbox 3213 3028 3393 3098; x_wconf 82' lang='lat' dir='ltr'><strong>dedit,</strong></span> <span class='ocrx_word' id='word_1_611' title='bbox 3423 3042 3539 3084; x_wconf 57' lang='grc' dir='ltr'><strong>ποθι</strong></span> <span class='ocrx_word' id='word_1_612' title='bbox 3566 3043 3693 3100; x_wconf 73' lang='lat' dir='ltr'><strong>ego.</strong></span> 
     </span>
    </p>
   </div>
   <div class='ocr_carea' id='block_1_90' title="bbox 2057 3113 3703 3187">
    <p class='ocr_par' dir='ltr' id='par_1_90' title="bbox 2057 3113 3703 3187">
     <span class='ocr_line' id='line_1_90' title="bbox 2057 3113 3703 3187; baseline 0.002 -18"><span class='ocrx_word' id='word_1_613' title='bbox 2057 3113 2304 3171; x_wconf 79' lang='lat' dir='ltr'><strong>Hauc-ra</strong></span> <span class='ocrx_word' id='word_1_614' title='bbox 2330 3115 2524 3185; x_wconf 81' lang='lat' dir='ltr'><strong>illum,</strong></span> <span class='ocrx_word' id='word_1_615' title='bbox 2558 3117 2629 3173; x_wconf 79' lang='lat' dir='ltr'><strong>ut</strong></span> <span class='ocrx_word' id='word_1_616' title='bbox 2653 3118 2717 3173; x_wconf 80' lang='lat' dir='ltr'><strong>lu</strong></span> <span class='ocrx_word' id='word_1_617' title='bbox 2746 3131 2980 3187; x_wconf 71' lang='lat' dir='ltr'><strong>quoque</strong></span> <span class='ocrx_word' id='word_1_618' title='bbox 3007 3115 3312 3174; x_wconf 69' lang='lat' dir='ltr'><strong>houorerz&#39;s</strong></span> <span class='ocrx_word' id='word_1_619' title='bbox 3340 3116 3414 3174; x_wconf 78' lang='lat' dir='ltr'><strong>ab</strong></span> <span class='ocrx_word' id='word_1_620' title='bbox 3441 3117 3579 3187; x_wconf 84' lang='lat' dir='ltr'><strong>illo;</strong></span> <span class='ocrx_word' id='word_1_621' title='bbox 3607 3118 3703 3173; x_wconf 76' lang='lat' dir='ltr'><strong>lio-</strong></span> 
     </span>
    </p>
   </div>
   <div class='ocr_carea' id='block_1_91' title="bbox 2056 3204 3702 3277">
    <p class='ocr_par' dir='ltr' id='par_1_91' title="bbox 2056 3204 3702 3277">
     <span class='ocr_line' id='line_1_91' title="bbox 2056 3204 3702 3277; baseline 0.002 -19"><span class='ocrx_word' id='word_1_622' title='bbox 2056 3216 2206 3258; x_wconf 77' lang='lat' dir='ltr'><strong>uora</strong></span> <span class='ocrx_word' id='word_1_623' title='bbox 2251 3204 2503 3259; x_wconf 71' lang='lat' dir='ltr'><strong>matrem</strong></span> <span class='ocrx_word' id='word_1_624' title='bbox 2553 3205 2737 3275; x_wconf 82' lang='lat' dir='ltr'><strong>tuam,</strong></span> <span class='ocrx_word' id='word_1_625' title='bbox 2790 3220 2922 3276; x_wconf 66' lang='lat' dir='ltr'><strong>qua</strong></span> <span class='ocrx_word' id='word_1_626' title='bbox 2970 3205 3297 3277; x_wconf 73' lang='lat' dir='ltr'><strong>aliquando</strong></span> <span class='ocrx_word' id='word_1_627' title='bbox 3325 3205 3436 3262; x_wconf 78' lang='lat' dir='ltr'><strong>tibi</strong></span> <span class='ocrx_word' id='word_1_628' title='bbox 3463 3206 3702 3263; x_wconf 72' lang='lat' dir='ltr'><strong>domina</strong></span> 
     </span>
    </p>
   </div>
   <div class='ocr_carea' id='block_1_92' title="bbox 2058 3290 3704 3365">
    <p class='ocr_par' dir='ltr' id='par_1_92' title="bbox 2058 3290 3704 3365">
     <span class='ocr_line' id='line_1_92' title="bbox 2058 3290 3704 3365; baseline 0.004 -21"><span class='ocrx_word' id='word_1_629' title='bbox 2058 3290 2213 3357; x_wconf 75' lang='lat' dir='ltr'><strong>fuit;</strong></span> <span class='ocrx_word' id='word_1_630' title='bbox 2241 3292 2418 3361; x_wconf 73' lang='lat' dir='ltr'><strong>uasti,</strong></span> <span class='ocrx_word' id='word_1_631' title='bbox 2453 3294 2613 3362; x_wconf 73' lang='lat' dir='ltr'><strong>quod</strong></span> <span class='ocrx_word' id='word_1_632' title='bbox 2629 3296 2899 3363; x_wconf 70' lang='lat' dir='ltr'><strong>primum</strong></span> <span class='ocrx_word' id='word_1_633' title='bbox 2912 3294 3124 3365; x_wconf 75' lang='lat' dir='ltr'><strong>fueris</strong></span> <span class='ocrx_word' id='word_1_634' title='bbox 3146 3294 3276 3363; x_wconf 85' lang='lat' dir='ltr'><strong>ejus</strong></span> <span class='ocrx_word' id='word_1_635' title='bbox 3295 3308 3516 3361; x_wconf 72' lang='lat' dir='ltr'><strong>servus,</strong></span> <span class='ocrx_word' id='word_1_636' title='bbox 3549 3307 3704 3351; x_wconf 77' lang='lat' dir='ltr'><strong>nunc</strong></span> 
     </span>
    </p>
   </div>
   <div class='ocr_carea' id='block_1_93' title="bbox 2056 3379 3704 3454">
    <p class='ocr_par' dir='ltr' id='par_1_93' title="bbox 2056 3379 3704 3454">
     <span class='ocr_line' id='line_1_93' title="bbox 2056 3379 3704 3454; baseline 0.002 -19"><span class='ocrx_word' id='word_1_637' title='bbox 2056 3379 2254 3435; x_wconf 80' lang='lat' dir='ltr'><strong>autem</strong></span> <span class='ocrx_word' id='word_1_638' title='bbox 2290 3381 2487 3452; x_wconf 68' lang='lat' dir='ltr'><strong>filius.</strong></span> <span class='ocrx_word' id='word_1_639' title='bbox 2542 3382 2630 3439; x_wconf 90' lang='lat' dir='ltr'><strong>Ne</strong></span> <span class='ocrx_word' id='word_1_640' title='bbox 2668 3383 3005 3454; x_wconf 73' lang='lat' dir='ltr'><strong>gratuleris</strong></span> <span class='ocrx_word' id='word_1_641' title='bbox 3036 3383 3099 3438; x_wconf 80' lang='lat' dir='ltr'><strong>in</strong></span> <span class='ocrx_word' id='word_1_642' title='bbox 3129 3382 3547 3453; x_wconf 70' lang='lat' dir='ltr'><strong>saaguiuibus,</strong></span> <span class='ocrx_word' id='word_1_643' title='bbox 3599 3396 3704 3439; x_wconf 81' lang='lat' dir='ltr'><strong>uec</strong></span> 
     </span>
    </p>
   </div>
   <div class='ocr_carea' id='block_1_94' title="bbox 2056 3471 3696 3543">
    <p class='ocr_par' dir='ltr' id='par_1_94' title="bbox 2056 3471 3696 3543">
     <span class='ocr_line' id='line_1_94' title="bbox 2056 3471 3696 3543; baseline 0.002 -18"><span class='ocrx_word' id='word_1_644' title='bbox 2056 3471 2445 3527; x_wconf 76' lang='lat' dir='ltr'><strong>commmzices</strong></span> <span class='ocrx_word' id='word_1_645' title='bbox 2466 3471 2623 3525; x_wconf 74' lang='lat' dir='ltr'><strong>hami</strong></span> <span class='ocrx_word' id='word_1_646' title='bbox 2629 3472 2752 3527; x_wconf 79' lang='lat' dir='ltr'><strong>cidi</strong></span> <span class='ocrx_word' id='word_1_647' title='bbox 2758 3487 2806 3539; x_wconf 89' lang='lat'><strong>0,</strong></span> <span class='ocrx_word' id='word_1_648' title='bbox 2832 3487 2904 3528; x_wconf 79' lang='lat' dir='ltr'><strong>ue</strong></span> <span class='ocrx_word' id='word_1_649' title='bbox 2923 3473 3147 3528; x_wconf 84' lang='lat' dir='ltr'><strong>malum</strong></span> <span class='ocrx_word' id='word_1_650' title='bbox 3157 3487 3270 3543; x_wconf 68' lang='lat' dir='ltr'><strong>pro</strong></span> <span class='ocrx_word' id='word_1_651' title='bbox 3291 3473 3447 3529; x_wconf 82' lang='lat' dir='ltr'><strong>male</strong></span> <span class='ocrx_word' id='word_1_652' title='bbox 3466 3471 3696 3529; x_wconf 79' lang='lat' dir='ltr'><strong>reddas‘</strong></span> 
     </span>
    </p>
   </div>
   <div class='ocr_carea' id='block_1_95' title="bbox 2054 3556 3703 3631">
    <p class='ocr_par' dir='ltr' id='par_1_95' title="bbox 2054 3556 3703 3631">
     <span class='ocr_line' id='line_1_95' title="bbox 2054 3556 3703 3631; baseline 0.003 -20"><span class='ocrx_word' id='word_1_653' title='bbox 2054 3569 2127 3612; x_wconf 83' lang='lat' dir='ltr'><strong>ue</strong></span> <span class='ocrx_word' id='word_1_654' title='bbox 2148 3556 2213 3613; x_wconf 82' lang='lat' dir='ltr'><strong>iu</strong></span> <span class='ocrx_word' id='word_1_655' title='bbox 2236 3558 2391 3613; x_wconf 82' lang='lat' dir='ltr'><strong>male</strong></span> <span class='ocrx_word' id='word_1_656' title='bbox 2420 3558 2766 3616; x_wconf 72' lang='lat' dir='ltr'><strong>iuimicicia</strong></span> <span class='ocrx_word' id='word_1_657' title='bbox 2784 3560 2969 3617; x_wconf 71' lang='lat' dir='ltr'><strong>michi</strong></span> <span class='ocrx_word' id='word_1_658' title='bbox 2989 3560 3211 3617; x_wconf 81' lang='lat' dir='ltr'><strong>similis</strong></span> <span class='ocrx_word' id='word_1_659' title='bbox 3243 3560 3557 3631; x_wconf 70' lang='lat' dir='ltr'><strong>eﬂciaris;</strong></span> <span class='ocrx_word' id='word_1_660' title='bbox 3584 3573 3703 3616; x_wconf 75' lang='lat' dir='ltr'><strong>nou</strong></span> 
     </span>
    </p>
   </div>
   <div class='ocr_carea' id='block_1_96' title="bbox 2056 3646 3703 3720">
    <p class='ocr_par' dir='ltr' id='par_1_96' title="bbox 2056 3646 3703 3720">
     <span class='ocr_line' id='line_1_96' title="bbox 2056 3646 3703 3720; baseline 0.003 -19"><span class='ocrx_word' id='word_1_661' title='bbox 2056 3647 2242 3702; x_wconf 76' lang='lat' dir='ltr'><strong>elevet</strong></span> <span class='ocrx_word' id='word_1_662' title='bbox 2256 3647 2310 3702; x_wconf 82' lang='lat' dir='ltr'><strong>te</strong></span> <span class='ocrx_word' id='word_1_663' title='bbox 2328 3646 2572 3705; x_wconf 74' lang='lat' dir='ltr'><strong>habitus</strong></span> <span class='ocrx_word' id='word_1_664' title='bbox 2593 3649 2692 3705; x_wconf 81' lang='lat' dir='ltr'><strong>Izic</strong></span> <span class='ocrx_word' id='word_1_665' title='bbox 2712 3650 3203 3720; x_wconf 69' lang='lat' dir='ltr'><strong>quemadmodum</strong></span> <span class='ocrx_word' id='word_1_666' title='bbox 3219 3664 3342 3718; x_wconf 85' lang='lat' dir='ltr'><strong>me;</strong></span> <span class='ocrx_word' id='word_1_667' title='bbox 3360 3652 3449 3707; x_wconf 86' lang='lat' dir='ltr'><strong>sic</strong></span> <span class='ocrx_word' id='word_1_668' title='bbox 3468 3649 3703 3706; x_wconf 72' lang='lat' dir='ltr'><strong>attende</strong></span> 
     </span>
    </p>
   </div>
   <div class='ocr_carea' id='block_1_97' title="bbox 2055 3735 3696 3812">
    <p class='ocr_par' dir='ltr' id='par_1_97' title="bbox 2055 3735 3696 3812">
     <span class='ocr_line' id='line_1_97' title="bbox 2055 3735 3696 3812; baseline 0.004 -23"><span class='ocrx_word' id='word_1_669' title='bbox 2055 3735 2325 3792; x_wconf 70' lang='lat' dir='ltr'><strong>omnibus</strong></span> <span class='ocrx_word' id='word_1_670' title='bbox 2350 3737 2507 3793; x_wconf 70' lang='lat' dir='ltr'><strong>sicut</strong></span> <span class='ocrx_word' id='word_1_671' title='bbox 2533 3737 2676 3805; x_wconf 75' lang='lat' dir='ltr'><strong>tibi;</strong></span> <span class='ocrx_word' id='word_1_672' title='bbox 2702 3740 2850 3796; x_wconf 74' lang='lat' dir='ltr'><strong>scito</strong></span> <span class='ocrx_word' id='word_1_673' title='bbox 2877 3741 3016 3810; x_wconf 77' lang='lat' dir='ltr'><strong>quis</strong></span> <span class='ocrx_word' id='word_1_674' title='bbox 3029 3739 3254 3812; x_wconf 78' lang='lat' dir='ltr'><strong>fueris,</strong></span> <span class='ocrx_word' id='word_1_675' title='bbox 3280 3752 3351 3795; x_wconf 85' lang='lat' dir='ltr'><strong>ue</strong></span> <span class='ocrx_word' id='word_1_676' title='bbox 3369 3738 3696 3809; x_wconf 70' lang='lat' dir='ltr'><strong>superbiae,</strong></span> 
     </span>
    </p>
   </div>
   <div class='ocr_carea' id='block_1_98' title="bbox 2055 3824 3699 3899">
    <p class='ocr_par' dir='ltr' id='par_1_98' title="bbox 2055 3824 3699 3899">
     <span class='ocr_line' id='line_1_98' title="bbox 2055 3824 3699 3899; baseline 0.002 -20"><span class='ocrx_word' id='word_1_677' title='bbox 2055 3824 2240 3880; x_wconf 70' lang='lat' dir='ltr'><strong>etnon</strong></span> <span class='ocrx_word' id='word_1_678' title='bbox 2250 3825 2545 3895; x_wconf 72' lang='lat' dir='ltr'><strong>peccabis.</strong></span> <span class='ocrx_word' id='word_1_679' title='bbox 2576 3828 2783 3884; x_wconf 80' lang='lat' dir='ltr'><strong>Omnes</strong></span> <span class='ocrx_word' id='word_1_680' title='bbox 2799 3828 2971 3899; x_wconf 66' lang='lat' dir='ltr'><strong>isti/1‘</strong></span> <span class='ocrx_word' id='word_1_681' title='bbox 2978 3829 3045 3884; x_wconf 89' lang='lat' dir='ltr'><strong>lii</strong></span> <span class='ocrx_word' id='word_1_682' title='bbox 3067 3827 3155 3883; x_wconf 77' lang='grc' dir='ltr'><strong>ιιιί</strong></span> <span class='ocrx_word' id='word_1_683' title='bbox 3174 3829 3315 3884; x_wconf 74' lang='lat' dir='ltr'><strong>sunt</strong></span> <span class='ocrx_word' id='word_1_684' title='bbox 3331 3828 3389 3884; x_wconf 78' lang='lat' dir='ltr'><strong>et</strong></span> <span class='ocrx_word' id='word_1_685' title='bbox 3400 3828 3574 3897; x_wconf 67' lang='lat' dir='ltr'><strong>servi,</strong></span> <span class='ocrx_word' id='word_1_686' title='bbox 3596 3826 3699 3883; x_wconf 75' lang='lat' dir='ltr'><strong>hos</strong></span> 
     </span>
    </p>
   </div>
   <div class='ocr_carea' id='block_1_99' title="bbox 2055 3915 3695 3987">
    <p class='ocr_par' dir='ltr' id='par_1_99' title="bbox 2055 3915 3695 3987">
     <span class='ocr_line' id='line_1_99' title="bbox 2055 3915 3695 3987; baseline 0.001 -17"><span class='ocrx_word' id='word_1_687' title='bbox 2055 3928 2185 3970; x_wconf 84' lang='lat' dir='ltr'><strong>cum</strong></span> <span class='ocrx_word' id='word_1_688' title='bbox 2205 3915 2435 3985; x_wconf 71' lang='lat' dir='ltr'><strong>videas,</strong></span> <span class='ocrx_word' id='word_1_689' title='bbox 2460 3929 2655 3971; x_wconf 76' lang='lat' dir='ltr'><strong>omnes</strong></span> <span class='ocrx_word' id='word_1_690' title='bbox 2679 3916 2785 3986; x_wconf 74' lang='lat' dir='ltr'><strong>qui</strong></span> <span class='ocrx_word' id='word_1_691' title='bbox 2806 3917 2948 3973; x_wconf 74' lang='lat' dir='ltr'><strong>sunt</strong></span> <span class='ocrx_word' id='word_1_692' title='bbox 2964 3917 3055 3971; x_wconf 73' lang='lat' dir='ltr'><strong>rei</strong></span> <span class='ocrx_word' id='word_1_693' title='bbox 3074 3916 3327 3987; x_wconf 68' lang='lat' dir='ltr'><strong>publica</strong></span> <span class='ocrx_word' id='word_1_694' title='bbox 3353 3918 3533 3974; x_wconf 76' lang='lat' dir='ltr'><strong>vides.</strong></span> <span class='ocrx_word' id='word_1_695' title='bbox 3570 3918 3695 3972; x_wconf 65' lang='lat' dir='ltr'><strong>Haec</strong></span> 
     </span>
    </p>
   </div>
   <div class='ocr_carea' id='block_1_100' title="bbox 2055 4003 3695 4076">
    <p class='ocr_par' dir='ltr' id='par_1_100' title="bbox 2055 4003 3695 4076">
     <span class='ocr_line' id='line_1_100' title="bbox 2055 4003 3695 4076; baseline 0 -17"><span class='ocrx_word' id='word_1_696' title='bbox 2055 4018 2183 4059; x_wconf 89' lang='lat' dir='ltr'><strong>cum</strong></span> <span class='ocrx_word' id='word_1_697' title='bbox 2225 4003 2495 4074; x_wconf 86' lang='lat' dir='ltr'><strong>dixisset,</strong></span> <span class='ocrx_word' id='word_1_698' title='bbox 2538 4009 2597 4059; x_wconf 90' lang='lat' dir='ltr'><strong>et</strong></span> <span class='ocrx_word' id='word_1_699' title='bbox 2641 4005 2789 4059; x_wconf 83' lang='lat' dir='ltr'><strong>facta</strong></span> <span class='ocrx_word' id='word_1_700' title='bbox 2823 4005 3089 4060; x_wconf 86' lang='lat' dir='ltr'><strong>oratione</strong></span> <span class='ocrx_word' id='word_1_701' title='bbox 3124 4020 3152 4060; x_wconf 89' lang='lat' dir='ltr'><strong>a</strong></span> <span class='ocrx_word' id='word_1_702' title='bbox 3189 4005 3539 4076; x_wconf 88' lang='lat' dir='ltr'><strong>patriarcha,</strong></span> <span class='ocrx_word' id='word_1_703' title='bbox 3569 4020 3695 4061; x_wconf 91' lang='lat' dir='ltr'><strong>cum</strong></span> 
     </span>
    </p>
   </div>
   <div class='ocr_carea' id='block_1_101' title="bbox 2054 4090 3697 4165">
    <p class='ocr_par' dir='ltr' id='par_1_101' title="bbox 2054 4090 3697 4165">
     <span class='ocr_line' id='line_1_101' title="bbox 2054 4090 3697 4165; baseline 0.001 -20"><span class='ocrx_word' id='word_1_704' title='bbox 2054 4090 2340 4146; x_wconf 89' lang='lat' dir='ltr'><strong>dixissent</strong></span> <span class='ocrx_word' id='word_1_705' title='bbox 2372 4106 2573 4147; x_wconf 88' lang='lat' dir='ltr'><strong>omnes</strong></span> <span class='ocrx_word' id='word_1_706' title='bbox 2599 4112 2610 4145; x_wconf 88' lang='lat'>:</span> <span class='ocrx_word' id='word_1_707' title='bbox 2636 4094 2837 4161; x_wconf 76' lang='lat' dir='ltr'><strong>Amen,</strong></span> <span class='ocrx_word' id='word_1_708' title='bbox 2865 4093 3078 4148; x_wconf 86' lang='lat' dir='ltr'><strong>cecidit</strong></span> <span class='ocrx_word' id='word_1_709' title='bbox 3101 4107 3282 4149; x_wconf 64' lang='lat' dir='ltr'><strong>caesar</strong></span> <span class='ocrx_word' id='word_1_710' title='bbox 3305 4093 3375 4149; x_wconf 90' lang='lat' dir='ltr'><strong>ad</strong></span> <span class='ocrx_word' id='word_1_711' title='bbox 3398 4094 3574 4165; x_wconf 88' lang='lat' dir='ltr'><strong>pedes</strong></span> <span class='ocrx_word' id='word_1_712' title='bbox 3600 4093 3697 4147; x_wconf 88' lang='lat' dir='ltr'><strong>im-</strong></span> 
     </span>
    </p>
   </div>
   <div class='ocr_carea' id='block_1_102' title="bbox 2055 4180 3690 4253">
    <p class='ocr_par' dir='ltr' id='par_1_102' title="bbox 2055 4180 3690 4253">
     <span class='ocr_line' id='line_1_102' title="bbox 2055 4180 3690 4253; baseline -0.001 -18"><span class='ocrx_word' id='word_1_713' title='bbox 2055 4180 2368 4249; x_wconf 88' lang='lat' dir='ltr'><strong>peratoris,</strong></span> <span class='ocrx_word' id='word_1_714' title='bbox 2404 4184 2459 4235; x_wconf 88' lang='lat' dir='ltr'><strong>et</strong></span> <span class='ocrx_word' id='word_1_715' title='bbox 2496 4180 2642 4235; x_wconf 88' lang='lat' dir='ltr'><strong>dixit</strong></span> <span class='ocrx_word' id='word_1_716' title='bbox 2665 4180 2716 4236; x_wconf 91' lang='lat' dir='ltr'><strong>ei</strong></span> <span class='ocrx_word' id='word_1_717' title='bbox 2745 4200 2755 4234; x_wconf 93' lang='lat'>:</span> <span class='ocrx_word' id='word_1_718' title='bbox 2782 4182 2857 4238; x_wconf 78' lang='lat' dir='ltr'><strong>Si</strong></span> <span class='ocrx_word' id='word_1_719' title='bbox 2877 4182 2988 4251; x_wconf 75' lang='lat' dir='ltr'><strong>eis,</strong></span> <span class='ocrx_word' id='word_1_720' title='bbox 3013 4196 3179 4251; x_wconf 80' lang='lat' dir='ltr'><strong>sum;</strong></span> <span class='ocrx_word' id='word_1_721' title='bbox 3203 4184 3257 4238; x_wconf 83' lang='lat' dir='ltr'><strong>si</strong></span> <span class='ocrx_word' id='word_1_722' title='bbox 3278 4184 3387 4253; x_wconf 72' lang='lat' dir='ltr'><strong>eis,</strong></span> <span class='ocrx_word' id='word_1_723' title='bbox 3412 4194 3690 4238; x_wconf 81' lang='lat' dir='ltr'><strong>uousum.</strong></span> 
     </span>
    </p>
   </div>
   <div class='ocr_carea' id='block_1_103' title="bbox 2052 4269 3695 4341">
    <p class='ocr_par' dir='ltr' id='par_1_103' title="bbox 2052 4269 3695 4341">
     <span class='ocr_line' id='line_1_103' title="bbox 2052 4269 3695 4341; baseline 0.001 -18"><span class='ocrx_word' id='word_1_724' title='bbox 2052 4271 2120 4323; x_wconf 87' lang='lat' dir='ltr'><strong>Et</strong></span> <span class='ocrx_word' id='word_1_725' title='bbox 2146 4269 2462 4339; x_wconf 87' lang='lat' dir='ltr'><strong>imperator</strong></span> <span class='ocrx_word' id='word_1_726' title='bbox 2495 4270 2575 4323; x_wconf 87' lang='lat' dir='ltr'><strong>ait</strong></span> <span class='ocrx_word' id='word_1_727' title='bbox 2602 4289 2613 4323; x_wconf 87' lang='lat'><strong>:</strong></span> <span class='ocrx_word' id='word_1_728' title='bbox 2639 4271 2816 4337; x_wconf 84' lang='lat' dir='ltr'><strong>Deus,</strong></span> <span class='ocrx_word' id='word_1_729' title='bbox 2850 4270 3129 4341; x_wconf 74' lang='lat' dir='ltr'><strong>quifecil</strong></span> <span class='ocrx_word' id='word_1_730' title='bbox 3153 4273 3357 4327; x_wconf 66' lang='lat' dir='ltr'><strong>caelum</strong></span> <span class='ocrx_word' id='word_1_731' title='bbox 3380 4272 3437 4327; x_wconf 80' lang='lat' dir='ltr'><strong>et</strong></span> <span class='ocrx_word' id='word_1_732' title='bbox 3457 4271 3695 4339; x_wconf 67' lang='lat' dir='ltr'><strong>terram,</strong></span> 
     </span>
    </p>
   </div>
   <div class='ocr_carea' id='block_1_104' title="bbox 2050 4358 3695 4429">
    <p class='ocr_par' dir='ltr' id='par_1_104' title="bbox 2050 4358 3695 4429">
     <span class='ocr_line' id='line_1_104' title="bbox 2050 4358 3695 4429; baseline 0.001 -16"><span class='ocrx_word' id='word_1_733' title='bbox 2050 4358 2177 4429; x_wconf 74' lang='lat' dir='ltr'><strong>ipse</strong></span> <span class='ocrx_word' id='word_1_734' title='bbox 2198 4358 2399 4413; x_wconf 70' lang='lat' dir='ltr'><strong>omnia</strong></span> <span class='ocrx_word' id='word_1_735' title='bbox 2420 4373 2552 4429; x_wconf 72' lang='lat' dir='ltr'><strong>quae</strong></span> <span class='ocrx_word' id='word_1_736' title='bbox 2572 4360 2770 4418; x_wconf 74' lang='lat' dir='ltr'><strong>dicere</strong></span> <span class='ocrx_word' id='word_1_737' title='bbox 2791 4360 3008 4417; x_wconf 69' lang='lat' dir='ltr'><strong>oblitas</strong></span> <span class='ocrx_word' id='word_1_738' title='bbox 3029 4374 3160 4417; x_wconf 83' lang='lat' dir='ltr'><strong>sum</strong></span> <span class='ocrx_word' id='word_1_739' title='bbox 3182 4362 3247 4416; x_wconf 77' lang='lat' dir='ltr'><strong>iu</strong></span> <span class='ocrx_word' id='word_1_740' title='bbox 3268 4374 3360 4417; x_wconf 72' lang='lat' dir='ltr'><strong>cor</strong></span> <span class='ocrx_word' id='word_1_741' title='bbox 3384 4360 3547 4417; x_wconf 75' lang='lat' dir='ltr'><strong>tuum</strong></span> <span class='ocrx_word' id='word_1_742' title='bbox 3564 4360 3695 4416; x_wconf 78' lang='lat' dir='ltr'><strong>mit-</strong></span> 
     </span>
    </p>
   </div>
   <div class='ocr_carea' id='block_1_105' title="bbox 2053 4447 3693 4522">
    <p class='ocr_par' dir='ltr' id='par_1_105' title="bbox 2053 4447 3693 4522">
     <span class='ocr_line' id='line_1_105' title="bbox 2053 4447 3693 4522; baseline -0.001 -18"><span class='ocrx_word' id='word_1_743' title='bbox 2053 4447 2163 4504; x_wconf 73' lang='lat' dir='ltr'><strong>tat.</strong></span> <span class='ocrx_word' id='word_1_744' title='bbox 2188 4449 2321 4503; x_wconf 70' lang='lat' dir='ltr'><strong>llaec</strong></span> <span class='ocrx_word' id='word_1_745' title='bbox 2343 4462 2472 4503; x_wconf 90' lang='lat' dir='ltr'><strong>eum</strong></span> <span class='ocrx_word' id='word_1_746' title='bbox 2498 4448 2841 4519; x_wconf 88' lang='lat' dir='ltr'><strong>loqueretur</strong></span> <span class='ocrx_word' id='word_1_747' title='bbox 2874 4449 3211 4521; x_wconf 88' lang='lat' dir='ltr'><strong>imperator,</strong></span> <span class='ocrx_word' id='word_1_748' title='bbox 3245 4450 3509 4522; x_wconf 86' lang='lat' dir='ltr'><strong>replebat</strong></span> <span class='ocrx_word' id='word_1_749' title='bbox 3532 4448 3693 4504; x_wconf 90' lang='lat' dir='ltr'><strong>laer—i</strong></span> 
     </span>
    </p>
   </div>
   <div class='ocr_carea' id='block_1_106' title="bbox 1967 4536 3696 4630">
    <p class='ocr_par' dir='ltr' id='par_1_106' title="bbox 1967 4536 3696 4630">
     <span class='ocr_line' id='line_1_106' title="bbox 1967 4536 3696 4630; baseline 0.001 -39"><span class='ocrx_word' id='word_1_750' title='bbox 1967 4569 2021 4630; x_wconf 84' lang='lat' dir='ltr'><strong>D</strong></span> <span class='ocrx_word' id='word_1_751' title='bbox 2054 4538 2160 4630; x_wconf 83' lang='lat' dir='ltr'><strong>mis</strong></span> <span class='ocrx_word' id='word_1_752' title='bbox 2184 4541 2371 4630; x_wconf 81' lang='lat' dir='ltr'><strong>totum</strong></span> <span class='ocrx_word' id='word_1_753' title='bbox 2397 4536 2725 4607; x_wconf 89' lang='lat' dir='ltr'><strong>collegium.</strong></span> <span class='ocrx_word' id='word_1_754' title='bbox 2759 4541 2898 4630; x_wconf 58' lang='lat' dir='ltr'><strong>Post</strong></span> <span class='ocrx_word' id='word_1_755' title='bbox 2920 4540 3041 4630; x_wconf 55' lang='lat' dir='ltr'><strong>haec</strong></span> <span class='ocrx_word' id='word_1_756' title='bbox 3063 4539 3329 4630; x_wconf 88' lang='lat' dir='ltr'><strong>Justinus</strong></span> <span class='ocrx_word' id='word_1_757' title='bbox 3351 4554 3497 4597; x_wconf 87' lang='lat' dir='ltr'><strong>anno</strong></span> <span class='ocrx_word' id='word_1_758' title='bbox 3524 4545 3581 4595; x_wconf 82' lang='lat' dir='ltr'><strong>tt</strong></span> <span class='ocrx_word' id='word_1_759' title='bbox 3610 4552 3696 4593; x_wconf 88' lang='lat' dir='ltr'><strong>re-</strong></span> 
     </span>
    </p>
   </div>
   <div class='ocr_carea' id='block_1_107' title="bbox 2049 4627 3552 4700">
    <p class='ocr_par' dir='ltr' id='par_1_107' title="bbox 2049 4627 3552 4700">
     <span class='ocr_line' id='line_1_107' title="bbox 2049 4627 3552 4700; baseline 0 -19"><span class='ocrx_word' id='word_1_760' title='bbox 2049 4627 2144 4697; x_wconf 86' lang='lat' dir='ltr'><strong>gni</strong></span> <span class='ocrx_word' id='word_1_761' title='bbox 2172 4627 2259 4683; x_wconf 91' lang='lat' dir='ltr'><strong>sui</strong></span> <span class='ocrx_word' id='word_1_762' title='bbox 2281 4631 2544 4684; x_wconf 89' lang='lat' dir='ltr'><strong>mortuus</strong></span> <span class='ocrx_word' id='word_1_763' title='bbox 2562 4632 2674 4697; x_wconf 89' lang='lat' dir='ltr'><strong>est,</strong></span> <span class='ocrx_word' id='word_1_764' title='bbox 2698 4627 2903 4685; x_wconf 88' lang='lat' dir='ltr'><strong>relicto</strong></span> <span class='ocrx_word' id='word_1_765' title='bbox 2926 4628 3169 4700; x_wconf 84' lang='lat' dir='ltr'><strong>Tybcrio</strong></span> <span class='ocrx_word' id='word_1_766' title='bbox 3192 4642 3552 4685; x_wconf 89' lang='lat' dir='ltr'><strong>successore.</strong></span> 
     </span>
    </p>
   </div>
   <div class='ocr_carea' id='block_1_108' title="bbox 2052 4716 2580 4772">
    <p class='ocr_par' dir='ltr' id='par_1_108' title="bbox 2052 4716 2580 4772">
     <span class='ocr_line' id='line_1_108' title="bbox 2052 4716 2580 4772; baseline 0 -1"><span class='ocrx_word' id='word_1_767' title='bbox 2052 4716 2197 4772; x_wconf 85' lang='lat' dir='ltr'><strong>Anni</strong></span> <span class='ocrx_word' id='word_1_768' title='bbox 2228 4716 2317 4749; x_wconf 68' lang='lat'><strong>“’5‘</strong></span> <span class='ocrx_word' id='word_1_769' title='bbox 2348 4717 2580 4772; x_wconf 89' lang='lat' dir='ltr'><strong>Justini.</strong></span> 
     </span>
    </p>
   </div>
   <div class='ocr_carea' id='block_1_109' title="bbox 2126 4800 3696 4885">
    <p class='ocr_par' dir='ltr' id='par_1_109' title="bbox 2126 4800 3696 4885">
     <span class='ocr_line' id='line_1_109' title="bbox 2126 4800 3696 4885; baseline 0.001 -24"><span class='ocrx_word' id='word_1_770' title='bbox 2126 4812 2170 4861; x_wconf 84' lang='grc'><strong>1.</strong></span> <span class='ocrx_word' id='word_1_771' title='bbox 2216 4800 2382 4875; x_wconf 69' lang='lat' dir='ltr'><strong>(C’ltr.</strong></span> <span class='ocrx_word' id='word_1_772' title='bbox 2431 4808 2538 4877; x_wconf 84' lang='lat' dir='ltr'><strong>W.)</strong></span> <span class='ocrx_word' id='word_1_773' title='bbox 2581 4806 2773 4863; x_wconf 82' lang='lat' dir='ltr'><strong>Primo</strong></span> <span class='ocrx_word' id='word_1_774' title='bbox 2808 4814 2999 4865; x_wconf 89' lang='lat' dir='ltr'><strong>autem</strong></span> <span class='ocrx_word' id='word_1_775' title='bbox 3032 4805 3436 4885; x_wconf 23' lang='lat' dir='ltr'><strong>anno&#39;Justini,</strong></span> <span class='ocrx_word' id='word_1_776' title='bbox 3475 4804 3572 4877; x_wconf 88' lang='lat' dir='ltr'><strong>qui</strong></span> <span class='ocrx_word' id='word_1_777' title='bbox 3602 4813 3696 4863; x_wconf 90' lang='lat' dir='ltr'><strong>est</strong></span> 
     </span>
    </p>
   </div>
   <div class='ocr_carea' id='block_1_110' title="bbox 2050 4895 3697 4968">
    <p class='ocr_par' dir='ltr' id='par_1_110' title="bbox 2050 4895 3697 4968">
     <span class='ocr_line' id='line_1_110' title="bbox 2050 4895 3697 4968; baseline -0.001 -16"><span class='ocrx_word' id='word_1_778' title='bbox 2050 4911 2234 4953; x_wconf 90' lang='lat' dir='ltr'><strong>annus</strong></span> <span class='ocrx_word' id='word_1_779' title='bbox 2256 4897 2562 4953; x_wconf 68' lang='lat' dir='ltr'><strong>dominicm</strong></span> <span class='ocrx_word' id='word_1_780' title='bbox 2587 4896 3005 4956; x_wconf 86' lang='lat' dir='ltr'><strong>incarnationis</strong></span> <span class='ocrx_word' id='word_1_781' title='bbox 3030 4903 3203 4968; x_wconf 58' lang='lat'><strong>565‘”,</strong></span> <span class='ocrx_word' id='word_1_782' title='bbox 3232 4895 3481 4952; x_wconf 86' lang='lat' dir='ltr'><strong>Armenii</strong></span> <span class='ocrx_word' id='word_1_783' title='bbox 3507 4896 3697 4952; x_wconf 87' lang='lat' dir='ltr'><strong>susci-</strong></span> 
     </span>
    </p>
   </div>
   <div class='ocr_carea' id='block_1_111' title="bbox 2052 4986 2435 5056">
    <p class='ocr_par' dir='ltr' id='par_1_111' title="bbox 2052 4986 2435 5056">
     <span class='ocr_line' id='line_1_111' title="bbox 2052 4986 2435 5056; baseline 0.003 -16"><span class='ocrx_word' id='word_1_784' title='bbox 2052 4986 2212 5056; x_wconf 88' lang='lat' dir='ltr'><strong>piunt</strong></span> <span class='ocrx_word' id='word_1_785' title='bbox 2247 4986 2435 5041; x_wconf 91' lang='lat' dir='ltr'><strong>ﬁdem.</strong></span> 
     </span>
    </p>
   </div>
   <div class='ocr_carea' id='block_1_112' title="bbox 2119 5073 3694 5147">
    <p class='ocr_par' dir='ltr' id='par_1_112' title="bbox 2119 5073 3694 5147">
     <span class='ocr_line' id='line_1_112' title="bbox 2119 5073 3694 5147; baseline 0 -17"><span class='ocrx_word' id='word_1_786' title='bbox 2119 5079 2169 5130; x_wconf 92' lang='lat'><strong>3.</strong></span> <span class='ocrx_word' id='word_1_787' title='bbox 2206 5075 2305 5144; x_wconf 85' lang='lat' dir='ltr'><strong>(H.</strong></span> <span class='ocrx_word' id='word_1_788' title='bbox 2336 5077 2441 5146; x_wconf 81' lang='lat' dir='ltr'><strong>m.)</strong></span> <span class='ocrx_word' id='word_1_789' title='bbox 2472 5076 2537 5131; x_wconf 88' lang='lat' dir='ltr'><strong>A.</strong></span> <span class='ocrx_word' id='word_1_790' title='bbox 2574 5076 2636 5130; x_wconf 89' lang='grc' dir='ltr'><strong>Ι).</strong></span> <span class='ocrx_word' id='word_1_791' title='bbox 2673 5079 2792 5129; x_wconf 71' lang='grc'>567.</span> <span class='ocrx_word' id='word_1_792' title='bbox 2832 5075 3039 5147; x_wconf 71' lang='lat' dir='ltr'><strong>Sophia</strong></span> <span class='ocrx_word' id='word_1_793' title='bbox 3074 5079 3345 5145; x_wconf 86' lang='lat' dir='ltr'><strong>augusta,</strong></span> <span class='ocrx_word' id='word_1_794' title='bbox 3387 5073 3694 5131; x_wconf 89' lang='lat' dir='ltr'><strong>accersitis</strong></span> 
     </span>
    </p>
   </div>
   <div class='ocr_carea' id='block_1_113' title="bbox 2048 5164 3694 5235">
    <p class='ocr_par' dir='ltr' id='par_1_113' title="bbox 2048 5164 3694 5235">
     <span class='ocr_line' id='line_1_113' title="bbox 2048 5164 3694 5235; baseline -0.001 -15"><span class='ocrx_word' id='word_1_795' title='bbox 2048 5165 2310 5235; x_wconf 87' lang='lat' dir='ltr'><strong>notariis,</strong></span> <span class='ocrx_word' id='word_1_796' title='bbox 2356 5164 2570 5220; x_wconf 79' lang='lat' dir='ltr'><strong>deferri</strong></span> <span class='ocrx_word' id='word_1_797' title='bbox 2604 5164 2694 5196; x_wconf 62' lang='lat'><strong>1°55</strong></span> <span class='ocrx_word' id='word_1_798' title='bbox 2721 5164 2901 5233; x_wconf 83' lang='lat' dir='ltr'><strong>jussit</strong></span> <span class='ocrx_word' id='word_1_799' title='bbox 2942 5166 3246 5221; x_wconf 88' lang='lat' dir='ltr'><strong>cautiones</strong></span> <span class='ocrx_word' id='word_1_800' title='bbox 3277 5165 3610 5221; x_wconf 83' lang='lat' dir='ltr'><strong>debitorum</strong></span> <span class='ocrx_word' id='word_1_801' title='bbox 3637 5168 3694 5220; x_wconf 88' lang='lat' dir='ltr'><strong>et</strong></span> 
     </span>
    </p>
   </div>
   <div class='ocr_carea' id='block_1_114' title="bbox 2050 5252 3695 5325">
    <p class='ocr_par' dir='ltr' id='par_1_114' title="bbox 2050 5252 3695 5325">
     <span class='ocr_line' id='line_1_114' title="bbox 2050 5252 3695 5325; baseline 0 -15"><span class='ocrx_word' id='word_1_802' title='bbox 2050 5256 2271 5324; x_wconf 84' lang='lat' dir='ltr'><strong>breves,</strong></span> <span class='ocrx_word' id='word_1_803' title='bbox 2326 5260 2385 5309; x_wconf 91' lang='lat' dir='ltr'><strong>et</strong></span> <span class='ocrx_word' id='word_1_804' title='bbox 2434 5252 2652 5309; x_wconf 87' lang='lat' dir='ltr'><strong>dimisit</strong></span> <span class='ocrx_word' id='word_1_805' title='bbox 2701 5254 2786 5309; x_wconf 88' lang='lat' dir='ltr'><strong>eis</strong></span> <span class='ocrx_word' id='word_1_806' title='bbox 2834 5254 3047 5309; x_wconf 88' lang='lat' dir='ltr'><strong>omnia.</strong></span> <span class='ocrx_word' id='word_1_807' title='bbox 3101 5253 3270 5323; x_wconf 72' lang='lat' dir='ltr'><strong>(C’lir.</strong></span> <span class='ocrx_word' id='word_1_808' title='bbox 3328 5254 3431 5325; x_wconf 84' lang='lat' dir='ltr'><strong>W.)</strong></span> <span class='ocrx_word' id='word_1_809' title='bbox 3483 5254 3695 5311; x_wconf 89' lang='lat' dir='ltr'><strong>Eodem</strong></span> 
     </span>
    </p>
   </div>
   <div class='ocr_carea' id='block_1_115' title="bbox 2047 5344 3700 5415">
    <p class='ocr_par' dir='ltr' id='par_1_115' title="bbox 2047 5344 3700 5415">
     <span class='ocr_line' id='line_1_115' title="bbox 2047 5344 3700 5415; baseline 0.001 -16"><span class='ocrx_word' id='word_1_810' title='bbox 2047 5358 2195 5400; x_wconf 90' lang='lat' dir='ltr'><strong>anno</strong></span> <span class='ocrx_word' id='word_1_811' title='bbox 2236 5345 2449 5399; x_wconf 78' lang='lat' dir='ltr'><strong>Narses</strong></span> <span class='ocrx_word' id='word_1_812' title='bbox 2493 5344 2778 5415; x_wconf 79' lang='lat' dir='ltr'><strong>patricius</strong></span> <span class='ocrx_word' id='word_1_813' title='bbox 2822 5344 3065 5400; x_wconf 86' lang='lat' dir='ltr'><strong>Totilam</strong></span> <span class='ocrx_word' id='word_1_814' title='bbox 3108 5359 3301 5415; x_wconf 88' lang='lat' dir='ltr'><strong>regem</strong></span> <span class='ocrx_word' id='word_1_815' title='bbox 3342 5344 3558 5401; x_wconf 89' lang='lat' dir='ltr'><strong>occidit</strong></span> <span class='ocrx_word' id='word_1_816' title='bbox 3593 5345 3700 5401; x_wconf 89' lang='lat' dir='ltr'><strong>Go-</strong></span> 
     </span>
    </p>
   </div>
   <div class='ocr_carea' id='block_1_116' title="bbox 2046 5432 2626 5504">
    <p class='ocr_par' dir='ltr' id='par_1_116' title="bbox 2046 5432 2626 5504">
     <span class='ocr_line' id='line_1_116' title="bbox 2046 5432 2626 5504; baseline -0.002 -17"><span class='ocrx_word' id='word_1_817' title='bbox 2046 5432 2294 5503; x_wconf 86' lang='lat' dir='ltr'><strong>thosque</strong></span> <span class='ocrx_word' id='word_1_818' title='bbox 2327 5432 2626 5504; x_wconf 87' lang='lat' dir='ltr'><strong>dispersit.</strong></span> 
     </span>
    </p>
   </div>
   <div class='ocr_carea' id='block_1_117' title="bbox 1653 5549 2326 5607">
    <p class='ocr_par' dir='ltr' id='par_1_117' title="bbox 1653 5549 2326 5607">
     <span class='ocr_line' id='line_1_117' title="bbox 1653 5549 2326 5607; baseline 0.001 -3"><span class='ocrx_word' id='word_1_819' title='bbox 1653 5551 1888 5607; x_wconf 76' lang='lat' dir='ltr'><strong>VARle</strong></span> <span class='ocrx_word' id='word_1_820' title='bbox 1928 5549 2326 5606; x_wconf 87' lang='lat' dir='ltr'><strong>LECTIONES.</strong></span> 
     </span>
    </p>
   </div>
   <div class='ocr_carea' id='block_1_118' title="bbox 353 5634 1749 5712">
    <p class='ocr_par' dir='ltr' id='par_1_118' title="bbox 353 5634 1749 5712">
     <span class='ocr_line' id='line_1_118' title="bbox 353 5634 1749 5712; baseline 0.002 -20"><span class='ocrx_word' id='word_1_821' title='bbox 353 5634 444 5670; x_wconf 76' lang='grc'>¹⁰⁸³</span> <span class='ocrx_word' id='word_1_822' title='bbox 473 5640 533 5693; x_wconf 90' lang='lat' dir='ltr'><strong>et</strong></span> <span class='ocrx_word' id='word_1_823' title='bbox 567 5652 619 5712; x_wconf 90' lang='lat' dir='ltr'><strong>p.</strong></span> <span class='ocrx_word' id='word_1_824' title='bbox 653 5651 702 5695; x_wconf 89' lang='lat' dir='ltr'><strong>e.</strong></span> <span class='ocrx_word' id='word_1_825' title='bbox 738 5637 807 5698; x_wconf 83' lang='lat' dir='ltr'><strong>iu</strong></span> <span class='ocrx_word' id='word_1_826' title='bbox 837 5639 957 5699; x_wconf 78' lang='lat' dir='ltr'><strong>loco</strong></span> <span class='ocrx_word' id='word_1_827' title='bbox 986 5652 1126 5699; x_wconf 75' lang='lat' dir='ltr'><strong>raso</strong></span> <span class='ocrx_word' id='word_1_828' title='bbox 1162 5645 1215 5696; x_wconf 81' lang='grc'><strong>1.</strong></span> <span class='ocrx_word' id='word_1_829' title='bbox 1301 5640 1392 5675; x_wconf 69' lang='grc'><strong>¹⁰⁵⁴</strong></span> <span class='ocrx_word' id='word_1_830' title='bbox 1420 5640 1587 5701; x_wconf 72' lang='lat' dir='ltr'><strong>deest</strong></span> <span class='ocrx_word' id='word_1_831' title='bbox 1615 5644 1661 5698; x_wconf 81' lang='grc'><strong>1.</strong></span> <span class='ocrx_word' id='word_1_832' title='bbox 1700 5642 1749 5696; x_wconf 78' lang='grc'>4.</span> 
     </span>
    </p>
   </div>
   <div class='ocr_carea' id='block_1_119' title="bbox 1829 5636 2438 5715">
    <p class='ocr_par' dir='ltr' id='par_1_119' title="bbox 1829 5636 2438 5715">
     <span class='ocr_line' id='line_1_119' title="bbox 1829 5636 2438 5715; baseline -0.003 -18"><span class='ocrx_word' id='word_1_833' title='bbox 1829 5638 1920 5674; x_wconf 72' lang='grc' dir='ltr'><strong>ιοει</strong></span> <span class='ocrx_word' id='word_1_834' title='bbox 1950 5639 2094 5715; x_wconf 72' lang='lat' dir='ltr'><strong>post</strong></span> <span class='ocrx_word' id='word_1_835' title='bbox 2116 5636 2353 5710; x_wconf 69' lang='lat' dir='ltr'><strong>supplet</strong></span> <span class='ocrx_word' id='word_1_836' title='bbox 2382 5642 2438 5695; x_wconf 80' lang='grc'><strong>1.</strong></span> 
     </span>
    </p>
   </div>
  </div>
