3946 6480
229 393 342 454 813

1100 380 1541 444 CHRONICA.
1578 413 1655 422 -—
1686 371 2165 438 CHRONICON
2209 374 2736 438 UNIVERSALE

3508 378 3620 439 814

299 531 354 581 4.
401 527 458 579 Δ.
496 525 556 577 D.
593 525 713 577 568.
776 517 1136 587 Longobardi
1197 516 1417 572 ltaliam
1448 516 1736 586 petentes,
1802 509 1870 565 de
1903 515 1954 576 Α
1987 509 2341 580 imperialem
2396 527 2498 583 per
2543 516 2608 565 30
2639 511 2762 566 dies
2786 510 3211 580 jocundarctur
3242 527 3368 566 eum
3404 512 3524 567 suis
3557 513 3625 567 ad

227 612 516 670 Pannonia
550 609 769 679 egressi
807 612 942 663 sunt
977 606 1070 668 (cf.
1110 609 1167 661 P.
1206 607 1326 675 l).).

297 707 349 759 6.
387 705 447 756 Α.
484 702 546 755 D.
583 702 704 752 2570.
742 695 1129 764 'Longobardi
1190 692 1573 748 Mediolanum
1627 690 1875 743 intrave-

233 796 384 848 runt.

371 891 393 914 ⁴
427 887 504 943 D?
609 885 666 939 et
696 884 904 956 inﬂue
926 883 1073 956 (grani
1098 887 1211 956 δέ
1234 886 1247 956 l
1270 887 1286 956 l_
1323 879 1412 956 1°?“
1441 875 1711 935 addunt:
1746 876 1880 928 San-

419 965 550 1014 ctus
578 951 870 1010 Vedastus
903 954 1064 1008 obiit.
1103 953 1178 1008 cf.
1214 951 1414 1024 .S'igeb.

304 1063 354 1113 7.
395 1059 456 1112 A.
497 1057 554 1110 D.
593 1054 740 1109 571".

375 1159 397 1179 '
432 1157 508 1210 D?
541 1155 598 1208 E.
638 1155 819 1206 4-11
863 1149 1094 1205 didi/02.!
1120 1168 1138 1202 :
1173 1145 1488 1214 Gregorius
1533 1139 1884 1214 Turonensis

440 1225 749 1297 episcopus
783 1222 836 1275 in
869 1220 952 1252 1°“
990 1220 1166 1273 Gallia
1201 1211 1404 1273 claret.
1439 1217 1517 1287 of.
1547 1211 1750 1283 Sigob.

312 1331 392 1379 1|.
432 1323 596 1391 (σὴψ.
641 1320 746 1389 W.)
773 1321 916 1373 A.D.
936 1323 1056 1372 357:5.
1085 1316 1349 1371 Justinus
1377 1314 1694 1384 imperator
1716 1309 1880 1363 obiit.

241 1413 482 1480 Quidam
511 1410 778 1465 scribunt
801 1408 883 1476 (Ρ.
922 1408 982 1461 D.
1008 1422 1088 1474 III,
1123 1410 1225 1474 11),
1255 1403 1407 1474 quod
1434 1402 1486 1455 in
1515 1400 1760 1455 heresim
1787 1398 1888 1452 Pe-

243 1501 523 1571 lagianam
556 1496 852 1564 inciderit,
895 1503 948 1550 et
987 1495 1114 1549 ideo
1141 1494 1301 1564 justo
1337 1491 1433 1545 Dci
1461 1489 1680 1559 judicio
1712 1502 1886 1542 sensu

245 1590 493 1661 perdito,
527 1602 654 1643 cum
688 1584 938 1641 amentia
971 1584 1146 1639 vitam
1184 1581 1454 1636 ﬁniverit.

244 1679 384 1735 Anni
417 1677 664 1748 Tyberii.

314 1768 530 1838 (H.m.)
559 1768 719 1819 Anno
747 1762 1047 1818 dominica)
1083 1756 1502 1815 incarnationis
1545 1759 1692 1823 5760,
1721 1751 1890 1809 Urbis

1987 599 2356 670 vindemiam,
2375 600 3000 671 SopbyaJustiniamim
3028 600 3173 654 clam
3199 601 3448 668 vocavit,
3474 617 3630 656 eum-

1990 702 2098 756 que
2122 689 2172 742 in
2210 704 2446 757 regnum
2481 689 2796 743 sublimare
2833 689 3099 758 quesivit.
3131 691 3246 743 lloc
3272 690 3512 744 audiens
3531 692 3629 759 Ty-

1991 777 2206 847 borius,
2246 778 2585 832 festinanter
2616 777 3176 846 ConstantinOpolim
3202 778 3391 846 rediit,
3430 795 3628 851 appre-

1991 864 2344 934 hensamque
2381 867 2682 936 Sopbyam,
2707 865 2973 920 omnibus
3004 866 3125 920 suis
3151 867 3323 921 rebus
3349 882 3471 921 eam
3504 884 3632 939 spo-

1993 953 2174 1022 liavit,
2214 955 2512 1009 dimittens
2544 955 2593 1008 ei
2627 959 2851 1009 tantum
2878 955 3026 1009 unde
3059 955 3300 1023 viveret,
3329 959 3384 1010 et
3421 955 3632 1013 tollens

1993 1058 2192 1099 omnes
2229 1059 2440 1115 pueros
2473 1043 2615 1112 ejus,
2653 1043 2722 1098 de
2766 1044 2885 1099 suis
2921 1043 3189 1098 ﬁdelibus
3224 1045 3419 1115 posuit
3455 1047 3548 1116 qui
3582 1048 3632 1102 ei

1998 1133 2310 1197 servirent,
2341 1133 2666 1203 precipieus
2711 1138 2772 1186 ut
2805 1131 2997 1188 nullus
3028 1147 3094 1186 ex
3132 1133 3220 1186 his
3253 1134 3347 1203 qui
3383 1134 3432 1188 ei
3468 1141 3633 1190 antea

1999 1221 2331 1277 serviebant
2364 1221 2431 1274 ad
2465 1236 2587 1275 eam
2615 1222 2942 1276 accederet.
2983 1220 3368 1276 Justinianum
3394 1239 3531 1277 vero
3552 1239 3638 1278 sc-

2000 1311 2069 1366 lis
2100 1309 2294 1364 verbis
2329 1310 2670 1380 corripiens,
2700 1309 2752 1363 in
2779 1313 3001 1364 tantum
3027 1325 3152 1365 cum
3183 1315 3383 1380 postea
3411 1311 3634 1382 dilexit,

2000 1405 2060 1456 ut
2084 1399 2254 1453 ﬁliam
2282 1414 2441 1453 suam
2470 1398 2586 1452 ﬁlio
2612 1399 2736 1467 ejus
2764 1398 3131 1469 promitteret
3158 1400 3638 1470 rursumqueﬁlio

2001 1505 2097 1544 sua
2124 1489 2291 1542 ﬁliam
2317 1488 2440 1557 ejus
2485 1493 2817 1557 expeteret;
2846 1488 2948 1541 sed
2970 1489 3162 1542 nescio
3197 1503 3308 1556 quo
3341 1488 3410 1543 de
3444 1504 3502 1543 re
3536 1489 3641 1546 hoc

2002 1577 2359 1632 adeﬁ'ectum
2397 1592 2506 1631 non
2560 1577 2840 1646 pervenit.
2879 1578 2961 1645 (P.
2999 1579 3058 1630 Ι).
3100 1577 3142 1631 ί.
3186 1577 3208 1631 l
3243 1586 3260 1646 )
3299 1578 3395 1630 llic
3446 1578 3641 1648 itaque

2004 1667 2132 1737 quia
2171 1665 2383 1721 multas
2423 1664 2771 1720 elemosinas
2823 1666 3064 1720 cottidie
3125 1667 3279 1734 fecit,
3316 1666 3556 1722 multum
3591 1669 3640 1722 ei

2004 1757 2155 1811 Deus
2178 1771 2379 1810 aurum
2407 1755 2850 1809 demonstravit.
2888 1754 2986 1824 (II.
3021 1755 3122 1825 m.)
3160 1754 3412 1819 Quadam
3451 1756 3644 1825 itaque

244 1872 378 1912 vero
400 1855 648 1912 conditm
672 1852 976 1907 millesimo
993 1845 1436 1919 327°,Tyberius
1452 1842 1888 1909 Constantinus,
1920 1889 1974 1951 B
2007 1845 2098 1899 die
2119 1843 2495 1899 deambulans
2516 1859 2620 1914 per
2642 1843 2939 1913 palatium,
2961 1843 3099 1898 vidit
3120 1844 3170 1897 in
3199 1845 3525 1914 pavimento
3553 1861 3647 1915 pe-

241 1960 452 2014 genere
476 1945 682 2010 Thrax,
721 1945 814 1995 550
861 1940 988 1994 loco
1018 1940 1087 1992 ab
1121 1939 1382 2005 Augusto
1417 1932 1716 2003 imperium
1749 1932 1893 1984 acci-

247 2035 426 2106 piens,
470 2037 784 2088 coronatus
817 2035 904 2085 est
937 2029 1007 2082 ab
1043 2026 1264 2083 Euticio
1305 2022 1658 2094 patriarcha,
1694 2033 1893 2084 regna-

245 2124 444 2192 vitque
478 2121 643 2176 annis
674 2126 723 2174 7.
763 2119 868 2185 Qui
901 2119 1138 2172 mittens
1180 2113 1420 2169 adduxit
1457 2125 1694 2167 uxorem
1731 2124 1890 2163 suam

250 2211 632 2278 Anastasiam,
659 2213 713 2264 et
760 2206 1063 2285 coronavit
1107 2220 1250 2259 eam.
1273 2203 1408 2267 Quze
1431 2216 1560 2256 cum
1585 2211 1893 2255 coronare-

244 2305 360 2367 tur,
386 2298 709 2355 elamabant
729 2301 955 2368 partes:
985 2295 1333 2360 Anastasia,
1357 2292 1417 2345 tu
1434 2292 1654 2345 vincas.
1674 2286 1888 2355 Salm,

247 2385 916 2458 Domine,quosjussisli
929 2383 1366 2455 imperaret-loc
1384 2379 1626 2434 audiens
1644 2375 1793 2444 Soph
1803 2389 1890 2443 va,

247 2493 392 2532 uxor
421 2477 655 2544 Justini,
709 2475 897 2529 animo
933 2472 1198 2543 perculsa
1232 2474 1356 2535 est;
1410 2466 1709 2522 nesciebat
1741 2462 1892 2518 enim

245 2565 396 2636 quod
427 2566 669 2620 haberet
704 2578 961 2632 uxorem,
997 2561 1351 2628 volebatque
1383 2558 1509 2627 ipsa
1544 2555 1764 2609 nubere
1795 2554 1895 2620 Ty-

246 2655 409 2710 berio
443 2660 498 2709 et
537 2667 876 2723 permanere
902 2655 1166 2718 augusta.
1193 2647 1433 2711 Quidam
1460 2660 1597 2700 vero
1623 2643 1893 2696 diocliant

247 2744 419 2814 quod,
449 2742 678 2798 vivente
710 2741 956 2796 Justino.
995 2737 1318 2792 adamicata
1353 2735 1521 2790 fuerit
1547 2731 1810 2802 Tyberio,
1837 2730 1893 2783 et

249 2835 368 2903 ipsa
405 2831 762 2902 persuaserit
804 2828 1057 2896 Justino,
1094 2831 1156 2881 ut
1189 2840 1318 2880 eum
1369 2837 1644 2878 czesarem
1680 2821 1896 2874 faceret

252 2923 348 2992 (cf.
385 2924 442 2975 Ι).
481 2923 543 2975 D.
581 2936 662 2989 ιιι,
695 2922 769 2991 2).
833 2918 938 2984 Qui
973 2932 1100 2971 cum
1163 2914 1348 2968 adhuc
1378 2913 1609 2967 vivente
1669 2909 1896 2964 Justino

255 3014 514 3080 preessct
549 3007 783 3079 palatio,
820 3011 875 3061 et
913 3010 969 3061 ut
1007 3019 1138 3058 vere
1164 3002 1523 3057 christianus
1556 3000 1894 3053 thesaurum

253 3097 517 3168 multum,
556 3112 723 3167 quem
751 3096 1017 3150 Justinus
1052 3093 1195 3147 male
1219 3090 1591 3160 congregavit
1616 3087 1898 3158 pejusque

256 3188 310 3241 in
347 3187 552 3242 ferreis
580 3186 773 3240 archis
807 3184 1090 3254 reposuit,
1113 3181 1468 3253 pauperibus
1492 3177 1894 3244 distribueret,

254 3275 477 3346 Sophya
538 3281 784 3344 augusta
839 3271 1203 3342 frequentius
1248 3285 1376 3326 cum
1439 3266 1781 3336 increpavit,
1818 3264 1899 3318 di-

254 3380 422 3421 cens:
456 3365 621 3430 Quod
642 3377 858 3434 egoper
886 3363 1103 3417 omitas
1126 3373 1312 3416 annos
1332 3357 1706 3429 congregari,
1743 3353 1807 3409 tu
1838 3355 1899 3407 in

252 3456 479 3511 modico
505 3456 753 3524 tenuiore
793 3450 1097 3522 expeudis.
1139 3449 1238 3504 Cui
1273 3449 1370 3502 ille
1412 3447 1490 3502 ait
1521 3466 1530 3499 :
1567 3444 1804 3515 Conﬁdo
1834 3444 1900 3499 in

250 3545 391 3599 Dom
403 3546 517 3612 i720,
536 3541 946 3615 quiapecunia
963 3554 1074 3594 non
1089 3537 1423 3608 deeritﬂsco
1444 3534 1658 3606 regali,
1670 3533 1900 3589 tantum

242 3647 536 3704 pauperes
566 3631 916 3687 elemosinas
949 3627 1266 3698 acripimzf,
1287 3623 1573 3696 εἰσαρίὶδὶ
1601 3623 1901 3679 rediman-

255 3721 482 3776 z‘m°.Hic
507 3719 1009 3791 cumimperialem
1039 3731 1308 3772 coronam
1328 3719 1678 3784 accepturus
1717 3714 1897 3780 esset,

251 3811 678 3880 eumquejuxta
692 3807 1173 3864 consuetudinem
1192 3805 1246 3859 in
1269 3803 1608 3876 spectaculo
1625 3801 1782 3870 circi,
1803 3802 1897 3857 ubi

251 3914 420 3968 reges
453 3899 721 3955 coronari
754 3898 1043 3966 solebant,
1075 3895 1324 3967 populus
1356 3895 1750 3962 exspectaret,
1781 3891 1902 3960 qui-

253 3987 380 4041 dam
415 3987 736 4044 adversarii
772 3986 1011 4041 insidias
1042 3985 1092 4039 ei
1131 3989 1502 4055 paraverunt,
1540 3986 1594 4036 et
1627 3981 1900 4035 Justinia-

254 4092 407 4148 num,
453 4083 725 4147 nepotem
756 4075 987 4144 Justini,
1025 4075 1076 4127 in
1115 4073 1417 4143 imperium
1454 4071 1771 4126 sublimare
1806 4087 1900 4125 vo-

252 4164 506 4222 luerunt.
546 4166 646 4220 llle
670 4168 862 4220 autem
892 4162 1194 4233 priusloca
1222 4165 1419 4216 sancta
1447 4160 1894 4230 perambulavit,

252 4261 457 4327 postea
481 4269 695 4310 vocans
715 4254 785 4308 ad
811 4267 872 4308 se
893 4252 1221 4322 pontiﬁcem
1244 4251 1407 4305 urbis
1432 4249 1740 4319 Euticium,
1767 4265 1896 4304 cum

250 4343 664 4400 consulibuset
708 4341 985 4413 profectis
1026 4339 1358 4408 ceterisque
1401 4339 1700 4394 honoratis
1745 4338 1899 4410 pala-

253 4433 294 4489 ti
309 4449 396 4489 um
416 4433 678 4502 intravit,
696 4437 753 4487 et
771 4430 1015 4486 induens
1031 4445 1090 4485 se
1110 4444 1362 4500 purpura
1379 4443 1767 4497 coronamque
1785 4428 1894 4483 sibi

252 4523 574 4592 imponens,
611 4520 764 4578 sedit
807 4535 984 4590 super
1031 4517 1223 4574 sedem
1264 4517 1642 4588 impcrialem,
1677 4522 1735 4572 et
1767 4533 1896 4572 cum

2006 1939 2177 2002 tram,
2207 1934 2258 1986 in
2285 1948 2392 2002 qua
2442 1934 2731 2003 sculptum
2757 1937 2880 1988 erat
2917 1939 3130 1988 sanctae
3161 1933 3353 1988 erucis
3383 1934 3637 2002 signum.

2007 2025 2071 2077 Et
2100 2025 2176 2077 ait
2201 2043 2212 2077 :
2248 2025 2434 2078 (κίνησε
2464 2023 2704 2078 Domini
2729 2021 2971 2093 frontis
3002 2023 3056 2077 ei
3083 2024 3319 2092 pectora
3343 2023 3546 2078 nostra
3572 2024 3649 2079 si-

2001 2127 2193 2181 gizare
2208 2112 2399 2166 del/em
2413 2126 2497 2180 us,
2508 2112 2698 2167 etecca
2710 2111 3072 2188 sul/pedibus
3088 2113 3306 2168 716;)[7'i8
3319 2127 3442 2167 eam
3459 2127 3524 2168 ca
3536 2114 3650 2169 lca—

2005 2199 2423 2270 mus,etjussit
2468 2216 2589 2254 (mm
2613 2201 2850 2255 auferri.
2889 2201 3026 2264 Quze
3057 2217 3184 2255 cum
3220 2200 3532 2272 levaretur,
3571 2201 3650 2256 in-

2007 2295 2289 2344 venerunt
2323 2289 2491 2343 aliam
2537 2289 2710 2344 simili
2752 2291 2919 2343 modo
2953 2289 3263 2357 signatam.
3306 2291 3558 2360 Cumque
3592 2295 3648 2346 et

2009 2380 2153 2433 hanc
2181 2378 3064 2449 sublevarijussisset,apparuit
3091 2380 3292 2433 tercia.
3325 2381 3475 2433 lianc
3512 2396 3651 2449 quo-

2009 2482 2118 2537 que
2141 2483 2268 2522 eum
2298 2466 2607 2535 levasscnt,
2629 2467 2972 2522 invenerunt
3005 2467 3320 2537 plusquam
3342 2467 3494 2522 mille
3521 2484 3650 2523 cen-

2010 2557 2232 2611 tenaria
2265 2557 2410 2612 auri.
2446 2556 2569 2620 Quo
2603 2555 2855 2625 sublato,
2895 2555 3134 2611 multum
3161 2557 3515 2628 pauperibus
3541 2557 3651 2612 lar-

2007 2646 2164 2715 gitus
2197 2651 2284 2700 est
2321 2661 2389 2700 ex
2422 2661 2516 2700 eo.

2080 2737 2292 2789 Narses
2319 2750 2547 2804 quoque
2581 2735 2860 2805 patricius
2884 2749 3142 2803 magnam
3171 2735 3399 2791 domum
3427 2735 3648 2807 habuit,

2011 2825 2063 2879 in
2101 2840 2208 2894 qua
2241 2824 2554 2879 cisternam
2593 2824 2831 2891 faciens,
2859 2824 3101 2879 multum
3128 2840 3331 2880 aurum
3364 2832 3419 2881 et
3451 2842 3654 2894 argen-

2015 2919 2129 2966 tum
2194 2912 2244 2966 in
2303 2927 2366 2966 ea
2415 2912 2702 2978 recondit,
2761 2912 3033 2967 occidens
3089 2927 3286 2968 omnes
3341 2914 3511 2983 hujus
3569 2913 3650 2968 rei

2009 3003 2280 3058 conscios
2310 3008 2505 3072 preter
2549 3016 2743 3056 senem
2787 3017 2982 3068 unum,
3036 3018 3063 3055 a
3101 3018 3213 3072 quo
3258 3004 3649 3072 juramentum

2009 3094 2268 3160 exigens,
2332 3091 2516 3145 omnia
2563 3091 2612 3145 ei
2661 3091 3115 3145 commendavit.
3189 3094 3409 3148 Mortuo
3461 3099 3650 3149 autem

2012 3183 2271 3249 Nai-sete,
2314 3181 2616 3250 prodictus
2646 3195 2821 3234 sgncx
2855 3181 2922 3234 ad
2956 3182 3257 3249 'l‘yberium
3285 3185 3461 3250 venit,
3497 3189 3551 3240 et
3584 3184 3617 3238 d

2011 3272 2210 3326 eadem
2237 3269 2855 3341 pecuuiaeiindicavit.
2879 3270 2982 3334 Qui
3007 3272 3244 3339 gavisus
3265 3273 3421 3327 misit
3441 3291 3653 3344 pueros

2011 3378 2148 3417 suos
2181 3377 2310 3417 cum
2372 3377 2459 3424 eo,
2495 3362 2590 3430 qui
2649 3362 2977 3432 aperientes
3037 3365 3374 3437 cisternam,
3437 3376 3651 3428 tantam

2014 3451 2312 3523 pecuniam
2358 3452 2724 3520 invenerunt,
2762 3457 2822 3506 ut
2875 3467 2974 3522 per
3006 3454 3219 3509 multos
3271 3456 3395 3511 dies
3430 3459 3520 3513 vix
3557 3478 3650 3531 po-

2014 3542 2223 3598 tuisset
2287 3541 2602 3611 deportari.
2666 3540 2844 3606 Quam
2889 3559 3047 3598 more
3097 3560 3202 3599 suo
3236 3561 3378 3615 pene.
3427 3563 3651 3605 euntem

2013 3631 2369 3702 pauperibus
2411 3631 2700 3699 erogavit.
2754 3633 2874 3701 llic,
2912 3649 3040 3688 cum
3086 3637 3445 3705 temporibus
3481 3640 3654 3694 Bene-

2014 3721 2154 3776 dicti
2189 3736 2368 3791 papze.
2407 3721 2772 3776 vastantibus
2804 3723 2990 3776 omnia
3026 3724 3439 3795 Longobardis,
3479 3730 3653 3784 Roma

2016 3812 2159 3865 fame
2207 3810 2523 3879 laboraret,
2579 3811 2757 3865 amita
2793 3811 2946 3866 milia
3009 3814 3330 3870 mediorum
3381 3817 3652 3874 frumenti

2012 3900 2257 3954 navibus
2305 3900 2376 3952 ab
2425 3902 2668 3969 .-Egypto
2730 3901 3007 3970 dirigens,
3060 3919 3185 3958 eam
3236 3905 3652 3964 misericordizc

2013 3989 2207 4044 studio
2241 3980 2538 4044 relcvavit.

2082 4078 2280 4132 Tercio
2340 4078 2508 4146 hujus
2566 4093 2714 4131 anno
2760 4095 2858 4134 rex
2918 4083 3224 4136 Persarum
3279 4087 3654 4153 congregavit

2011 4167 2333 4222 exercitum
2358 4166 2652 4236 copiosmn
2693 4174 2896 4221 contra
2922 4185 3070 4237 eum,
3106 4171 3206 4224 sed
3243 4172 3450 4227 missus
3481 4176 3551 4229 ab
3585 4190 3652 4231 eo

2010 4256 2302 4311 exercitus
2336 4257 2480 4310 duce
2511 4257 2786 4310 Mauricio
2823 4260 3027 4313 Persas
3066 4259 3224 4329 vicit,
3265 4277 3652 4334 reversusque

2009 4345 2318 4403 Mauricius
2371 4360 2498 4400 eum
2550 4346 2814 4414 victoria,
2868 4347 3183 4404 honoriﬁce
3230 4367 3256 4405 a
3291 4353 3531 4422 Tvberio
3563 4363 3654 4413 est

2012 4436 2606 4506 susceptus,data«:jue
2626 4435 2733 4488 sibi
2755 4435 2866 4490 ﬁlia
2888 4436 3258 4506 imperatoris
3278 4444 3650 4502 Constantina

2011 4542 2190 4596 gener
2209 4525 2335 4594 ejus
2369 4531 2459 4578 est
2490 4525 2752 4580 ctl‘eetns.
2791 4526 3069 4581 Similiter
3109 4535 3166 4583 et
3221 4532 3502 4589 Germano
3528 4553 3653 4606 pre-

252 4611 475 4681 magnis
497 4610 769 4666 laudibus
794 4609 848 4664 in
872 4608 1052 4678 gloria
1080 4609 1342 4676 I‘tl‘gniest
1372 4605 1767 4663 COllﬁl‘matUS-
1793 4606 1891 4677 (H-
1929 4619 1979 4678 D
2016 4615 2123 4671 tori
2145 4615 2338 4683 junxit
2375 4613 2544 4669 ﬁliam
2572 4630 2734 4669 suam
2757 4616 3008 4686 Charito,
3040 4624 3351 4688 utrumque
3375 4605 3652 4679 cursarem

247 4704 351 4773 7n.)
386 4701 549 4767 Quod
593 4699 859 4756 videntes
895 4698 1022 4768 ejus
1065 4697 1408 4767 adversarii,
1453 4711 1655 4766 magna
1699 4697 1899 4752 confu-

251 4790 411 4846 sione
443 4795 574 4846 sunt
618 4789 903 4860 cooperti.
943 4786 1304 4844 Justinianus
1335 4801 1474 4842 vero
1518 4791 1646 4856 post
1681 4800 1899 4858 paucos

252 4880 380 4936 dies
401 4879 658 4949 veniens,
711 4878 953 4949 projecit
990 4894 1047 4932 se
1079 4876 1146 4931 ad
1181 4875 1358 4948 pedes
1390 4877 1534 4946 ejus,
1587 4882 1645 4930 et
1678 4880 1740 4932 ut
1771 4892 1900 4945 gra-

251 4973 389 5024 tiam
422 4969 546 5039 ejus
577 4969 839 5036 haberet,
870 4967 1196 5037 (’juindccim
1223 4966 1556 5021 centenaria
1584 4967 1708 5021 auri
1741 4949 1898 5021 dedit

249 5058 323 5113 ei.
361 5056 484 5126 llle,
520 5061 580 5111 ut
615 5072 845 5126 semper
877 5057 984 5111 fuit
1015 5056 1262 5126 patiens,
1292 5055 1546 5125 suscepit
1576 5071 1703 5110 eum
1733 5057 1897 5130 bene,

243 5146 537 5219 jussitque
570 5162 700 5203 eum
735 5147 788 5200 in
851 5145 1066 5216 palatio
1097 5160 1325 5214 semper
1386 5161 1638 5201 manere.
1674 5149 1897 5218 Sopbya

251 5252 502 5308 quoque,
525 5237 824 5293 immemor
851 5235 1254 5306 promissionis
1301 5236 1798 5306 ouamaliquando
1828 5242 1900 5292 fe-

251 5331 417 5385 cerat
446 5327 712 5398 Tyberio,
755 5325 1059 5396 temptavit
1098 5325 1148 5381 ei
1187 5324 1443 5380 fraudem
1480 5327 1762 5395 ingerere.
1798 5329 1904 5382 Ex-

249 5421 425 5474 eunte
449 5417 599 5474 enim
644 5415 744 5472 illo
775 5415 847 5472 ad
878 5415 1093 5485 villam,
1130 5418 1191 5470 ut
1221 5414 1386 5484 juxta
1417 5417 1900 5473 consuetudinem

2013 4719 2245 4759 CPCﬂDS.

2087 4793 2174 4862 (P.
2216 4795 2282 4848 D.
2326 4793 2417 4861 Ill,
2459 4794 2578 4863 l3.)
2612 4793 2693 4848 Ad
2747 4794 2894 4849 hunc
2951 4796 3253 4863 Tylaeriuzn
3313 4799 3652 4869 llelpericus

2015 4897 2116 4937 rex
2139 4883 2490 4937 Francorum
2516 4882 2722 4938 missos
2766 4898 2904 4938 suos
2928 4883 3159 4955 direxit,
3213 4891 3269 4941 ct
3298 4888 3471 4942 multa
3505 4890 3652 4946 dona

2013 4971 2257 5042 accepit,
2283 4975 2336 5026 et
2356 4987 2565 5027 aureos
2585 4971 2753 5042 tales,
2774 4989 3018 5042 quorum
3038 4990 3182 5030 unus
3197 4977 3383 5032 soiidu
3397 4995 3421 5032 s
3447 4978 3652 5035 libram

2017 5060 2298 5133 pensavit,
2326 5065 2382 5115 et
2410 5061 2696 5116 habebant
2722 5077 2793 5117 ex
2818 5077 2925 5117 una
2961 5069 3125 5134 parte
3147 5064 3385 5133 ﬁguram
3411 5067 3656 5138 impera-

2012 5151 2159 5207 toris
2185 5156 2243 5207 et
2278 5164 2379 5221 per
2410 5166 2614 5220 gyrum
2639 5151 2920 5221 scriptum
2948 5172 2967 5206 .-
3008 5153 3244 5224 Tybci'ii
3279 5156 3660 5216 Constantini

2010 5241 2280 5312 {uenienti
2310 5241 2586 5312 Augusti,
2619 5256 2687 5296 ex
2713 5241 2896 5297 altera
2924 5245 3086 5314 parte
3109 5260 3364 5315 currum,
3401 5251 3456 5302 et
3482 5248 3661 5304 homi-

2015 5347 2139 5386 nem
2163 5346 2338 5402 super
2389 5347 2518 5387 eum
2545 5331 2639 5401 qui
2693 5333 2944 5388 minabat
2981 5333 3160 5403 illum,
3196 5339 3252 5390 et
3289 5336 3364 5390 ibi
3389 5343 3514 5393 erat
3548 5338 3660 5395 cir-

2014 5421 2264 5476 cumscri
2275 5426 2435 5492 ptum
2468 5442 2480 5476 :
2517 5420 2728 5479 Gloria
2756 5424 3177 5480 Romanorum.

1611 5568 1846 5624 VARIIE
1891 5569 2184 5629 LECTION
2194 5573 2290 5628 ES.

326 5703 416 5738 ίοδθ
450 5701 668 5762 desunt
695 5701 890 5762 tamen
919 5705 994 5758 9°.
1076 5699 1165 5735 1°"
1196 5700 1251 5756 in
1278 5715 1331 5772 ς.
1370 5701 1584 5761 desunt
1609 5706 1800 5761 [ιι-11.
