  <div class='ocr_page' id='page_1' title='image "/cluster/home/n/w/nwhite01/storage/ocr_20150623/153-154/uc1.31175019678096/999.png"; bbox 0 0 3946 6436; ppageno 0'>
   <div class='ocr_carea' id='block_1_1' title="bbox 342 413 463 484">
    <p class='ocr_par' dir='ltr' id='par_1_1' title="bbox 342 413 463 484">
     <span class='ocr_line' id='line_1_1' title="bbox 342 413 463 484; baseline 0 0"><span class='ocrx_word' id='word_1_1' title='bbox 342 413 463 484; x_wconf 77' lang='grc'><strong>815</strong></span> 
     </span>
    </p>
   </div>
   <div class='ocr_carea' id='block_1_2' title="bbox 1504 413 2595 483">
    <p class='ocr_par' dir='ltr' id='par_1_2' title="bbox 1504 413 2595 483">
     <span class='ocr_line' id='line_1_2' title="bbox 1504 413 2595 483; baseline 0 -1"><span class='ocrx_word' id='word_1_2' title='bbox 1504 414 1987 482; x_wconf 80' lang='lat' dir='ltr'><strong>EKKEHARDI</strong></span> <span class='ocrx_word' id='word_1_3' title='bbox 2034 413 2595 483; x_wconf 86' lang='lat' dir='ltr'><strong>URAUGIENSIS</strong></span> 
     </span>
    </p>
   </div>
   <div class='ocr_carea' id='block_1_3' title="bbox 3631 415 3766 478">
    <p class='ocr_par' dir='ltr' id='par_1_3' title="bbox 3631 415 3766 478">
     <span class='ocr_line' id='line_1_3' title="bbox 3631 415 3766 478; baseline -0.007 0"><span class='ocrx_word' id='word_1_4' title='bbox 3631 415 3766 478; x_wconf 79' lang='grc'><strong>816</strong></span> 
     </span>
    </p>
   </div>
   <div class='ocr_carea' id='block_1_4' title="bbox 415 547 3771 629">
    <p class='ocr_par' dir='ltr' id='par_1_4' title="bbox 415 547 3771 629">
     <span class='ocr_line' id='line_1_4' title="bbox 415 547 3771 629; baseline -0.001 -16"><span class='ocrx_word' id='word_1_5' title='bbox 415 555 517 615; x_wconf 82' lang='lat' dir='ltr'><strong>His</strong></span> <span class='ocrx_word' id='word_1_6' title='bbox 550 553 915 629; x_wconf 83' lang='lat' dir='ltr'><strong>temperibus</strong></span> <span class='ocrx_word' id='word_1_7' title='bbox 948 554 1157 615; x_wconf 89' lang='lat' dir='ltr'><strong>beatus</strong></span> <span class='ocrx_word' id='word_1_8' title='bbox 1180 555 1514 628; x_wconf 84' lang='lat' dir='ltr'><strong>Gregorius,</strong></span> <span class='ocrx_word' id='word_1_9' title='bbox 1548 561 1688 614; x_wconf 92' lang='lat' dir='ltr'><strong>tunc</strong></span> <span class='ocrx_word' id='word_1_10' title='bbox 1710 554 1997 614; x_wconf 87' lang='lat' dir='ltr'><strong>archidia-</strong></span> <span class='ocrx_word' id='word_1_11' title='bbox 2026 557 2082 616; x_wconf 91' lang='lat' dir='ltr'><strong>A</strong></span> <span class='ocrx_word' id='word_1_12' title='bbox 2113 555 2210 627; x_wconf 89' lang='lat' dir='ltr'><strong>rit,</strong></span> <span class='ocrx_word' id='word_1_13' title='bbox 2238 560 2293 611; x_wconf 92' lang='lat' dir='ltr'><strong>et</strong></span> <span class='ocrx_word' id='word_1_14' title='bbox 2321 555 2735 628; x_wconf 79' lang='lat' dir='ltr'><strong>imperatorem</strong></span> <span class='ocrx_word' id='word_1_15' title='bbox 2755 550 2951 623; x_wconf 83' lang='lat' dir='ltr'><strong>gladio</strong></span> <span class='ocrx_word' id='word_1_16' title='bbox 2976 547 3318 610; x_wconf 88' lang='lat' dir='ltr'><strong>moriturum</strong></span> <span class='ocrx_word' id='word_1_17' title='bbox 3336 551 3604 609; x_wconf 89' lang='lat' dir='ltr'><strong>omnibus</strong></span> <span class='ocrx_word' id='word_1_18' title='bbox 3627 567 3771 624; x_wconf 90' lang='lat' dir='ltr'><strong>pro-</strong></span> 
     </span>
    </p>
   </div>
   <div class='ocr_carea' id='block_1_5' title="bbox 345 644 1996 718">
    <p class='ocr_par' dir='ltr' id='par_1_5' title="bbox 345 644 1996 718">
     <span class='ocr_line' id='line_1_5' title="bbox 345 644 1996 718; baseline -0.004 -12"><span class='ocrx_word' id='word_1_19' title='bbox 345 662 550 718; x_wconf 73' lang='lat' dir='ltr'><strong>conus,</strong></span> <span class='ocrx_word' id='word_1_20' title='bbox 575 662 705 703; x_wconf 92' lang='lat' dir='ltr'><strong>cum</strong></span> <span class='ocrx_word' id='word_1_21' title='bbox 729 646 939 702; x_wconf 90' lang='lat' dir='ltr'><strong>fuisset</strong></span> <span class='ocrx_word' id='word_1_22' title='bbox 957 660 986 703; x_wconf 91' lang='lat' dir='ltr'><strong>a</strong></span> <span class='ocrx_word' id='word_1_23' title='bbox 1011 646 1246 715; x_wconf 83' lang='lat' dir='ltr'><strong>Pelagio</strong></span> <span class='ocrx_word' id='word_1_24' title='bbox 1266 661 1411 718; x_wconf 88' lang='lat' dir='ltr'><strong>papa</strong></span> <span class='ocrx_word' id='word_1_25' title='bbox 1436 644 1996 717; x_wconf 78' lang='lat' dir='ltr'><strong>Constantinopolim</strong></span> 
     </span>
    </p>
   </div>
   <div class='ocr_carea' id='block_1_6' title="bbox 348 734 1994 806">
    <p class='ocr_par' dir='ltr' id='par_1_6' title="bbox 348 734 1994 806">
     <span class='ocr_line' id='line_1_6' title="bbox 348 734 1994 806; baseline -0.001 -13"><span class='ocrx_word' id='word_1_26' title='bbox 348 734 936 806; x_wconf 86' lang='lat' dir='ltr'><strong>missus,rogantibus</strong></span> <span class='ocrx_word' id='word_1_27' title='bbox 958 736 1240 791; x_wconf 79' lang='lat' dir='ltr'><strong>fratribus</strong></span> <span class='ocrx_word' id='word_1_28' title='bbox 1260 751 1454 792; x_wconf 84' lang='lat' dir='ltr'><strong>secum</strong></span> <span class='ocrx_word' id='word_1_29' title='bbox 1473 735 1994 806; x_wconf 89' lang='lat' dir='ltr'><strong>commorantibus,</strong></span> 
     </span>
    </p>
   </div>
   <div class='ocr_carea' id='block_1_7' title="bbox 348 821 1998 895">
    <p class='ocr_par' dir='ltr' id='par_1_7' title="bbox 348 821 1998 895">
     <span class='ocr_line' id='line_1_7' title="bbox 348 821 1998 895; baseline -0.002 -14"><span class='ocrx_word' id='word_1_30' title='bbox 348 824 633 894; x_wconf 90' lang='lat' dir='ltr'><strong>maximeq</strong></span> <span class='ocrx_word' id='word_1_31' title='bbox 646 837 714 878; x_wconf 89' lang='lat' dir='ltr'><strong>uc</strong></span> <span class='ocrx_word' id='word_1_32' title='bbox 732 821 993 878; x_wconf 86' lang='lat' dir='ltr'><strong>Leandre</strong></span> <span class='ocrx_word' id='word_1_33' title='bbox 1010 822 1381 894; x_wconf 72' lang='lat' dir='ltr'><strong>HiSpanirnsi</strong></span> <span class='ocrx_word' id='word_1_34' title='bbox 1397 823 1692 895; x_wconf 90' lang='lat' dir='ltr'><strong>episcopo,</strong></span> <span class='ocrx_word' id='word_1_35' title='bbox 1712 824 1808 895; x_wconf 87' lang='lat' dir='ltr'><strong>qui</strong></span> <span class='ocrx_word' id='word_1_36' title='bbox 1823 823 1998 879; x_wconf 88' lang='lat' dir='ltr'><strong>etiam</strong></span> 
     </span>
    </p>
   </div>
   <div class='ocr_carea' id='block_1_8' title="bbox 348 909 1999 983">
    <p class='ocr_par' dir='ltr' id='par_1_8' title="bbox 348 909 1999 983">
     <span class='ocr_line' id='line_1_8' title="bbox 348 909 1999 983; baseline -0.001 -14"><span class='ocrx_word' id='word_1_37' title='bbox 348 917 484 969; x_wconf 91' lang='lat' dir='ltr'><strong>tunc</strong></span> <span class='ocrx_word' id='word_1_38' title='bbox 520 910 804 983; x_wconf 89' lang='lat' dir='ltr'><strong>temporis</strong></span> <span class='ocrx_word' id='word_1_39' title='bbox 852 909 989 967; x_wconf 93' lang='lat' dir='ltr'><strong>illuc</strong></span> <span class='ocrx_word' id='word_1_40' title='bbox 1048 911 1263 969; x_wconf 89' lang='lat' dir='ltr'><strong>missus</strong></span> <span class='ocrx_word' id='word_1_41' title='bbox 1325 913 1531 979; x_wconf 78' lang='lat' dir='ltr'><strong>fuerat,</strong></span> <span class='ocrx_word' id='word_1_42' title='bbox 1595 912 1835 969; x_wconf 82' lang='lat' dir='ltr'><strong>moralia</strong></span> <span class='ocrx_word' id='word_1_43' title='bbox 1891 912 1999 969; x_wconf 85' lang='lat' dir='ltr'><strong>Job</strong></span> 
     </span>
    </p>
   </div>
   <div class='ocr_carea' id='block_1_9' title="bbox 347 998 1997 1073">
    <p class='ocr_par' dir='ltr' id='par_1_9' title="bbox 347 998 1997 1073">
     <span class='ocr_line' id='line_1_9' title="bbox 347 998 1997 1073; baseline -0.001 -15"><span class='ocrx_word' id='word_1_44' title='bbox 347 1000 606 1073; x_wconf 77' lang='lat' dir='ltr'><strong>scripsit,</strong></span> <span class='ocrx_word' id='word_1_45' title='bbox 639 1004 698 1055; x_wconf 90' lang='lat' dir='ltr'><strong>et</strong></span> <span class='ocrx_word' id='word_1_46' title='bbox 748 998 1078 1056; x_wconf 82' lang='lat' dir='ltr'><strong>Euthicium</strong></span> <span class='ocrx_word' id='word_1_47' title='bbox 1111 1000 1372 1069; x_wconf 82' lang='lat' dir='ltr'><strong>ejusdem</strong></span> <span class='ocrx_word' id='word_1_48' title='bbox 1424 1002 1589 1058; x_wconf 83' lang='lat' dir='ltr'><strong>urbis</strong></span> <span class='ocrx_word' id='word_1_49' title='bbox 1639 1001 1997 1073; x_wconf 85' lang='lat' dir='ltr'><strong>episcopum,</strong></span> 
     </span>
    </p>
   </div>
   <div class='ocr_carea' id='block_1_10' title="bbox 348 1088 2002 1162">
    <p class='ocr_par' dir='ltr' id='par_1_10' title="bbox 348 1088 2002 1162">
     <span class='ocr_line' id='line_1_10' title="bbox 348 1088 2002 1162; baseline 0.001 -17"><span class='ocrx_word' id='word_1_50' title='bbox 348 1092 623 1162; x_wconf 87' lang='lat' dir='ltr'><strong>presente</strong></span> <span class='ocrx_word' id='word_1_51' title='bbox 674 1088 923 1159; x_wconf 81' lang='lat' dir='ltr'><strong>Tyberio</strong></span> <span class='ocrx_word' id='word_1_52' title='bbox 957 1095 1227 1158; x_wconf 89' lang='lat' dir='ltr'><strong>augusto,</strong></span> <span class='ocrx_word' id='word_1_53' title='bbox 1288 1089 1341 1145; x_wconf 90' lang='lat' dir='ltr'><strong>in</strong></span> <span class='ocrx_word' id='word_1_54' title='bbox 1379 1090 1491 1146; x_wconf 84' lang='lat' dir='ltr'><strong>fide</strong></span> <span class='ocrx_word' id='word_1_55' title='bbox 1551 1089 2002 1146; x_wconf 87' lang='lat' dir='ltr'><strong>resurrectionis</strong></span> 
     </span>
    </p>
   </div>
   <div class='ocr_carea' id='block_1_11' title="bbox 345 1176 1810 1251">
    <p class='ocr_par' dir='ltr' id='par_1_11' title="bbox 345 1176 1810 1251">
     <span class='ocr_line' id='line_1_11' title="bbox 345 1176 1810 1251; baseline 0 -16"><span class='ocrx_word' id='word_1_56' title='bbox 345 1191 579 1235; x_wconf 83' lang='lat' dir='ltr'><strong>errasse</strong></span> <span class='ocrx_word' id='word_1_57' title='bbox 610 1176 867 1233; x_wconf 85' lang='lat' dir='ltr'><strong>convicit</strong></span> <span class='ocrx_word' id='word_1_58' title='bbox 898 1176 994 1245; x_wconf 89' lang='lat' dir='ltr'><strong>(cf.</strong></span> <span class='ocrx_word' id='word_1_59' title='bbox 1043 1177 1234 1233; x_wconf 77' lang='lat' dir='ltr'><strong>Vitam</strong></span> <span class='ocrx_word' id='word_1_60' title='bbox 1269 1179 1446 1249; x_wconf 53' lang='grc' dir='ltr'><strong>θῆσσα.</strong></span> <span class='ocrx_word' id='word_1_61' title='bbox 1478 1183 1536 1233; x_wconf 88' lang='lat' dir='ltr'><strong>et</strong></span> <span class='ocrx_word' id='word_1_62' title='bbox 1572 1180 1810 1251; x_wconf 61' lang='lat' dir='ltr'><strong>Ben”).</strong></span> 
     </span>
    </p>
   </div>
   <div class='ocr_carea' id='block_1_12' title="bbox 417 1265 2000 1339">
    <p class='ocr_par' dir='ltr' id='par_1_12' title="bbox 417 1265 2000 1339">
     <span class='ocr_line' id='line_1_12' title="bbox 417 1265 2000 1339; baseline 0 -17"><span class='ocrx_word' id='word_1_63' title='bbox 417 1269 503 1339; x_wconf 88' lang='lat' dir='ltr'><strong>(P.</strong></span> <span class='ocrx_word' id='word_1_64' title='bbox 538 1268 609 1322; x_wconf 94' lang='lat' dir='ltr'><strong>D.</strong></span> <span class='ocrx_word' id='word_1_65' title='bbox 652 1265 896 1338; x_wconf 76' lang='lat' dir='ltr'><strong>ll[,15.)</strong></span> <span class='ocrx_word' id='word_1_66' title='bbox 952 1266 1237 1336; x_wconf 83' lang='lat' dir='ltr'><strong>Tyberius</strong></span> <span class='ocrx_word' id='word_1_67' title='bbox 1295 1272 1489 1323; x_wconf 88' lang='lat' dir='ltr'><strong>autem</strong></span> <span class='ocrx_word' id='word_1_68' title='bbox 1546 1283 1676 1325; x_wconf 92' lang='lat' dir='ltr'><strong>cum</strong></span> <span class='ocrx_word' id='word_1_69' title='bbox 1730 1270 2000 1336; x_wconf 65' lang='lat' dir='ltr'><strong>regnaret</strong></span> 
     </span>
    </p>
   </div>
   <div class='ocr_carea' id='block_1_13' title="bbox 346 1354 2000 1429">
    <p class='ocr_par' dir='ltr' id='par_1_13' title="bbox 346 1354 2000 1429">
     <span class='ocr_line' id='line_1_13' title="bbox 346 1354 2000 1429; baseline -0.002 -14"><span class='ocrx_word' id='word_1_70' title='bbox 346 1358 513 1415; x_wconf 91' lang='lat' dir='ltr'><strong>annis</strong></span> <span class='ocrx_word' id='word_1_71' title='bbox 544 1362 597 1428; x_wconf 92' lang='lat'><strong>7,</strong></span> <span class='ocrx_word' id='word_1_72' title='bbox 646 1361 703 1412; x_wconf 91' lang='lat' dir='ltr'><strong>et</strong></span> <span class='ocrx_word' id='word_1_73' title='bbox 756 1354 1085 1411; x_wconf 78' lang='lat' dir='ltr'><strong>infirmatus</strong></span> <span class='ocrx_word' id='word_1_74' title='bbox 1147 1360 1391 1412; x_wconf 90' lang='lat' dir='ltr'><strong>mortem</strong></span> <span class='ocrx_word' id='word_1_75' title='bbox 1449 1356 1560 1413; x_wconf 88' lang='lat' dir='ltr'><strong>sibi</strong></span> <span class='ocrx_word' id='word_1_76' title='bbox 1617 1357 2000 1429; x_wconf 88' lang='lat' dir='ltr'><strong>propinquam</strong></span> 
     </span>
    </p>
   </div>
   <div class='ocr_carea' id='block_1_14' title="bbox 348 1444 2000 1517">
    <p class='ocr_par' dir='ltr' id='par_1_14' title="bbox 348 1444 2000 1517">
     <span class='ocr_line' id='line_1_14' title="bbox 348 1444 2000 1517; baseline -0.001 -14"><span class='ocrx_word' id='word_1_77' title='bbox 348 1447 616 1515; x_wconf 88' lang='lat' dir='ltr'><strong>sentiret,</strong></span> <span class='ocrx_word' id='word_1_78' title='bbox 651 1460 781 1501; x_wconf 88' lang='lat' dir='ltr'><strong>cum</strong></span> <span class='ocrx_word' id='word_1_79' title='bbox 816 1444 1062 1500; x_wconf 91' lang='lat' dir='ltr'><strong>consilio</strong></span> <span class='ocrx_word' id='word_1_80' title='bbox 1093 1444 1336 1517; x_wconf 74' lang='lat' dir='ltr'><strong>Sophyze</strong></span> <span class='ocrx_word' id='word_1_81' title='bbox 1368 1450 1634 1515; x_wconf 61' lang='lat' dir='ltr'><strong>augustas:</strong></span> <span class='ocrx_word' id='word_1_82' title='bbox 1663 1445 2000 1502; x_wconf 90' lang='lat' dir='ltr'><strong>Mauricium</strong></span> 
     </span>
    </p>
   </div>
   <div class='ocr_carea' id='block_1_15' title="bbox 346 1533 2001 1605">
    <p class='ocr_par' dir='ltr' id='par_1_15' title="bbox 346 1533 2001 1605">
     <span class='ocr_line' id='line_1_15' title="bbox 346 1533 2001 1605; baseline -0.002 -14"><span class='ocrx_word' id='word_1_83' title='bbox 346 1549 625 1605; x_wconf 81' lang='lat' dir='ltr'><strong>generum</strong></span> <span class='ocrx_word' id='word_1_84' title='bbox 659 1548 849 1603; x_wconf 90' lang='lat' dir='ltr'><strong>suum,</strong></span> <span class='ocrx_word' id='word_1_85' title='bbox 898 1547 1115 1602; x_wconf 87' lang='lat' dir='ltr'><strong>genere</strong></span> <span class='ocrx_word' id='word_1_86' title='bbox 1150 1533 1535 1605; x_wconf 86' lang='lat' dir='ltr'><strong>Capadocum,</strong></span> <span class='ocrx_word' id='word_1_87' title='bbox 1592 1533 1663 1589; x_wconf 89' lang='lat' dir='ltr'><strong>ad</strong></span> <span class='ocrx_word' id='word_1_88' title='bbox 1697 1534 2001 1605; x_wconf 91' lang='lat' dir='ltr'><strong>imperium</strong></span> 
     </span>
    </p>
   </div>
   <div class='ocr_carea' id='block_1_16' title="bbox 347 1621 2005 1694">
    <p class='ocr_par' dir='ltr' id='par_1_16' title="bbox 347 1621 2005 1694">
     <span class='ocr_line' id='line_1_16' title="bbox 347 1621 2005 1694; baseline 0.001 -15"><span class='ocrx_word' id='word_1_89' title='bbox 347 1623 545 1694; x_wconf 83' lang='lat' dir='ltr'><strong>elegit,</strong></span> <span class='ocrx_word' id='word_1_90' title='bbox 579 1622 751 1694; x_wconf 89' lang='lat' dir='ltr'><strong>eique</strong></span> <span class='ocrx_word' id='word_1_91' title='bbox 810 1621 1201 1693; x_wconf 87' lang='lat' dir='ltr'><strong>principatum</strong></span> <span class='ocrx_word' id='word_1_92' title='bbox 1235 1622 1418 1693; x_wconf 89' lang='lat' dir='ltr'><strong>dedit,</strong></span> <span class='ocrx_word' id='word_1_93' title='bbox 1451 1622 1687 1679; x_wconf 88' lang='lat' dir='ltr'><strong>dicens:</strong></span> <span class='ocrx_word' id='word_1_94' title='bbox 1719 1625 1794 1680; x_wconf 84' lang='lat' dir='ltr'><strong>In</strong></span> <span class='ocrx_word' id='word_1_95' title='bbox 1813 1624 2005 1680; x_wconf 88' lang='lat' dir='ltr'><strong>mente</strong></span> 
     </span>
    </p>
   </div>
   <div class='ocr_carea' id='block_1_17' title="bbox 347 1709 2001 1783">
    <p class='ocr_par' dir='ltr' id='par_1_17' title="bbox 347 1709 2001 1783">
     <span class='ocr_line' id='line_1_17' title="bbox 347 1709 2001 1783; baseline -0.001 -15"><span class='ocrx_word' id='word_1_96' title='bbox 347 1709 517 1778; x_wconf 76' lang='lat' dir='ltr'><strong>habe,</strong></span> <span class='ocrx_word' id='word_1_97' title='bbox 531 1710 1024 1768; x_wconf 71' lang='lat' dir='ltr'><strong>uirectitadinem</strong></span> <span class='ocrx_word' id='word_1_98' title='bbox 1044 1710 1655 1783; x_wconf 71' lang='lat' dir='ltr'><strong>etjusticiamsemper</strong></span> <span class='ocrx_word' id='word_1_99' title='bbox 1670 1724 1848 1769; x_wconf 87' lang='lat' dir='ltr'><strong>ames.</strong></span> <span class='ocrx_word' id='word_1_100' title='bbox 1880 1711 2001 1768; x_wconf 83' lang='lat' dir='ltr'><strong>Hoc</strong></span> 
     </span>
    </p>
   </div>
   <div class='ocr_carea' id='block_1_18' title="bbox 351 1797 2001 1873">
    <p class='ocr_par' dir='ltr' id='par_1_18' title="bbox 351 1797 2001 1873">
     <span class='ocr_line' id='line_1_18' title="bbox 351 1797 2001 1873; baseline 0.001 -17"><span class='ocrx_word' id='word_1_101' title='bbox 351 1803 661 1873; x_wconf 88' lang='lat' dir='ltr'><strong>postquam</strong></span> <span class='ocrx_word' id='word_1_102' title='bbox 687 1797 856 1868; x_wconf 88' lang='lat' dir='ltr'><strong>dixit,</strong></span> <span class='ocrx_word' id='word_1_103' title='bbox 883 1798 953 1854; x_wconf 91' lang='lat' dir='ltr'><strong>de</strong></span> <span class='ocrx_word' id='word_1_104' title='bbox 976 1799 1084 1854; x_wconf 90' lang='lat' dir='ltr'><strong>hac</strong></span> <span class='ocrx_word' id='word_1_105' title='bbox 1119 1798 1249 1855; x_wconf 91' lang='lat' dir='ltr'><strong>luce</strong></span> <span class='ocrx_word' id='word_1_106' title='bbox 1276 1800 1567 1869; x_wconf 82' lang='lat' dir='ltr'><strong>migravit.</strong></span> <span class='ocrx_word' id='word_1_107' title='bbox 1599 1800 1778 1867; x_wconf 90' lang='lat' dir='ltr'><strong>Quem</strong></span> <span class='ocrx_word' id='word_1_108' title='bbox 1802 1815 2001 1857; x_wconf 89' lang='lat' dir='ltr'><strong>omnes</strong></span> 
     </span>
    </p>
   </div>
   <div class='ocr_carea' id='block_1_19' title="bbox 351 1886 2084 1980">
    <p class='ocr_par' dir='ltr' id='par_1_19' title="bbox 351 1886 2084 1980">
     <span class='ocr_line' id='line_1_19' title="bbox 351 1886 2084 1980; baseline -0.001 -34"><span class='ocrx_word' id='word_1_109' title='bbox 351 1888 551 1961; x_wconf 89' lang='lat' dir='ltr'><strong>populi</strong></span> <span class='ocrx_word' id='word_1_110' title='bbox 580 1886 827 1944; x_wconf 90' lang='lat' dir='ltr'><strong>multum</strong></span> <span class='ocrx_word' id='word_1_111' title='bbox 874 1888 1230 1959; x_wconf 82' lang='lat' dir='ltr'><strong>planxerunt</strong></span> <span class='ocrx_word' id='word_1_112' title='bbox 1265 1905 1365 1961; x_wconf 92' lang='lat' dir='ltr'><strong>pro</strong></span> <span class='ocrx_word' id='word_1_113' title='bbox 1396 1889 1659 1946; x_wconf 89' lang='lat' dir='ltr'><strong>bonitate</strong></span> <span class='ocrx_word' id='word_1_114' title='bbox 1689 1891 1834 1961; x_wconf 86' lang='lat' dir='ltr'><strong>ejus.</strong></span> <span class='ocrx_word' id='word_1_115' title='bbox 1870 1890 1998 1946; x_wconf 89' lang='lat' dir='ltr'><strong>Fuit</strong></span> <span class='ocrx_word' id='word_1_116' title='bbox 2032 1920 2084 1980; x_wconf 80' lang='grc' dir='ltr'>Β</span> 
     </span>
    </p>
   </div>
   <div class='ocr_carea' id='block_1_20' title="bbox 349 1977 1999 2051">
    <p class='ocr_par' dir='ltr' id='par_1_20' title="bbox 349 1977 1999 2051">
     <span class='ocr_line' id='line_1_20' title="bbox 349 1977 1999 2051; baseline -0.001 -17"><span class='ocrx_word' id='word_1_117' title='bbox 349 1978 501 2035; x_wconf 91' lang='lat' dir='ltr'><strong>enim</strong></span> <span class='ocrx_word' id='word_1_118' title='bbox 525 1992 764 2034; x_wconf 68' lang='lat' dir='ltr'><strong>summae</strong></span> <span class='ocrx_word' id='word_1_119' title='bbox 787 1977 1091 2049; x_wconf 88' lang='lat' dir='ltr'><strong>bonitatis,</strong></span> <span class='ocrx_word' id='word_1_120' title='bbox 1117 1977 1188 2033; x_wconf 90' lang='lat' dir='ltr'><strong>ad</strong></span> <span class='ocrx_word' id='word_1_121' title='bbox 1211 1978 1562 2035; x_wconf 90' lang='lat' dir='ltr'><strong>elemosinas</strong></span> <span class='ocrx_word' id='word_1_122' title='bbox 1587 1984 1912 2051; x_wconf 91' lang='lat' dir='ltr'><strong>promptus,</strong></span> <span class='ocrx_word' id='word_1_123' title='bbox 1944 1979 1999 2034; x_wconf 91' lang='lat' dir='ltr'><strong>in</strong></span> 
     </span>
    </p>
   </div>
   <div class='ocr_carea' id='block_1_21' title="bbox 342 2065 2001 2138">
    <p class='ocr_par' dir='ltr' id='par_1_21' title="bbox 342 2065 2001 2138">
     <span class='ocr_line' id='line_1_21' title="bbox 342 2065 2001 2138; baseline 0 -15"><span class='ocrx_word' id='word_1_124' title='bbox 342 2066 583 2137; x_wconf 90' lang='lat' dir='ltr'><strong>judiciis</strong></span> <span class='ocrx_word' id='word_1_125' title='bbox 606 2066 822 2137; x_wconf 91' lang='lat' dir='ltr'><strong>justus,</strong></span> <span class='ocrx_word' id='word_1_126' title='bbox 859 2065 914 2121; x_wconf 91' lang='lat' dir='ltr'><strong>in</strong></span> <span class='ocrx_word' id='word_1_127' title='bbox 961 2066 1314 2123; x_wconf 88' lang='lat' dir='ltr'><strong>discretione</strong></span> <span class='ocrx_word' id='word_1_128' title='bbox 1345 2068 1736 2138; x_wconf 90' lang='lat' dir='ltr'><strong>cautissimus,</strong></span> <span class='ocrx_word' id='word_1_129' title='bbox 1782 2067 2001 2125; x_wconf 90' lang='lat' dir='ltr'><strong>nullum</strong></span> 
     </span>
    </p>
   </div>
   <div class='ocr_carea' id='block_1_22' title="bbox 350 2155 2005 2227">
    <p class='ocr_par' dir='ltr' id='par_1_22' title="bbox 350 2155 2005 2227">
     <span class='ocr_line' id='line_1_22' title="bbox 350 2155 2005 2227; baseline 0.001 -15"><span class='ocrx_word' id='word_1_130' title='bbox 350 2156 738 2227; x_wconf 91' lang='lat' dir='ltr'><strong>despiciebat,</strong></span> <span class='ocrx_word' id='word_1_131' title='bbox 775 2155 875 2211; x_wconf 90' lang='lat' dir='ltr'><strong>sed</strong></span> <span class='ocrx_word' id='word_1_132' title='bbox 910 2170 1111 2213; x_wconf 92' lang='lat' dir='ltr'><strong>omnes</strong></span> <span class='ocrx_word' id='word_1_133' title='bbox 1140 2171 1269 2213; x_wconf 91' lang='lat' dir='ltr'><strong>cum</strong></span> <span class='ocrx_word' id='word_1_134' title='bbox 1305 2158 1452 2213; x_wconf 91' lang='lat' dir='ltr'><strong>bona</strong></span> <span class='ocrx_word' id='word_1_135' title='bbox 1486 2157 1789 2213; x_wconf 86' lang='lat' dir='ltr'><strong>voluntate</strong></span> <span class='ocrx_word' id='word_1_136' title='bbox 1820 2158 2005 2214; x_wconf 90' lang='lat' dir='ltr'><strong>susci-</strong></span> 
     </span>
    </p>
   </div>
   <div class='ocr_carea' id='block_1_23' title="bbox 348 2244 2006 2316">
    <p class='ocr_par' dir='ltr' id='par_1_23' title="bbox 348 2244 2006 2316">
     <span class='ocr_line' id='line_1_23' title="bbox 348 2244 2006 2316; baseline 0.001 -17"><span class='ocrx_word' id='word_1_137' title='bbox 348 2244 571 2316; x_wconf 88' lang='lat' dir='ltr'><strong>piebat,</strong></span> <span class='ocrx_word' id='word_1_138' title='bbox 606 2248 665 2299; x_wconf 90' lang='lat' dir='ltr'><strong>et</strong></span> <span class='ocrx_word' id='word_1_139' title='bbox 713 2244 846 2315; x_wconf 90' lang='lat' dir='ltr'><strong>quia</strong></span> <span class='ocrx_word' id='word_1_140' title='bbox 878 2244 1168 2301; x_wconf 75' lang='lat' dir='ltr'><strong>dilexerat</strong></span> <span class='ocrx_word' id='word_1_141' title='bbox 1227 2260 1450 2315; x_wconf 90' lang='lat' dir='ltr'><strong>omnes,</strong></span> <span class='ocrx_word' id='word_1_142' title='bbox 1488 2247 1560 2303; x_wconf 89' lang='lat' dir='ltr'><strong>ab</strong></span> <span class='ocrx_word' id='word_1_143' title='bbox 1621 2247 1891 2303; x_wconf 87' lang='lat' dir='ltr'><strong>omnibus</strong></span> <span class='ocrx_word' id='word_1_144' title='bbox 1922 2246 2006 2302; x_wconf 92' lang='lat' dir='ltr'><strong>di-</strong></span> 
     </span>
    </p>
   </div>
   <div class='ocr_carea' id='block_1_24' title="bbox 348 2333 676 2390">
    <p class='ocr_par' dir='ltr' id='par_1_24' title="bbox 348 2333 676 2390">
     <span class='ocr_line' id='line_1_24' title="bbox 348 2333 676 2390; baseline 0.003 -2"><span class='ocrx_word' id='word_1_145' title='bbox 348 2333 541 2390; x_wconf 91' lang='lat' dir='ltr'><strong>lectus</strong></span> <span class='ocrx_word' id='word_1_146' title='bbox 567 2338 676 2389; x_wconf 91' lang='lat' dir='ltr'><strong>est.</strong></span> 
     </span>
    </p>
   </div>
   <div class='ocr_carea' id='block_1_25' title="bbox 349 2421 890 2493">
    <p class='ocr_par' dir='ltr' id='par_1_25' title="bbox 349 2421 890 2493">
     <span class='ocr_line' id='line_1_25' title="bbox 349 2421 890 2493; baseline -0.004 -14"><span class='ocrx_word' id='word_1_147' title='bbox 349 2423 495 2479; x_wconf 82' lang='lat' dir='ltr'><strong>Anni</strong></span> <span class='ocrx_word' id='word_1_148' title='bbox 529 2421 620 2455; x_wconf 72' lang='grc' dir='ltr'><strong>ιοεε</strong></span> <span class='ocrx_word' id='word_1_149' title='bbox 640 2422 890 2493; x_wconf 87' lang='lat' dir='ltr'><strong>Tyhcrii.</strong></span> 
     </span>
    </p>
   </div>
   <div class='ocr_carea' id='block_1_26' title="bbox 420 2511 2004 2587">
    <p class='ocr_par' dir='ltr' id='par_1_26' title="bbox 420 2511 2004 2587">
     <span class='ocr_line' id='line_1_26' title="bbox 420 2511 2004 2587; baseline 0.002 -21"><span class='ocrx_word' id='word_1_150' title='bbox 420 2512 598 2582; x_wconf 85' lang='lat' dir='ltr'><strong>Cujus</strong></span> <span class='ocrx_word' id='word_1_151' title='bbox 631 2525 780 2568; x_wconf 90' lang='lat' dir='ltr'><strong>anno</strong></span> <span class='ocrx_word' id='word_1_152' title='bbox 824 2511 1009 2583; x_wconf 90' lang='lat' dir='ltr'><strong>primo</strong></span> <span class='ocrx_word' id='word_1_153' title='bbox 1057 2512 1377 2569; x_wconf 90' lang='lat' dir='ltr'><strong>thesaurus</strong></span> <span class='ocrx_word' id='word_1_154' title='bbox 1435 2528 1678 2583; x_wconf 88' lang='lat' dir='ltr'><strong>magnus</strong></span> <span class='ocrx_word' id='word_1_155' title='bbox 1710 2516 1815 2571; x_wconf 90' lang='lat' dir='ltr'><strong>sub</strong></span> <span class='ocrx_word' id='word_1_156' title='bbox 1848 2514 2004 2587; x_wconf 89' lang='lat' dir='ltr'><strong>pavi-</strong></span> 
     </span>
    </p>
   </div>
   <div class='ocr_carea' id='block_1_27' title="bbox 349 2600 2004 2675">
    <p class='ocr_par' dir='ltr' id='par_1_27' title="bbox 349 2600 2004 2675">
     <span class='ocr_line' id='line_1_27' title="bbox 349 2600 2004 2675; baseline 0.003 -19"><span class='ocrx_word' id='word_1_157' title='bbox 349 2606 548 2657; x_wconf 89' lang='lat' dir='ltr'><strong>mento</strong></span> <span class='ocrx_word' id='word_1_158' title='bbox 581 2600 781 2672; x_wconf 88' lang='lat' dir='ltr'><strong>palatii</strong></span> <span class='ocrx_word' id='word_1_159' title='bbox 812 2604 870 2657; x_wconf 90' lang='lat' dir='ltr'><strong>et</strong></span> <span class='ocrx_word' id='word_1_160' title='bbox 902 2601 955 2657; x_wconf 93' lang='lat' dir='ltr'><strong>in</strong></span> <span class='ocrx_word' id='word_1_161' title='bbox 988 2602 1158 2658; x_wconf 88' lang='lat' dir='ltr'><strong>domo</strong></span> <span class='ocrx_word' id='word_1_162' title='bbox 1186 2604 1454 2659; x_wconf 89' lang='lat' dir='ltr'><strong>Narsctis</strong></span> <span class='ocrx_word' id='word_1_163' title='bbox 1479 2603 1708 2675; x_wconf 91' lang='lat' dir='ltr'><strong>patricii</strong></span> <span class='ocrx_word' id='word_1_164' title='bbox 1736 2604 2004 2661; x_wconf 90' lang='lat' dir='ltr'><strong>inventus</strong></span> 
     </span>
    </p>
   </div>
   <div class='ocr_carea' id='block_1_28' title="bbox 349 2690 1154 2761">
    <p class='ocr_par' dir='ltr' id='par_1_28' title="bbox 349 2690 1154 2761">
     <span class='ocr_line' id='line_1_28' title="bbox 349 2690 1154 2761; baseline 0.001 -16"><span class='ocrx_word' id='word_1_165' title='bbox 349 2696 460 2759; x_wconf 90' lang='lat' dir='ltr'><strong>est,</strong></span> <span class='ocrx_word' id='word_1_166' title='bbox 485 2693 548 2747; x_wconf 90' lang='lat' dir='ltr'><strong>ut</strong></span> <span class='ocrx_word' id='word_1_167' title='bbox 583 2704 759 2761; x_wconf 86' lang='lat' dir='ltr'><strong>supra</strong></span> <span class='ocrx_word' id='word_1_168' title='bbox 788 2690 1008 2746; x_wconf 90' lang='lat' dir='ltr'><strong>dictum</strong></span> <span class='ocrx_word' id='word_1_169' title='bbox 1040 2696 1154 2746; x_wconf 90' lang='lat' dir='ltr'><strong>est.</strong></span> 
     </span>
    </p>
   </div>
   <div class='ocr_carea' id='block_1_29' title="bbox 418 2771 2005 2844">
    <p class='ocr_par' dir='ltr' id='par_1_29' title="bbox 418 2771 2005 2844">
     <span class='ocr_line' id='line_1_29' title="bbox 418 2771 2005 2844; baseline 0.003 -19"><span class='ocrx_word' id='word_1_170' title='bbox 418 2774 471 2827; x_wconf 75' lang='lat'><strong>2.</strong></span> <span class='ocrx_word' id='word_1_171' title='bbox 505 2773 568 2825; x_wconf 84' lang='lat' dir='ltr'><strong>A.</strong></span> <span class='ocrx_word' id='word_1_172' title='bbox 602 2772 663 2826; x_wconf 84' lang='grc' dir='ltr'><strong>Ι).</strong></span> <span class='ocrx_word' id='word_1_173' title='bbox 712 2776 833 2827; x_wconf 77' lang='grc'><strong>577.</strong></span> <span class='ocrx_word' id='word_1_174' title='bbox 900 2771 1251 2828; x_wconf 88' lang='lat' dir='ltr'><strong>Benedictus</strong></span> <span class='ocrx_word' id='word_1_175' title='bbox 1309 2787 1456 2844; x_wconf 89' lang='lat' dir='ltr'><strong>papa</strong></span> <span class='ocrx_word' id='word_1_176' title='bbox 1515 2777 1643 2830; x_wconf 63' lang='grc' dir='ltr'><strong>ϐάιιθ</strong></span> <span class='ocrx_word' id='word_1_177' title='bbox 1698 2774 1853 2830; x_wconf 89' lang='lat' dir='ltr'><strong>sedit</strong></span> <span class='ocrx_word' id='word_1_178' title='bbox 1909 2789 2005 2830; x_wconf 92' lang='lat' dir='ltr'><strong>an-</strong></span> 
     </span>
    </p>
   </div>
   <div class='ocr_carea' id='block_1_30' title="bbox 351 2861 2005 3007">
    <p class='ocr_par' dir='ltr' id='par_1_30' title="bbox 351 2861 2005 3007">
     <span class='ocr_line' id='line_1_30' title="bbox 351 2861 2005 3007; baseline 0.008 -20"><span class='ocrx_word' id='word_1_179' title='bbox 351 2874 437 2917; x_wconf 69' lang='lat' dir='ltr'><strong>ms</strong></span> <span class='ocrx_word' id='word_1_180' title='bbox 467 2861 520 2961; x_wconf 47' lang='lat'><strong>4&quot;.</strong></span> <span class='ocrx_word' id='word_1_181' title='bbox 542 2939 646 2993; x_wconf 87' lang='lat' dir='ltr'><strong>D.?</strong></span> <span class='ocrx_word' id='word_1_182' title='bbox 668 2939 728 2992; x_wconf 86' lang='lat' dir='ltr'><strong>E.</strong></span> <span class='ocrx_word' id='word_1_183' title='bbox 762 2938 1001 2995; x_wconf 80' lang='lat' dir='ltr'><strong>addant</strong></span> <span class='ocrx_word' id='word_1_184' title='bbox 1027 2958 1046 2995; x_wconf 91' lang='grc'><em>.·</em></span> <span class='ocrx_word' id='word_1_185' title='bbox 1079 2939 1163 2994; x_wconf 87' lang='lat' dir='ltr'><strong>Ab</strong></span> <span class='ocrx_word' id='word_1_186' title='bbox 1194 2940 1299 2994; x_wconf 91' lang='lat' dir='ltr'><strong>hoc</strong></span> <span class='ocrx_word' id='word_1_187' title='bbox 1343 2941 1659 3007; x_wconf 81' lang='lat' dir='ltr'><strong>Gregorius</strong></span> <span class='ocrx_word' id='word_1_188' title='bbox 1681 2974 1750 2983; x_wconf 97' lang='lat'><em>—</em></span> <span class='ocrx_word' id='word_1_189' title='bbox 1773 2944 2005 3001; x_wconf 87' lang='lat' dir='ltr'><strong>ordina-</strong></span> 
     </span>
    </p>
   </div>
   <div class='ocr_carea' id='block_1_31' title="bbox 564 3006 2004 3084">
    <p class='ocr_par' dir='ltr' id='par_1_31' title="bbox 564 3006 2004 3084">
     <span class='ocr_line' id='line_1_31' title="bbox 564 3006 2004 3084; baseline 0.006 -21"><span class='ocrx_word' id='word_1_190' title='bbox 564 3011 835 3084; x_wconf 55' lang='lat' dir='ltr'><strong>tus._§i—</strong></span> <span class='ocrx_word' id='word_1_191' title='bbox 861 3016 945 3084; x_wconf 68' lang='lat'><strong>11.</strong></span> <span class='ocrx_word' id='word_1_192' title='bbox 998 3009 1269 3084; x_wconf 74' lang='lat' dir='ltr'><strong>addant:</strong></span> <span class='ocrx_word' id='word_1_193' title='bbox 1315 3013 1397 3067; x_wconf 84' lang='lat' dir='ltr'><strong>Ab</strong></span> <span class='ocrx_word' id='word_1_194' title='bbox 1441 3006 1549 3067; x_wconf 88' lang='lat' dir='ltr'><strong>hoc</strong></span> <span class='ocrx_word' id='word_1_195' title='bbox 1587 3015 1902 3084; x_wconf 81' lang='lat' dir='ltr'><strong>Gregorius</strong></span> <span class='ocrx_word' id='word_1_196' title='bbox 1933 3016 2004 3072; x_wconf 89' lang='lat' dir='ltr'><strong>ad</strong></span> 
     </span>
    </p>
   </div>
   <div class='ocr_carea' id='block_1_32' title="bbox 562 3080 1995 3207">
    <p class='ocr_par' dir='ltr' id='par_1_32' title="bbox 562 3080 1995 3207">
     <span class='ocr_line' id='line_1_32' title="bbox 562 3080 1995 3207; baseline 0.007 -73"><span class='ocrx_word' id='word_1_197' title='bbox 562 3080 983 3207; x_wconf 48' lang='lat' dir='ltr'><strong>greggandum</strong></span> <span class='ocrx_word' id='word_1_198' title='bbox 1039 3081 1239 3151; x_wconf 84' lang='lat' dir='ltr'><strong>Anglis</strong></span> <span class='ocrx_word' id='word_1_199' title='bbox 1281 3084 1497 3139; x_wconf 90' lang='lat' dir='ltr'><strong>.nissus</strong></span> <span class='ocrx_word' id='word_1_200' title='bbox 1523 3088 1633 3141; x_wconf 92' lang='lat' dir='ltr'><strong>est.</strong></span> <span class='ocrx_word' id='word_1_201' title='bbox 1679 3080 1755 3142; x_wconf 61' lang='lat' dir='ltr'><strong>ea:</strong></span> <span class='ocrx_word' id='word_1_202' title='bbox 1782 3086 1995 3158; x_wconf 65' lang='lat' dir='ltr'><strong>Sigei).</strong></span> 
     </span>
    </p>
   </div>
   <div class='ocr_carea' id='block_1_33' title="bbox 420 3231 2005 3307">
    <p class='ocr_par' dir='ltr' id='par_1_33' title="bbox 420 3231 2005 3307">
     <span class='ocr_line' id='line_1_33' title="bbox 420 3231 2005 3307; baseline 0.004 -21"><span class='ocrx_word' id='word_1_203' title='bbox 420 3234 471 3287; x_wconf 91' lang='lat'><strong>3.</strong></span> <span class='ocrx_word' id='word_1_204' title='bbox 505 3231 599 3301; x_wconf 85' lang='lat' dir='ltr'><strong>(cf.</strong></span> <span class='ocrx_word' id='word_1_205' title='bbox 639 3234 705 3291; x_wconf 77' lang='lat' dir='ltr'><strong>Cr&#39;.</strong></span> <span class='ocrx_word' id='word_1_206' title='bbox 740 3232 868 3303; x_wconf 78' lang='lat' dir='ltr'><strong>Fr.)</strong></span> <span class='ocrx_word' id='word_1_207' title='bbox 905 3233 967 3287; x_wconf 84' lang='grc' dir='ltr'><em>Α.</em></span> <span class='ocrx_word' id='word_1_208' title='bbox 1006 3232 1067 3287; x_wconf 91' lang='lat' dir='ltr'><strong>D.</strong></span> <span class='ocrx_word' id='word_1_209' title='bbox 1105 3235 1226 3289; x_wconf 75' lang='lat'><strong>578.</strong></span> <span class='ocrx_word' id='word_1_210' title='bbox 1288 3233 1640 3307; x_wconf 88' lang='lat' dir='ltr'><strong>Sigibertus,</strong></span> <span class='ocrx_word' id='word_1_211' title='bbox 1703 3235 1858 3294; x_wconf 83' lang='lat' dir='ltr'><strong>ﬁlius</strong></span> <span class='ocrx_word' id='word_1_212' title='bbox 1906 3236 2005 3293; x_wconf 86' lang='lat' dir='ltr'><strong>Lo-</strong></span> 
     </span>
    </p>
   </div>
   <div class='ocr_carea' id='block_1_34' title="bbox 352 3319 1676 3393">
    <p class='ocr_par' dir='ltr' id='par_1_34' title="bbox 352 3319 1676 3393">
     <span class='ocr_line' id='line_1_34' title="bbox 352 3319 1676 3393; baseline 0.002 -17"><span class='ocrx_word' id='word_1_213' title='bbox 352 3319 548 3391; x_wconf 90' lang='lat' dir='ltr'><strong>tharii,</strong></span> <span class='ocrx_word' id='word_1_214' title='bbox 586 3320 935 3377; x_wconf 84' lang='lat' dir='ltr'><strong>interfectus</strong></span> <span class='ocrx_word' id='word_1_215' title='bbox 966 3325 1052 3376; x_wconf 90' lang='lat' dir='ltr'><strong>est</strong></span> <span class='ocrx_word' id='word_1_216' title='bbox 1087 3334 1239 3378; x_wconf 90' lang='lat' dir='ltr'><strong>anno</strong></span> <span class='ocrx_word' id='word_1_217' title='bbox 1273 3323 1433 3393; x_wconf 82' lang='lat' dir='ltr'><strong>regni</strong></span> <span class='ocrx_word' id='word_1_218' title='bbox 1467 3324 1558 3380; x_wconf 92' lang='lat' dir='ltr'><strong>sui</strong></span> <span class='ocrx_word' id='word_1_219' title='bbox 1591 3326 1676 3380; x_wconf 79' lang='grc'><strong>14.</strong></span> 
     </span>
    </p>
   </div>
   <div class='ocr_carea' id='block_1_35' title="bbox 417 3410 2000 3486">
    <p class='ocr_par' dir='ltr' id='par_1_35' title="bbox 417 3410 2000 3486">
     <span class='ocr_line' id='line_1_35' title="bbox 417 3410 2000 3486; baseline 0.004 -21"><span class='ocrx_word' id='word_1_220' title='bbox 417 3414 469 3466; x_wconf 88' lang='grc'><strong>6.</strong></span> <span class='ocrx_word' id='word_1_221' title='bbox 507 3413 569 3467; x_wconf 82' lang='grc' dir='ltr'><em>Α.</em></span> <span class='ocrx_word' id='word_1_222' title='bbox 606 3411 669 3467; x_wconf 94' lang='lat' dir='ltr'><strong>D.</strong></span> <span class='ocrx_word' id='word_1_223' title='bbox 705 3414 834 3467; x_wconf 75' lang='lat'><strong>581.</strong></span> <span class='ocrx_word' id='word_1_224' title='bbox 876 3410 1147 3481; x_wconf 84' lang='lat' dir='ltr'><strong>Pelagius</strong></span> <span class='ocrx_word' id='word_1_225' title='bbox 1181 3426 1329 3483; x_wconf 90' lang='lat' dir='ltr'><strong>papa</strong></span> <span class='ocrx_word' id='word_1_226' title='bbox 1359 3416 1487 3467; x_wconf 71' lang='grc' dir='ltr'><strong>ϋῦιιε</strong></span> <span class='ocrx_word' id='word_1_227' title='bbox 1515 3413 1672 3470; x_wconf 92' lang='lat' dir='ltr'><strong>sedit</strong></span> <span class='ocrx_word' id='word_1_228' title='bbox 1699 3428 1882 3471; x_wconf 89' lang='lat' dir='ltr'><strong>annos</strong></span> <span class='ocrx_word' id='word_1_229' title='bbox 1915 3420 2000 3486; x_wconf 85' lang='lat'><strong>10,</strong></span> 
     </span>
    </p>
   </div>
   <div class='ocr_carea' id='block_1_36' title="bbox 350 3503 2005 3652">
    <p class='ocr_par' dir='ltr' id='par_1_36' title="bbox 350 3503 2005 3652">
     <span class='ocr_line' id='line_1_36' title="bbox 350 3503 2005 3652; baseline 0.002 -16"><span class='ocrx_word' id='word_1_230' title='bbox 350 3503 671 3650; x_wconf 28' lang='lat' dir='ltr'><strong>misisti/3.</strong></span> <span class='ocrx_word' id='word_1_231' title='bbox 709 3580 817 3651; x_wconf 84' lang='lat' dir='ltr'><strong>W.)</strong></span> <span class='ocrx_word' id='word_1_232' title='bbox 861 3582 924 3635; x_wconf 84' lang='lat' dir='ltr'><strong>A.</strong></span> <span class='ocrx_word' id='word_1_233' title='bbox 960 3580 1023 3635; x_wconf 93' lang='lat' dir='ltr'><strong>D.</strong></span> <span class='ocrx_word' id='word_1_234' title='bbox 1057 3584 1184 3636; x_wconf 75' lang='lat'><strong>582.</strong></span> <span class='ocrx_word' id='word_1_235' title='bbox 1246 3582 1528 3652; x_wconf 84' lang='lat' dir='ltr'><strong>Tyberius</strong></span> <span class='ocrx_word' id='word_1_236' title='bbox 1583 3584 2005 3640; x_wconf 88' lang='lat' dir='ltr'><strong>Constantinus</strong></span> 
     </span>
    </p>
   </div>
   <div class='ocr_carea' id='block_1_37' title="bbox 349 3669 518 3726">
    <p class='ocr_par' dir='ltr' id='par_1_37' title="bbox 349 3669 518 3726">
     <span class='ocr_line' id='line_1_37' title="bbox 349 3669 518 3726; baseline -0.012 0"><span class='ocrx_word' id='word_1_237' title='bbox 349 3669 518 3726; x_wconf 90' lang='lat' dir='ltr'><strong>obiit.</strong></span> 
     </span>
    </p>
   </div>
   <div class='ocr_carea' id='block_1_38' title="bbox 423 3756 2005 3832">
    <p class='ocr_par' dir='ltr' id='par_1_38' title="bbox 423 3756 2005 3832">
     <span class='ocr_line' id='line_1_38' title="bbox 423 3756 2005 3832; baseline 0.003 -18"><span class='ocrx_word' id='word_1_238' title='bbox 423 3758 523 3829; x_wconf 82' lang='lat' dir='ltr'><strong>(H.</strong></span> <span class='ocrx_word' id='word_1_239' title='bbox 556 3758 662 3828; x_wconf 86' lang='lat' dir='ltr'><strong>m.)</strong></span> <span class='ocrx_word' id='word_1_240' title='bbox 714 3759 876 3813; x_wconf 85' lang='lat' dir='ltr'><strong>Anno</strong></span> <span class='ocrx_word' id='word_1_241' title='bbox 908 3756 1211 3814; x_wconf 69' lang='lat' dir='ltr'><strong>dominicae</strong></span> <span class='ocrx_word' id='word_1_242' title='bbox 1269 3758 1691 3816; x_wconf 87' lang='lat' dir='ltr'><strong>incarnationis</strong></span> <span class='ocrx_word' id='word_1_243' title='bbox 1746 3764 1897 3832; x_wconf 79' lang='lat'><strong>583°,</strong></span> <span class='ocrx_word' id='word_1_244' title='bbox 1932 3761 2005 3818; x_wconf 88' lang='lat' dir='ltr'><strong>ab</strong></span> 
     </span>
    </p>
   </div>
   <div class='ocr_carea' id='block_1_39' title="bbox 353 3844 2007 3920">
    <p class='ocr_par' dir='ltr' id='par_1_39' title="bbox 353 3844 2007 3920">
     <span class='ocr_line' id='line_1_39' title="bbox 353 3844 2007 3920; baseline 0.001 -16"><span class='ocrx_word' id='word_1_245' title='bbox 353 3848 506 3905; x_wconf 87' lang='lat' dir='ltr'><strong>Urbe</strong></span> <span class='ocrx_word' id='word_1_246' title='bbox 536 3845 771 3902; x_wconf 89' lang='lat' dir='ltr'><strong>condita</strong></span> <span class='ocrx_word' id='word_1_247' title='bbox 829 3844 1136 3901; x_wconf 89' lang='lat' dir='ltr'><strong>millesimo</strong></span> <span class='ocrx_word' id='word_1_248' title='bbox 1186 3850 1335 3917; x_wconf 79' lang='grc'><strong>3340,</strong></span> <span class='ocrx_word' id='word_1_249' title='bbox 1396 3849 1728 3920; x_wconf 83' lang='lat' dir='ltr'><strong>Mauricius,</strong></span> <span class='ocrx_word' id='word_1_250' title='bbox 1790 3865 2007 3920; x_wconf 88' lang='lat' dir='ltr'><strong>genere</strong></span> 
     </span>
    </p>
   </div>
   <div class='ocr_carea' id='block_1_40' title="bbox 352 3934 2006 4010">
    <p class='ocr_par' dir='ltr' id='par_1_40' title="bbox 352 3934 2006 4010">
     <span class='ocr_line' id='line_1_40' title="bbox 352 3934 2006 4010; baseline 0.002 -17"><span class='ocrx_word' id='word_1_251' title='bbox 352 3936 711 4008; x_wconf 89' lang='lat' dir='ltr'><strong>Capadocus,</strong></span> <span class='ocrx_word' id='word_1_252' title='bbox 749 3940 845 3991; x_wconf 74' lang='lat'><strong>56°</strong></span> <span class='ocrx_word' id='word_1_253' title='bbox 872 3934 1001 3992; x_wconf 92' lang='lat' dir='ltr'><strong>loco</strong></span> <span class='ocrx_word' id='word_1_254' title='bbox 1034 3934 1105 3990; x_wconf 89' lang='lat' dir='ltr'><strong>ab</strong></span> <span class='ocrx_word' id='word_1_255' title='bbox 1132 3938 1414 4007; x_wconf 85' lang='lat' dir='ltr'><strong>Augusto,</strong></span> <span class='ocrx_word' id='word_1_256' title='bbox 1443 3938 1665 4009; x_wconf 90' lang='lat' dir='ltr'><strong>primus</strong></span> <span class='ocrx_word' id='word_1_257' title='bbox 1688 3954 1762 3995; x_wconf 86' lang='lat' dir='ltr'><strong>ex</strong></span> <span class='ocrx_word' id='word_1_258' title='bbox 1789 3954 2006 4010; x_wconf 87' lang='lat' dir='ltr'><strong>genere</strong></span> 
     </span>
    </p>
   </div>
   <div class='ocr_carea' id='block_1_41' title="bbox 352 4023 2008 4100">
    <p class='ocr_par' dir='ltr' id='par_1_41' title="bbox 352 4023 2008 4100">
     <span class='ocr_line' id='line_1_41' title="bbox 352 4023 2008 4100; baseline 0.002 -18"><span class='ocrx_word' id='word_1_259' title='bbox 352 4026 688 4094; x_wconf 87' lang='lat' dir='ltr'><strong>Grecorum,</strong></span> <span class='ocrx_word' id='word_1_260' title='bbox 734 4025 985 4096; x_wconf 88' lang='lat' dir='ltr'><strong>adeptus</strong></span> <span class='ocrx_word' id='word_1_261' title='bbox 1007 4027 1098 4081; x_wconf 90' lang='lat' dir='ltr'><strong>est</strong></span> <span class='ocrx_word' id='word_1_262' title='bbox 1139 4023 1469 4097; x_wconf 91' lang='lat' dir='ltr'><strong>imperium,</strong></span> <span class='ocrx_word' id='word_1_263' title='bbox 1495 4028 1878 4100; x_wconf 89' lang='lat' dir='ltr'><strong>regnavitque</strong></span> <span class='ocrx_word' id='word_1_264' title='bbox 1910 4042 2008 4085; x_wconf 91' lang='lat' dir='ltr'><strong>an-</strong></span> 
     </span>
    </p>
   </div>
   <div class='ocr_carea' id='block_1_42' title="bbox 351 4112 2006 4190">
    <p class='ocr_par' dir='ltr' id='par_1_42' title="bbox 351 4112 2006 4190">
     <span class='ocr_line' id='line_1_42' title="bbox 351 4112 2006 4190; baseline 0 -19"><span class='ocrx_word' id='word_1_265' title='bbox 351 4114 441 4171; x_wconf 92' lang='lat' dir='ltr'><strong>nis</strong></span> <span class='ocrx_word' id='word_1_266' title='bbox 467 4120 555 4172; x_wconf 78' lang='grc'><strong>21.</strong></span> <span class='ocrx_word' id='word_1_267' title='bbox 586 4115 687 4169; x_wconf 83' lang='lat' dir='ltr'><strong>Hic</strong></span> <span class='ocrx_word' id='word_1_268' title='bbox 738 4112 997 4170; x_wconf 88' lang='lat' dir='ltr'><strong>secundo</strong></span> <span class='ocrx_word' id='word_1_269' title='bbox 1021 4112 1247 4185; x_wconf 91' lang='lat' dir='ltr'><strong>imperii</strong></span> <span class='ocrx_word' id='word_1_270' title='bbox 1274 4114 1362 4171; x_wconf 90' lang='lat' dir='ltr'><strong>sui</strong></span> <span class='ocrx_word' id='word_1_271' title='bbox 1387 4129 1537 4171; x_wconf 91' lang='lat' dir='ltr'><strong>anno</strong></span> <span class='ocrx_word' id='word_1_272' title='bbox 1569 4117 1777 4173; x_wconf 80' lang='lat' dir='ltr'><strong>consul</strong></span> <span class='ocrx_word' id='word_1_273' title='bbox 1811 4117 2006 4190; x_wconf 89' lang='lat' dir='ltr'><strong>appel-</strong></span> 
     </span>
    </p>
   </div>
   <div class='ocr_carea' id='block_1_43' title="bbox 353 4201 2006 4273">
    <p class='ocr_par' dir='ltr' id='par_1_43' title="bbox 353 4201 2006 4273">
     <span class='ocr_line' id='line_1_43' title="bbox 353 4201 2006 4273; baseline 0.001 -14"><span class='ocrx_word' id='word_1_274' title='bbox 353 4202 508 4261; x_wconf 92' lang='lat' dir='ltr'><strong>latus</strong></span> <span class='ocrx_word' id='word_1_275' title='bbox 528 4207 637 4273; x_wconf 88' lang='lat' dir='ltr'><strong>est,</strong></span> <span class='ocrx_word' id='word_1_276' title='bbox 664 4207 722 4259; x_wconf 91' lang='lat' dir='ltr'><strong>et</strong></span> <span class='ocrx_word' id='word_1_277' title='bbox 740 4201 957 4259; x_wconf 92' lang='lat' dir='ltr'><strong>multos</strong></span> <span class='ocrx_word' id='word_1_278' title='bbox 980 4203 1290 4260; x_wconf 88' lang='lat' dir='ltr'><strong>thesauros</strong></span> <span class='ocrx_word' id='word_1_279' title='bbox 1303 4204 1441 4260; x_wconf 91' lang='lat' dir='ltr'><strong>Urbi</strong></span> <span class='ocrx_word' id='word_1_280' title='bbox 1459 4204 1714 4261; x_wconf 89' lang='lat' dir='ltr'><strong>donavit.</strong></span> <span class='ocrx_word' id='word_1_281' title='bbox 1735 4206 2006 4263; x_wconf 84' lang='lat' dir='ltr'><strong>Provexit</strong></span> 
     </span>
    </p>
   </div>
   <div class='ocr_carea' id='block_1_44' title="bbox 351 4291 2001 4366">
    <p class='ocr_par' dir='ltr' id='par_1_44' title="bbox 351 4291 2001 4366">
     <span class='ocr_line' id='line_1_44' title="bbox 351 4291 2001 4366; baseline 0.001 -18"><span class='ocrx_word' id='word_1_282' title='bbox 351 4298 543 4349; x_wconf 87' lang='lat' dir='ltr'><strong>autem</strong></span> <span class='ocrx_word' id='word_1_283' title='bbox 577 4291 975 4364; x_wconf 83' lang='lat' dir='ltr'><strong>Phylippicum</strong></span> <span class='ocrx_word' id='word_1_284' title='bbox 1039 4292 1325 4362; x_wconf 89' lang='lat' dir='ltr'><strong>quendam</strong></span> <span class='ocrx_word' id='word_1_285' title='bbox 1388 4297 1678 4366; x_wconf 90' lang='lat' dir='ltr'><strong>pretorcm</strong></span> <span class='ocrx_word' id='word_1_286' title='bbox 1723 4295 2001 4366; x_wconf 90' lang='lat' dir='ltr'><strong>Orientis,</strong></span> 
     </span>
    </p>
   </div>
   <div class='ocr_carea' id='block_1_45' title="bbox 351 4380 2003 4455">
    <p class='ocr_par' dir='ltr' id='par_1_45' title="bbox 351 4380 2003 4455">
     <span class='ocr_line' id='line_1_45' title="bbox 351 4380 2003 4455; baseline 0.001 -17"><span class='ocrx_word' id='word_1_287' title='bbox 351 4382 443 4438; x_wconf 91' lang='lat' dir='ltr'><strong>cui</strong></span> <span class='ocrx_word' id='word_1_288' title='bbox 475 4387 531 4438; x_wconf 90' lang='lat' dir='ltr'><strong>et</strong></span> <span class='ocrx_word' id='word_1_289' title='bbox 567 4381 740 4436; x_wconf 85' lang='lat' dir='ltr'><strong>filiam</strong></span> <span class='ocrx_word' id='word_1_290' title='bbox 795 4395 955 4437; x_wconf 88' lang='lat' dir='ltr'><strong>suam</strong></span> <span class='ocrx_word' id='word_1_291' title='bbox 990 4380 1261 4438; x_wconf 88' lang='lat' dir='ltr'><strong>Gordiam</strong></span> <span class='ocrx_word' id='word_1_292' title='bbox 1309 4397 1551 4439; x_wconf 88' lang='lat' dir='ltr'><strong>uxorem</strong></span> <span class='ocrx_word' id='word_1_293' title='bbox 1613 4384 1796 4454; x_wconf 87' lang='lat' dir='ltr'><strong>dedit,</strong></span> <span class='ocrx_word' id='word_1_294' title='bbox 1834 4399 2003 4455; x_wconf 89' lang='lat' dir='ltr'><strong>quem</strong></span> 
     </span>
    </p>
   </div>
   <div class='ocr_carea' id='block_1_46' title="bbox 351 4469 2003 4545">
    <p class='ocr_par' dir='ltr' id='par_1_46' title="bbox 351 4469 2003 4545">
     <span class='ocr_line' id='line_1_46' title="bbox 351 4469 2003 4545; baseline 0.002 -20"><span class='ocrx_word' id='word_1_295' title='bbox 351 4475 543 4527; x_wconf 89' lang='lat' dir='ltr'><strong>tamen</strong></span> <span class='ocrx_word' id='word_1_296' title='bbox 571 4478 772 4542; x_wconf 90' lang='lat' dir='ltr'><strong>postea</strong></span> <span class='ocrx_word' id='word_1_297' title='bbox 789 4469 952 4541; x_wconf 91' lang='lat' dir='ltr'><strong>quasi</strong></span> <span class='ocrx_word' id='word_1_298' title='bbox 970 4470 1132 4541; x_wconf 91' lang='lat' dir='ltr'><strong>regni</strong></span> <span class='ocrx_word' id='word_1_299' title='bbox 1155 4476 1566 4543; x_wconf 86' lang='lat' dir='ltr'><strong>usurpatorem</strong></span> <span class='ocrx_word' id='word_1_300' title='bbox 1583 4473 2003 4545; x_wconf 80' lang='lat' dir='ltr'><strong>suSSpiciosum</strong></span> 
     </span>
    </p>
   </div>
   <div class='ocr_carea' id='block_1_47' title="bbox 350 4560 2007 4633">
    <p class='ocr_par' dir='ltr' id='par_1_47' title="bbox 350 4560 2007 4633">
     <span class='ocr_line' id='line_1_47' title="bbox 350 4560 2007 4633; baseline 0.001 -17"><span class='ocrx_word' id='word_1_301' title='bbox 350 4560 571 4617; x_wconf 86' lang='lat' dir='ltr'><strong>habuit.</strong></span> <span class='ocrx_word' id='word_1_302' title='bbox 601 4560 773 4629; x_wconf 86' lang='lat' dir='ltr'><strong>(Vita</strong></span> <span class='ocrx_word' id='word_1_303' title='bbox 824 4560 1022 4632; x_wconf 57' lang='grc' dir='ltr'><strong>(ἔνθα.)</strong></span> <span class='ocrx_word' id='word_1_304' title='bbox 1056 4561 1238 4630; x_wconf 83' lang='lat' dir='ltr'><strong>Hujus</strong></span> <span class='ocrx_word' id='word_1_305' title='bbox 1285 4561 1652 4632; x_wconf 85' lang='lat' dir='ltr'><strong>temporibus</strong></span> <span class='ocrx_word' id='word_1_306' title='bbox 1684 4561 1812 4633; x_wconf 89' lang='lat' dir='ltr'><strong>ipso</strong></span> <span class='ocrx_word' id='word_1_307' title='bbox 1846 4562 2007 4618; x_wconf 89' lang='lat' dir='ltr'><strong>anni-</strong></span> 
     </span>
    </p>
   </div>
   <div class='ocr_carea' id='block_1_48' title="bbox 2112 639 3767 716">
    <p class='ocr_par' dir='ltr' id='par_1_48' title="bbox 2112 639 3767 716">
     <span class='ocr_line' id='line_1_48' title="bbox 2112 639 3767 716; baseline -0.002 -16"><span class='ocrx_word' id='word_1_308' title='bbox 2112 644 2430 701; x_wconf 90' lang='lat' dir='ltr'><strong>nunciavit.</strong></span> <span class='ocrx_word' id='word_1_309' title='bbox 2468 645 2650 716; x_wconf 65' lang='lat' dir='ltr'><strong>(Joau.</strong></span> <span class='ocrx_word' id='word_1_310' title='bbox 2700 642 2835 699; x_wconf 78' lang='lat' dir='ltr'><strong>Vita</strong></span> <span class='ocrx_word' id='word_1_311' title='bbox 2865 643 3064 713; x_wconf 49' lang='grc' dir='ltr'><strong>εἴτ-εμπ</strong></span> <span class='ocrx_word' id='word_1_312' title='bbox 3099 657 3175 711; x_wconf 79' lang='lat' dir='ltr'><strong>1x,</strong></span> <span class='ocrx_word' id='word_1_313' title='bbox 3200 646 3251 711; x_wconf 88' lang='lat'><strong>3,</strong></span> <span class='ocrx_word' id='word_1_314' title='bbox 3283 647 3340 697; x_wconf 90' lang='lat' dir='ltr'><strong>et</strong></span> <span class='ocrx_word' id='word_1_315' title='bbox 3370 642 3556 713; x_wconf 60' lang='grc' dir='ltr'><em>ΗΜ.)</em></span> <span class='ocrx_word' id='word_1_316' title='bbox 3590 639 3767 706; x_wconf 85' lang='lat' dir='ltr'><strong>Quod</strong></span> 
     </span>
    </p>
   </div>
   <div class='ocr_carea' id='block_1_49' title="bbox 2112 729 3766 804">
    <p class='ocr_par' dir='ltr' id='par_1_49' title="bbox 2112 729 3766 804">
     <span class='ocr_line' id='line_1_49' title="bbox 2112 729 3766 804; baseline -0.003 -14"><span class='ocrx_word' id='word_1_317' title='bbox 2112 733 2424 790; x_wconf 86' lang='lat' dir='ltr'><strong>Mauricius</strong></span> <span class='ocrx_word' id='word_1_318' title='bbox 2440 738 2501 790; x_wconf 94' lang='lat' dir='ltr'><strong>ut</strong></span> <span class='ocrx_word' id='word_1_319' title='bbox 2518 732 2762 804; x_wconf 89' lang='lat' dir='ltr'><strong>audivit,</strong></span> <span class='ocrx_word' id='word_1_320' title='bbox 2786 747 2817 787; x_wconf 91' lang='lat' dir='ltr'><strong>a</strong></span> <span class='ocrx_word' id='word_1_321' title='bbox 2835 732 3144 802; x_wconf 83' lang='lat' dir='ltr'><strong>tyrannide</strong></span> <span class='ocrx_word' id='word_1_322' title='bbox 3163 729 3766 798; x_wconf 81' lang='lat' dir='ltr'><strong>Gregorioinferenda</strong></span> 
     </span>
    </p>
   </div>
   <div class='ocr_carea' id='block_1_50' title="bbox 2112 818 3763 892">
    <p class='ocr_par' dir='ltr' id='par_1_50' title="bbox 2112 818 3763 892">
     <span class='ocr_line' id='line_1_50' title="bbox 2112 818 3763 892; baseline -0.004 -14"><span class='ocrx_word' id='word_1_323' title='bbox 2112 828 2297 878; x_wconf 88' lang='lat' dir='ltr'><strong>semet</strong></span> <span class='ocrx_word' id='word_1_324' title='bbox 2338 821 2652 892; x_wconf 91' lang='lat' dir='ltr'><strong>continuit,</strong></span> <span class='ocrx_word' id='word_1_325' title='bbox 2683 824 2739 877; x_wconf 92' lang='lat' dir='ltr'><strong>et</strong></span> <span class='ocrx_word' id='word_1_326' title='bbox 2775 834 3049 878; x_wconf 87' lang='lat' dir='ltr'><strong>reversus</strong></span> <span class='ocrx_word' id='word_1_327' title='bbox 3083 820 3135 874; x_wconf 92' lang='lat' dir='ltr'>in</span> <span class='ocrx_word' id='word_1_328' title='bbox 3171 833 3233 875; x_wconf 91' lang='lat' dir='ltr'><strong>se</strong></span> <span class='ocrx_word' id='word_1_329' title='bbox 3263 818 3562 889; x_wconf 83' lang='lat' dir='ltr'><strong>cogitavit,</strong></span> <span class='ocrx_word' id='word_1_330' title='bbox 3598 819 3763 890; x_wconf 87' lang='lat' dir='ltr'><strong>quod</strong></span> 
     </span>
    </p>
   </div>
   <div class='ocr_carea' id='block_1_51' title="bbox 2111 907 3765 981">
    <p class='ocr_par' dir='ltr' id='par_1_51' title="bbox 2111 907 3765 981">
     <span class='ocr_line' id='line_1_51' title="bbox 2111 907 3765 981; baseline -0.002 -15"><span class='ocrx_word' id='word_1_331' title='bbox 2111 912 2288 966; x_wconf 86' lang='lat' dir='ltr'><strong>Deum</strong></span> <span class='ocrx_word' id='word_1_332' title='bbox 2334 910 2515 966; x_wconf 91' lang='lat' dir='ltr'><strong>lateat</strong></span> <span class='ocrx_word' id='word_1_333' title='bbox 2540 908 2737 981; x_wconf 88' lang='lat' dir='ltr'><strong>nichil,</strong></span> <span class='ocrx_word' id='word_1_334' title='bbox 2772 910 2876 965; x_wconf 90' lang='lat' dir='ltr'><strong>sed</strong></span> <span class='ocrx_word' id='word_1_335' title='bbox 2910 908 3116 965; x_wconf 89' lang='lat' dir='ltr'><strong>reddat</strong></span> <span class='ocrx_word' id='word_1_336' title='bbox 3142 907 3409 965; x_wconf 84' lang='lat' dir='ltr'><strong>omnibus</strong></span> <span class='ocrx_word' id='word_1_337' title='bbox 3440 907 3765 963; x_wconf 89' lang='lat' dir='ltr'><strong>secundum</strong></span> 
     </span>
    </p>
   </div>
   <div class='ocr_carea' id='block_1_52' title="bbox 2112 998 3768 1072">
    <p class='ocr_par' dir='ltr' id='par_1_52' title="bbox 2112 998 3768 1072">
     <span class='ocr_line' id='line_1_52' title="bbox 2112 998 3768 1072; baseline -0.002 -17"><span class='ocrx_word' id='word_1_338' title='bbox 2112 1014 2288 1072; x_wconf 89' lang='lat' dir='ltr'><strong>epcra</strong></span> <span class='ocrx_word' id='word_1_339' title='bbox 2313 1015 2533 1070; x_wconf 91' lang='lat' dir='ltr'><strong>eorum,</strong></span> <span class='ocrx_word' id='word_1_340' title='bbox 2567 1014 2999 1070; x_wconf 84' lang='lat' dir='ltr'><strong>recognoscens</strong></span> <span class='ocrx_word' id='word_1_341' title='bbox 3030 998 3205 1054; x_wconf 91' lang='lat' dir='ltr'><strong>etiam</strong></span> <span class='ocrx_word' id='word_1_342' title='bbox 3234 1011 3558 1067; x_wconf 85' lang='lat' dir='ltr'><strong>excessum,</strong></span> <span class='ocrx_word' id='word_1_343' title='bbox 3586 1012 3768 1067; x_wconf 88' lang='lat' dir='ltr'><strong>quem</strong></span> 
     </span>
    </p>
   </div>
   <div class='ocr_carea' id='block_1_53' title="bbox 2114 1084 3766 1161">
    <p class='ocr_par' dir='ltr' id='par_1_53' title="bbox 2114 1084 3766 1161">
     <span class='ocr_line' id='line_1_53' title="bbox 2114 1084 3766 1161; baseline -0.001 -19"><span class='ocrx_word' id='word_1_344' title='bbox 2114 1088 2168 1143; x_wconf 91' lang='lat' dir='ltr'><strong>in</strong></span> <span class='ocrx_word' id='word_1_345' title='bbox 2203 1088 2600 1161; x_wconf 89' lang='lat' dir='ltr'><strong>captivatione</strong></span> <span class='ocrx_word' id='word_1_346' title='bbox 2644 1086 2962 1146; x_wconf 88' lang='lat' dir='ltr'><strong>multorum</strong></span> <span class='ocrx_word' id='word_1_347' title='bbox 3025 1087 3243 1143; x_wconf 88' lang='lat' dir='ltr'><strong>fecerat</strong></span> <span class='ocrx_word' id='word_1_348' title='bbox 3275 1119 3340 1126; x_wconf 93' lang='lat'>—</span> <span class='ocrx_word' id='word_1_349' title='bbox 3371 1084 3550 1142; x_wconf 90' lang='lat' dir='ltr'><strong>multa</strong></span> <span class='ocrx_word' id='word_1_350' title='bbox 3607 1086 3766 1141; x_wconf 91' lang='lat' dir='ltr'><strong>enim</strong></span> 
     </span>
    </p>
   </div>
   <div class='ocr_carea' id='block_1_54' title="bbox 2115 1174 3771 1248">
    <p class='ocr_par' dir='ltr' id='par_1_54' title="bbox 2115 1174 3771 1248">
     <span class='ocr_line' id='line_1_54' title="bbox 2115 1174 3771 1248; baseline -0.002 -16"><span class='ocrx_word' id='word_1_351' title='bbox 2115 1176 2268 1233; x_wconf 90' lang='lat' dir='ltr'><strong>bella</strong></span> <span class='ocrx_word' id='word_1_352' title='bbox 2289 1178 2343 1233; x_wconf 92' lang='lat' dir='ltr'><strong>in</strong></span> <span class='ocrx_word' id='word_1_353' title='bbox 2370 1177 2624 1234; x_wconf 87' lang='lat' dir='ltr'><strong>diversis</strong></span> <span class='ocrx_word' id='word_1_354' title='bbox 2648 1176 2844 1234; x_wconf 89' lang='lat' dir='ltr'><strong>mundi</strong></span> <span class='ocrx_word' id='word_1_355' title='bbox 2871 1176 3139 1248; x_wconf 90' lang='lat' dir='ltr'><strong>partibus</strong></span> <span class='ocrx_word' id='word_1_356' title='bbox 3158 1189 3264 1247; x_wconf 89' lang='lat' dir='ltr'><strong>per</strong></span> <span class='ocrx_word' id='word_1_357' title='bbox 3285 1174 3551 1232; x_wconf 88' lang='lat' dir='ltr'><strong>diversos</strong></span> <span class='ocrx_word' id='word_1_358' title='bbox 3577 1174 3771 1231; x_wconf 85' lang='lat' dir='ltr'><strong>duces</strong></span> 
     </span>
    </p>
   </div>
   <div class='ocr_carea' id='block_1_55' title="bbox 2114 1264 3773 1338">
    <p class='ocr_par' dir='ltr' id='par_1_55' title="bbox 2114 1264 3773 1338">
     <span class='ocr_line' id='line_1_55' title="bbox 2114 1264 3773 1338; baseline -0.003 -14"><span class='ocrx_word' id='word_1_359' title='bbox 2114 1283 2255 1324; x_wconf 91' lang='lat' dir='ltr'><strong>suos</strong></span> <span class='ocrx_word' id='word_1_360' title='bbox 2284 1271 2634 1325; x_wconf 88' lang='lat' dir='ltr'><strong>exercuerat</strong></span> <span class='ocrx_word' id='word_1_361' title='bbox 2664 1299 2733 1308; x_wconf 94' lang='lat'><strong>-—</strong></span> <span class='ocrx_word' id='word_1_362' title='bbox 2761 1266 3043 1338; x_wconf 88' lang='lat' dir='ltr'><strong>expedire</strong></span> <span class='ocrx_word' id='word_1_363' title='bbox 3092 1266 3206 1323; x_wconf 90' lang='lat' dir='ltr'><strong>sibi</strong></span> <span class='ocrx_word' id='word_1_364' title='bbox 3231 1264 3536 1335; x_wconf 86' lang='lat' dir='ltr'><strong>judicavit,</strong></span> <span class='ocrx_word' id='word_1_365' title='bbox 3566 1264 3622 1320; x_wconf 92' lang='lat' dir='ltr'><strong>in</strong></span> <span class='ocrx_word' id='word_1_366' title='bbox 3651 1264 3773 1320; x_wconf 89' lang='lat' dir='ltr'><strong>hac</strong></span> 
     </span>
    </p>
   </div>
   <div class='ocr_carea' id='block_1_56' title="bbox 2114 1354 3775 1429">
    <p class='ocr_par' dir='ltr' id='par_1_56' title="bbox 2114 1354 3775 1429">
     <span class='ocr_line' id='line_1_56' title="bbox 2114 1354 3775 1429; baseline -0.001 -17"><span class='ocrx_word' id='word_1_367' title='bbox 2114 1357 2232 1413; x_wconf 91' lang='lat' dir='ltr'><strong>vita</strong></span> <span class='ocrx_word' id='word_1_368' title='bbox 2261 1356 2522 1428; x_wconf 89' lang='lat' dir='ltr'><strong>recipere</strong></span> <span class='ocrx_word' id='word_1_369' title='bbox 2542 1372 2648 1429; x_wconf 91' lang='lat' dir='ltr'><strong>pro</strong></span> <span class='ocrx_word' id='word_1_370' title='bbox 2670 1360 2934 1429; x_wconf 88' lang='lat' dir='ltr'><strong>peccato,</strong></span> <span class='ocrx_word' id='word_1_371' title='bbox 2957 1360 3015 1410; x_wconf 92' lang='lat' dir='ltr'><strong>et</strong></span> <span class='ocrx_word' id='word_1_372' title='bbox 3050 1370 3163 1412; x_wconf 89' lang='lat' dir='ltr'><strong>non</strong></span> <span class='ocrx_word' id='word_1_373' title='bbox 3196 1354 3253 1410; x_wconf 89' lang='lat' dir='ltr'><strong>iu</strong></span> <span class='ocrx_word' id='word_1_374' title='bbox 3286 1355 3499 1424; x_wconf 90' lang='lat' dir='ltr'><strong>futura,</strong></span> <span class='ocrx_word' id='word_1_375' title='bbox 3534 1369 3775 1426; x_wconf 79' lang='lat' dir='ltr'><strong>compo-</strong></span> 
     </span>
    </p>
   </div>
   <div class='ocr_carea' id='block_1_57' title="bbox 2116 1443 3777 1519">
    <p class='ocr_par' dir='ltr' id='par_1_57' title="bbox 2116 1443 3777 1519">
     <span class='ocr_line' id='line_1_57' title="bbox 2116 1443 3777 1519; baseline -0.001 -17"><span class='ocrx_word' id='word_1_376' title='bbox 2116 1446 2377 1516; x_wconf 88' lang='lat' dir='ltr'><strong>sitasque</strong></span> <span class='ocrx_word' id='word_1_377' title='bbox 2403 1447 2628 1517; x_wconf 90' lang='lat' dir='ltr'><strong>scripto</strong></span> <span class='ocrx_word' id='word_1_378' title='bbox 2646 1460 2853 1519; x_wconf 91' lang='lat' dir='ltr'><strong>preces</strong></span> <span class='ocrx_word' id='word_1_379' title='bbox 2877 1443 3066 1501; x_wconf 88' lang='lat' dir='ltr'><strong>cidem</strong></span> <span class='ocrx_word' id='word_1_380' title='bbox 3093 1443 3372 1513; x_wconf 88' lang='lat' dir='ltr'><strong>Gregorio</strong></span> <span class='ocrx_word' id='word_1_381' title='bbox 3395 1447 3451 1499; x_wconf 92' lang='lat' dir='ltr'><strong>et</strong></span> <span class='ocrx_word' id='word_1_382' title='bbox 3473 1444 3540 1500; x_wconf 89' lang='lat' dir='ltr'><strong>ad</strong></span> <span class='ocrx_word' id='word_1_383' title='bbox 3563 1457 3777 1500; x_wconf 87' lang='lat' dir='ltr'><strong>omnes</strong></span> 
     </span>
    </p>
   </div>
   <div class='ocr_carea' id='block_1_58' title="bbox 2115 1531 3778 1603">
    <p class='ocr_par' dir='ltr' id='par_1_58' title="bbox 2115 1531 3778 1603">
     <span class='ocr_line' id='line_1_58' title="bbox 2115 1531 3778 1603; baseline -0.001 -15"><span class='ocrx_word' id='word_1_384' title='bbox 2115 1532 2543 1603; x_wconf 89' lang='lat' dir='ltr'><strong>patriarchales</strong></span> <span class='ocrx_word' id='word_1_385' title='bbox 2576 1533 2748 1589; x_wconf 89' lang='lat' dir='ltr'><strong>sedes</strong></span> <span class='ocrx_word' id='word_1_386' title='bbox 2778 1537 2835 1589; x_wconf 92' lang='lat' dir='ltr'><strong>et</strong></span> <span class='ocrx_word' id='word_1_387' title='bbox 2857 1532 2928 1588; x_wconf 91' lang='lat' dir='ltr'><strong>ad</strong></span> <span class='ocrx_word' id='word_1_388' title='bbox 2960 1546 3160 1589; x_wconf 90' lang='lat' dir='ltr'><strong>omnes</strong></span> <span class='ocrx_word' id='word_1_389' title='bbox 3188 1531 3461 1588; x_wconf 90' lang='lat' dir='ltr'><strong>civitates</strong></span> <span class='ocrx_word' id='word_1_390' title='bbox 3482 1536 3540 1587; x_wconf 91' lang='lat' dir='ltr'><strong>et</strong></span> <span class='ocrx_word' id='word_1_391' title='bbox 3569 1547 3778 1587; x_wconf 84' lang='lat' dir='ltr'><strong>mona-</strong></span> 
     </span>
    </p>
   </div>
   <div class='ocr_carea' id='block_1_59' title="bbox 2116 1621 3777 1679">
    <p class='ocr_par' dir='ltr' id='par_1_59' title="bbox 2116 1621 3777 1679">
     <span class='ocr_line' id='line_1_59' title="bbox 2116 1621 3777 1679; baseline -0.001 -2"><span class='ocrx_word' id='word_1_392' title='bbox 2116 1621 2293 1677; x_wconf 88' lang='lat' dir='ltr'><strong>steria</strong></span> <span class='ocrx_word' id='word_1_393' title='bbox 2355 1621 2658 1679; x_wconf 87' lang='lat' dir='ltr'><strong>civitatum</strong></span> <span class='ocrx_word' id='word_1_394' title='bbox 2693 1622 2816 1679; x_wconf 90' lang='lat' dir='ltr'><strong>sive</strong></span> <span class='ocrx_word' id='word_1_395' title='bbox 2873 1621 3253 1678; x_wconf 90' lang='lat' dir='ltr'><strong>solitudinum</strong></span> <span class='ocrx_word' id='word_1_396' title='bbox 3309 1636 3438 1677; x_wconf 91' lang='lat' dir='ltr'><strong>cum</strong></span> <span class='ocrx_word' id='word_1_397' title='bbox 3489 1621 3670 1677; x_wconf 87' lang='lat' dir='ltr'><strong>cereis</strong></span> <span class='ocrx_word' id='word_1_398' title='bbox 3707 1625 3777 1676; x_wconf 89' lang='lat' dir='ltr'><strong>et</strong></span> 
     </span>
    </p>
   </div>
   <div class='ocr_carea' id='block_1_60' title="bbox 2116 1710 3776 1784">
    <p class='ocr_par' dir='ltr' id='par_1_60' title="bbox 2116 1710 3776 1784">
     <span class='ocr_line' id='line_1_60' title="bbox 2116 1710 3776 1784; baseline 0.001 -20"><span class='ocrx_word' id='word_1_399' title='bbox 2116 1710 2580 1768; x_wconf 88' lang='lat' dir='ltr'><strong>thimiamatibus</strong></span> <span class='ocrx_word' id='word_1_400' title='bbox 2631 1715 2689 1767; x_wconf 91' lang='lat' dir='ltr'><strong>et</strong></span> <span class='ocrx_word' id='word_1_401' title='bbox 2738 1710 3002 1784; x_wconf 89' lang='lat' dir='ltr'><strong>pecuniis</strong></span> <span class='ocrx_word' id='word_1_402' title='bbox 3061 1710 3407 1781; x_wconf 90' lang='lat' dir='ltr'><strong>transmisit,</strong></span> <span class='ocrx_word' id='word_1_403' title='bbox 3441 1714 3501 1766; x_wconf 90' lang='lat' dir='ltr'><strong>et</strong></span> <span class='ocrx_word' id='word_1_404' title='bbox 3559 1716 3620 1766; x_wconf 92' lang='lat' dir='ltr'><strong>ut</strong></span> <span class='ocrx_word' id='word_1_405' title='bbox 3652 1726 3776 1781; x_wconf 90' lang='lat' dir='ltr'><strong>pro</strong></span> 
     </span>
    </p>
   </div>
   <div class='ocr_carea' id='block_1_61' title="bbox 2116 1798 3778 1871">
    <p class='ocr_par' dir='ltr' id='par_1_61' title="bbox 2116 1798 3778 1871">
     <span class='ocr_line' id='line_1_61' title="bbox 2116 1798 3778 1871; baseline 0 -17"><span class='ocrx_word' id='word_1_406' title='bbox 2116 1800 2377 1870; x_wconf 89' lang='lat' dir='ltr'><strong>peccatis</strong></span> <span class='ocrx_word' id='word_1_407' title='bbox 2398 1800 2517 1856; x_wconf 90' lang='lat' dir='ltr'><strong>suis</strong></span> <span class='ocrx_word' id='word_1_408' title='bbox 2540 1800 2976 1856; x_wconf 88' lang='lat' dir='ltr'><strong>intercederent</strong></span> <span class='ocrx_word' id='word_1_409' title='bbox 3000 1799 3377 1871; x_wconf 88' lang='lat' dir='ltr'><strong>supplicavit,</strong></span> <span class='ocrx_word' id='word_1_410' title='bbox 3405 1800 3510 1855; x_wconf 92' lang='lat' dir='ltr'><strong>hoc</strong></span> <span class='ocrx_word' id='word_1_411' title='bbox 3534 1798 3778 1871; x_wconf 83' lang='lat' dir='ltr'><strong>potissi-</strong></span> 
     </span>
    </p>
   </div>
   <div class='ocr_carea' id='block_1_62' title="bbox 2118 1889 3775 1961">
    <p class='ocr_par' dir='ltr' id='par_1_62' title="bbox 2118 1889 3775 1961">
     <span class='ocr_line' id='line_1_62' title="bbox 2118 1889 3775 1961; baseline -0.001 -17"><span class='ocrx_word' id='word_1_412' title='bbox 2118 1904 2269 1945; x_wconf 90' lang='lat' dir='ltr'><strong>mum</strong></span> <span class='ocrx_word' id='word_1_413' title='bbox 2300 1890 2642 1961; x_wconf 88' lang='lat' dir='ltr'><strong>deprecans,</strong></span> <span class='ocrx_word' id='word_1_414' title='bbox 2670 1896 2732 1946; x_wconf 94' lang='lat' dir='ltr'><strong>ut</strong></span> <span class='ocrx_word' id='word_1_415' title='bbox 2765 1889 2859 1946; x_wconf 91' lang='lat' dir='ltr'><strong>hic</strong></span> <span class='ocrx_word' id='word_1_416' title='bbox 2883 1896 2944 1945; x_wconf 91' lang='lat' dir='ltr'><strong>et</strong></span> <span class='ocrx_word' id='word_1_417' title='bbox 2967 1906 3081 1946; x_wconf 94' lang='lat' dir='ltr'><strong>non</strong></span> <span class='ocrx_word' id='word_1_418' title='bbox 3107 1890 3164 1945; x_wconf 92' lang='lat' dir='ltr'><strong>in</strong></span> <span class='ocrx_word' id='word_1_419' title='bbox 3186 1890 3382 1947; x_wconf 79' lang='lat' dir='ltr'><strong>futuro</strong></span> <span class='ocrx_word' id='word_1_420' title='bbox 3408 1904 3534 1961; x_wconf 74' lang='lat' dir='ltr'><strong>quae</strong></span> <span class='ocrx_word' id='word_1_421' title='bbox 3553 1890 3775 1945; x_wconf 89' lang='lat' dir='ltr'><strong>meruit</strong></span> 
     </span>
    </p>
   </div>
   <div class='ocr_carea' id='block_1_63' title="bbox 2117 1978 3777 2051">
    <p class='ocr_par' dir='ltr' id='par_1_63' title="bbox 2117 1978 3777 2051">
     <span class='ocr_line' id='line_1_63' title="bbox 2117 1978 3777 2051; baseline 0.001 -18"><span class='ocrx_word' id='word_1_422' title='bbox 2117 1978 2427 2051; x_wconf 87' lang='lat' dir='ltr'><strong>reciperet.</strong></span> <span class='ocrx_word' id='word_1_423' title='bbox 2448 1980 2704 2051; x_wconf 91' lang='lat' dir='ltr'><strong>Cumque</strong></span> <span class='ocrx_word' id='word_1_424' title='bbox 2728 1978 2833 2035; x_wconf 88' lang='lat' dir='ltr'><strong>hoc</strong></span> <span class='ocrx_word' id='word_1_425' title='bbox 2859 1984 2915 2036; x_wconf 90' lang='lat' dir='ltr'><strong>et</strong></span> <span class='ocrx_word' id='word_1_426' title='bbox 2933 1980 3060 2051; x_wconf 92' lang='lat' dir='ltr'><strong>ipse</strong></span> <span class='ocrx_word' id='word_1_427' title='bbox 3085 1978 3483 2037; x_wconf 90' lang='lat' dir='ltr'><strong>vehementius</strong></span> <span class='ocrx_word' id='word_1_428' title='bbox 3500 1993 3601 2051; x_wconf 92' lang='lat' dir='ltr'><strong>per</strong></span> <span class='ocrx_word' id='word_1_429' title='bbox 3624 1984 3777 2035; x_wconf 56' lang='lat' dir='ltr'><strong>temo</strong></span> 
     </span>
    </p>
   </div>
   <div class='ocr_carea' id='block_1_64' title="bbox 2116 2067 3780 2141">
    <p class='ocr_par' dir='ltr' id='par_1_64' title="bbox 2116 2067 3780 2141">
     <span class='ocr_line' id='line_1_64' title="bbox 2116 2067 3780 2141; baseline -0.001 -17"><span class='ocrx_word' id='word_1_430' title='bbox 2116 2082 2256 2138; x_wconf 89' lang='lat' dir='ltr'><strong>pora</strong></span> <span class='ocrx_word' id='word_1_431' title='bbox 2282 2068 2462 2125; x_wconf 90' lang='lat' dir='ltr'><strong>multa</strong></span> <span class='ocrx_word' id='word_1_432' title='bbox 2487 2068 2744 2125; x_wconf 90' lang='lat' dir='ltr'><strong>lacrimis</strong></span> <span class='ocrx_word' id='word_1_433' title='bbox 2784 2069 3137 2141; x_wconf 89' lang='lat' dir='ltr'><strong>postularet,</strong></span> <span class='ocrx_word' id='word_1_434' title='bbox 3165 2068 3411 2140; x_wconf 90' lang='lat' dir='ltr'><strong>quadam</strong></span> <span class='ocrx_word' id='word_1_435' title='bbox 3435 2072 3602 2125; x_wconf 89' lang='lat' dir='ltr'><strong>nocte</strong></span> <span class='ocrx_word' id='word_1_436' title='bbox 3634 2067 3780 2124; x_wconf 85' lang='lat' dir='ltr'><strong>dor-</strong></span> 
     </span>
    </p>
   </div>
   <div class='ocr_carea' id='block_1_65' title="bbox 2114 2157 3775 2231">
    <p class='ocr_par' dir='ltr' id='par_1_65' title="bbox 2114 2157 3775 2231">
     <span class='ocr_line' id='line_1_65' title="bbox 2114 2157 3775 2231; baseline 0.002 -21"><span class='ocrx_word' id='word_1_437' title='bbox 2114 2157 2318 2225; x_wconf 90' lang='lat' dir='ltr'><strong>miens,</strong></span> <span class='ocrx_word' id='word_1_438' title='bbox 2343 2157 2492 2214; x_wconf 90' lang='lat' dir='ltr'><strong>vidit</strong></span> <span class='ocrx_word' id='word_1_439' title='bbox 2532 2158 2589 2214; x_wconf 90' lang='lat' dir='ltr'><strong>in</strong></span> <span class='ocrx_word' id='word_1_440' title='bbox 2618 2158 2749 2215; x_wconf 91' lang='lat' dir='ltr'><strong>visu</strong></span> <span class='ocrx_word' id='word_1_441' title='bbox 2782 2159 2935 2231; x_wconf 90' lang='lat' dir='ltr'><strong>apud</strong></span> <span class='ocrx_word' id='word_1_442' title='bbox 2962 2174 3182 2215; x_wconf 72' lang='lat' dir='ltr'><strong>aeneam</strong></span> <span class='ocrx_word' id='word_1_443' title='bbox 3216 2158 3417 2230; x_wconf 88' lang='lat' dir='ltr'><strong>palatii</strong></span> <span class='ocrx_word' id='word_1_444' title='bbox 3449 2162 3671 2229; x_wconf 90' lang='lat' dir='ltr'><strong>portam</strong></span> <span class='ocrx_word' id='word_1_445' title='bbox 3706 2172 3775 2213; x_wconf 88' lang='lat' dir='ltr'><strong>se</strong></span> 
     </span>
    </p>
   </div>
   <div class='ocr_carea' id='block_1_66' title="bbox 2115 2246 3775 2319">
    <p class='ocr_par' dir='ltr' id='par_1_66' title="bbox 2115 2246 3775 2319">
     <span class='ocr_line' id='line_1_66' title="bbox 2115 2246 3775 2319; baseline 0.001 -18"><span class='ocrx_word' id='word_1_446' title='bbox 2115 2260 2309 2302; x_wconf 91' lang='lat' dir='ltr'><strong>coram</strong></span> <span class='ocrx_word' id='word_1_447' title='bbox 2341 2246 2556 2319; x_wconf 89' lang='lat' dir='ltr'><strong>populo</strong></span> <span class='ocrx_word' id='word_1_448' title='bbox 2588 2247 2773 2304; x_wconf 90' lang='lat' dir='ltr'><strong>multo</strong></span> <span class='ocrx_word' id='word_1_449' title='bbox 2805 2248 3038 2318; x_wconf 89' lang='lat' dir='ltr'><strong>imagini</strong></span> <span class='ocrx_word' id='word_1_450' title='bbox 3078 2247 3291 2304; x_wconf 85' lang='lat' dir='ltr'><strong>domini</strong></span> <span class='ocrx_word' id='word_1_451' title='bbox 3326 2247 3644 2304; x_wconf 88' lang='lat' dir='ltr'><strong>Salvatoris</strong></span> <span class='ocrx_word' id='word_1_452' title='bbox 3669 2260 3775 2302; x_wconf 85' lang='lat' dir='ltr'><strong>as-</strong></span> 
     </span>
    </p>
   </div>
   <div class='ocr_carea' id='block_1_67' title="bbox 2115 2334 3776 2406">
    <p class='ocr_par' dir='ltr' id='par_1_67' title="bbox 2115 2334 3776 2406">
     <span class='ocr_line' id='line_1_67' title="bbox 2115 2334 3776 2406; baseline -0.001 -15"><span class='ocrx_word' id='word_1_453' title='bbox 2115 2334 2350 2406; x_wconf 89' lang='lat' dir='ltr'><strong>sistere,</strong></span> <span class='ocrx_word' id='word_1_454' title='bbox 2384 2342 2445 2392; x_wconf 91' lang='lat' dir='ltr'><strong>et</strong></span> <span class='ocrx_word' id='word_1_455' title='bbox 2487 2351 2690 2393; x_wconf 90' lang='lat' dir='ltr'><strong>vocem</strong></span> <span class='ocrx_word' id='word_1_456' title='bbox 2733 2336 3056 2393; x_wconf 87' lang='lat' dir='ltr'><strong>terribilem</strong></span> <span class='ocrx_word' id='word_1_457' title='bbox 3088 2352 3162 2392; x_wconf 84' lang='lat' dir='ltr'><strong>ex</strong></span> <span class='ocrx_word' id='word_1_458' title='bbox 3188 2337 3391 2393; x_wconf 88' lang='lat' dir='ltr'><strong>eadem</strong></span> <span class='ocrx_word' id='word_1_459' title='bbox 3424 2336 3665 2405; x_wconf 90' lang='lat' dir='ltr'><strong>imagine</strong></span> <span class='ocrx_word' id='word_1_460' title='bbox 3705 2350 3776 2390; x_wconf 90' lang='lat' dir='ltr'><strong>se</strong></span> 
     </span>
    </p>
   </div>
   <div class='ocr_carea' id='block_1_68' title="bbox 2115 2424 3771 2496">
    <p class='ocr_par' dir='ltr' id='par_1_68' title="bbox 2115 2424 3771 2496">
     <span class='ocr_line' id='line_1_68' title="bbox 2115 2424 3771 2496; baseline 0 -16"><span class='ocrx_word' id='word_1_461' title='bbox 2115 2424 2339 2496; x_wconf 91' lang='lat' dir='ltr'><strong>audire,</strong></span> <span class='ocrx_word' id='word_1_462' title='bbox 2358 2426 2651 2481; x_wconf 89' lang='lat' dir='ltr'><strong>dicentem</strong></span> <span class='ocrx_word' id='word_1_463' title='bbox 2670 2446 2681 2481; x_wconf 93' lang='lat'>:</span> <span class='ocrx_word' id='word_1_464' title='bbox 2697 2427 2854 2484; x_wconf 85' lang='lat' dir='ltr'><strong>Date</strong></span> <span class='ocrx_word' id='word_1_465' title='bbox 2872 2426 3253 2484; x_wconf 78' lang='lat' dir='ltr'><strong>Maariciam.</strong></span> <span class='ocrx_word' id='word_1_466' title='bbox 3274 2427 3339 2481; x_wconf 89' lang='lat' dir='ltr'><strong>Et</strong></span> <span class='ocrx_word' id='word_1_467' title='bbox 3359 2430 3771 2482; x_wconf 89' lang='lat' dir='ltr'><strong>tenenteseum</strong></span> 
     </span>
    </p>
   </div>
   <div class='ocr_carea' id='block_1_69' title="bbox 2109 2512 3775 2586">
    <p class='ocr_par' dir='ltr' id='par_1_69' title="bbox 2109 2512 3775 2586">
     <span class='ocr_line' id='line_1_69' title="bbox 2109 2512 3775 2586; baseline 0.001 -17"><span class='ocrx_word' id='word_1_468' title='bbox 2109 2512 2462 2582; x_wconf 83' lang='lat' dir='ltr'><strong>judiciorum</strong></span> <span class='ocrx_word' id='word_1_469' title='bbox 2499 2515 2774 2586; x_wconf 91' lang='lat' dir='ltr'><strong>ministri,</strong></span> <span class='ocrx_word' id='word_1_470' title='bbox 2826 2519 3151 2586; x_wconf 89' lang='lat' dir='ltr'><strong>posuerunt</strong></span> <span class='ocrx_word' id='word_1_471' title='bbox 3179 2529 3309 2571; x_wconf 92' lang='lat' dir='ltr'><strong>eum</strong></span> <span class='ocrx_word' id='word_1_472' title='bbox 3366 2514 3518 2586; x_wconf 90' lang='lat' dir='ltr'><strong>apud</strong></span> <span class='ocrx_word' id='word_1_473' title='bbox 3551 2529 3775 2586; x_wconf 89' lang='lat' dir='ltr'><strong>purpu-</strong></span> 
     </span>
    </p>
   </div>
   <div class='ocr_carea' id='block_1_70' title="bbox 2115 2602 3775 2675">
    <p class='ocr_par' dir='ltr' id='par_1_70' title="bbox 2115 2602 3775 2675">
     <span class='ocr_line' id='line_1_70' title="bbox 2115 2602 3775 2675; baseline 0.001 -18"><span class='ocrx_word' id='word_1_474' title='bbox 2115 2616 2278 2658; x_wconf 89' lang='lat' dir='ltr'><strong>reum</strong></span> <span class='ocrx_word' id='word_1_475' title='bbox 2312 2603 2647 2660; x_wconf 89' lang='lat' dir='ltr'><strong>umbilicum</strong></span> <span class='ocrx_word' id='word_1_476' title='bbox 2684 2604 2781 2675; x_wconf 92' lang='lat' dir='ltr'><strong>qui</strong></span> <span class='ocrx_word' id='word_1_477' title='bbox 2816 2603 2936 2659; x_wconf 90' lang='lat' dir='ltr'><strong>illic</strong></span> <span class='ocrx_word' id='word_1_478' title='bbox 2967 2607 3122 2660; x_wconf 88' lang='lat' dir='ltr'><strong>erat.</strong></span> <span class='ocrx_word' id='word_1_479' title='bbox 3164 2604 3265 2660; x_wconf 91' lang='lat' dir='ltr'><strong>Cui</strong></span> <span class='ocrx_word' id='word_1_480' title='bbox 3297 2602 3498 2659; x_wconf 90' lang='lat' dir='ltr'><strong>eadem</strong></span> <span class='ocrx_word' id='word_1_481' title='bbox 3528 2618 3640 2658; x_wconf 89' lang='lat' dir='ltr'><strong>vox</strong></span> <span class='ocrx_word' id='word_1_482' title='bbox 3669 2618 3775 2658; x_wconf 89' lang='lat' dir='ltr'><strong>ca-</strong></span> 
     </span>
    </p>
   </div>
   <div class='ocr_carea' id='block_1_71' title="bbox 2116 2691 3772 2765">
    <p class='ocr_par' dir='ltr' id='par_1_71' title="bbox 2116 2691 3772 2765">
     <span class='ocr_line' id='line_1_71' title="bbox 2116 2691 3772 2765; baseline 0.001 -18"><span class='ocrx_word' id='word_1_483' title='bbox 2116 2692 2367 2747; x_wconf 88' lang='lat' dir='ltr'><strong>racteris</strong></span> <span class='ocrx_word' id='word_1_484' title='bbox 2399 2693 2481 2748; x_wconf 91' lang='lat' dir='ltr'><strong>ait</strong></span> <span class='ocrx_word' id='word_1_485' title='bbox 2505 2713 2517 2747; x_wconf 87' lang='lat'><strong>:</strong></span> <span class='ocrx_word' id='word_1_486' title='bbox 2548 2692 2661 2749; x_wconf 80' lang='lat' dir='ltr'><strong>Ubi</strong></span> <span class='ocrx_word' id='word_1_487' title='bbox 2686 2693 2780 2750; x_wconf 80' lang='lat' dir='ltr'><strong>cis</strong></span> <span class='ocrx_word' id='word_1_488' title='bbox 2798 2693 3049 2749; x_wconf 81' lang='lat' dir='ltr'><strong>reddam</strong></span> <span class='ocrx_word' id='word_1_489' title='bbox 3075 2691 3187 2749; x_wconf 78' lang='lat' dir='ltr'><strong>tibi</strong></span> <span class='ocrx_word' id='word_1_490' title='bbox 3204 2693 3372 2749; x_wconf 88' lang='lat' dir='ltr'><strong>mala</strong></span> <span class='ocrx_word' id='word_1_491' title='bbox 3391 2705 3523 2765; x_wconf 69' lang='lat' dir='ltr'><strong>qua</strong></span> <span class='ocrx_word' id='word_1_492' title='bbox 3535 2692 3772 2763; x_wconf 86' lang='lat' dir='ltr'><strong>fecisti,</strong></span> 
     </span>
    </p>
   </div>
   <div class='ocr_carea' id='block_1_72' title="bbox 2117 2777 3772 2852">
    <p class='ocr_par' dir='ltr' id='par_1_72' title="bbox 2117 2777 3772 2852">
     <span class='ocr_line' id='line_1_72' title="bbox 2117 2777 3772 2852; baseline 0 -18"><span class='ocrx_word' id='word_1_493' title='bbox 2117 2777 2215 2835; x_wconf 77' lang='lat' dir='ltr'><strong>hic</strong></span> <span class='ocrx_word' id='word_1_494' title='bbox 2240 2793 2320 2835; x_wconf 90' lang='lat' dir='ltr'><strong>an</strong></span> <span class='ocrx_word' id='word_1_495' title='bbox 2341 2779 2638 2852; x_wconf 73' lang='lat' dir='ltr'><strong>infntaro</strong></span> <span class='ocrx_word' id='word_1_496' title='bbox 2660 2782 2890 2837; x_wconf 77' lang='lat' dir='ltr'><strong>seculo?</strong></span> <span class='ocrx_word' id='word_1_497' title='bbox 2931 2782 2999 2834; x_wconf 80' lang='lat' dir='ltr'><strong>At</strong></span> <span class='ocrx_word' id='word_1_498' title='bbox 3028 2778 3125 2835; x_wconf 90' lang='lat' dir='ltr'><strong>ille</strong></span> <span class='ocrx_word' id='word_1_499' title='bbox 3149 2780 3451 2851; x_wconf 90' lang='lat' dir='ltr'><strong>respondit</strong></span> <span class='ocrx_word' id='word_1_500' title='bbox 3477 2799 3490 2833; x_wconf 75' lang='grc' dir='ltr'>ε</span> <span class='ocrx_word' id='word_1_501' title='bbox 3524 2780 3772 2836; x_wconf 73' lang='lat' dir='ltr'><strong>Amator</strong></span> 
     </span>
    </p>
   </div>
   <div class='ocr_carea' id='block_1_73' title="bbox 2114 2866 3770 2942">
    <p class='ocr_par' dir='ltr' id='par_1_73' title="bbox 2114 2866 3770 2942">
     <span class='ocr_line' id='line_1_73' title="bbox 2114 2866 3770 2942; baseline 0.001 -19"><span class='ocrx_word' id='word_1_502' title='bbox 2114 2866 2439 2939; x_wconf 68' lang='lat' dir='ltr'><strong>hominum,</strong></span> <span class='ocrx_word' id='word_1_503' title='bbox 2480 2869 2715 2927; x_wconf 81' lang='lat' dir='ltr'><strong>domine</strong></span> <span class='ocrx_word' id='word_1_504' title='bbox 2736 2870 2795 2926; x_wconf 91' lang='lat' dir='ltr'><strong>et</strong></span> <span class='ocrx_word' id='word_1_505' title='bbox 2801 2869 3001 2942; x_wconf 75' lang='lat' dir='ltr'><strong>judea:</strong></span> <span class='ocrx_word' id='word_1_506' title='bbox 3010 2868 3198 2940; x_wconf 81' lang='lat' dir='ltr'><strong>jaste,</strong></span> <span class='ocrx_word' id='word_1_507' title='bbox 3231 2869 3332 2927; x_wconf 75' lang='lat' dir='ltr'><strong>hic</strong></span> <span class='ocrx_word' id='word_1_508' title='bbox 3355 2867 3541 2926; x_wconf 72' lang='lat' dir='ltr'><strong>michi</strong></span> <span class='ocrx_word' id='word_1_509' title='bbox 3561 2868 3770 2939; x_wconf 76' lang='lat' dir='ltr'><strong>potius</strong></span> 
     </span>
    </p>
   </div>
   <div class='ocr_carea' id='block_1_74' title="bbox 2115 2956 3783 3029">
    <p class='ocr_par' dir='ltr' id='par_1_74' title="bbox 2115 2956 3783 3029">
     <span class='ocr_line' id='line_1_74' title="bbox 2115 2956 3783 3029; baseline 0.001 -17"><span class='ocrx_word' id='word_1_510' title='bbox 2115 2956 2603 3029; x_wconf 72' lang='lat' dir='ltr'><strong>qnaminfataro</strong></span> <span class='ocrx_word' id='word_1_511' title='bbox 2629 2956 2923 3025; x_wconf 79' lang='lat' dir='ltr'><strong>retribae;</strong></span> <span class='ocrx_word' id='word_1_512' title='bbox 2956 2963 3013 3013; x_wconf 91' lang='lat' dir='ltr'><strong>et</strong></span> <span class='ocrx_word' id='word_1_513' title='bbox 3039 2957 3217 3029; x_wconf 89' lang='lat' dir='ltr'><strong>jussit</strong></span> <span class='ocrx_word' id='word_1_514' title='bbox 3246 2956 3440 3014; x_wconf 92' lang='lat' dir='ltr'><strong>divina</strong></span> <span class='ocrx_word' id='word_1_515' title='bbox 3469 2973 3581 3014; x_wconf 88' lang='lat' dir='ltr'><strong>vox</strong></span> <span class='ocrx_word' id='word_1_516' title='bbox 3608 2956 3783 3013; x_wconf 83' lang='lat' dir='ltr'><strong>tradi.</strong></span> 
     </span>
    </p>
   </div>
   <div class='ocr_carea' id='block_1_75' title="bbox 2116 3045 3768 3118">
    <p class='ocr_par' dir='ltr' id='par_1_75' title="bbox 2116 3045 3768 3118">
     <span class='ocr_line' id='line_1_75' title="bbox 2116 3045 3768 3118; baseline 0.001 -17"><span class='ocrx_word' id='word_1_517' title='bbox 2116 3045 2451 3102; x_wconf 89' lang='lat' dir='ltr'><strong>Mauricium</strong></span> <span class='ocrx_word' id='word_1_518' title='bbox 2513 3051 2572 3101; x_wconf 90' lang='lat' dir='ltr'><strong>et</strong></span> <span class='ocrx_word' id='word_1_519' title='bbox 2605 3047 3043 3106; x_wconf 88' lang='lat' dir='ltr'><strong>Constantinam</strong></span> <span class='ocrx_word' id='word_1_520' title='bbox 3092 3061 3328 3103; x_wconf 88' lang='lat' dir='ltr'><strong>uxorem</strong></span> <span class='ocrx_word' id='word_1_521' title='bbox 3370 3048 3495 3118; x_wconf 91' lang='lat' dir='ltr'><strong>ejus</strong></span> <span class='ocrx_word' id='word_1_522' title='bbox 3524 3050 3583 3103; x_wconf 94' lang='lat' dir='ltr'><strong>et</strong></span> <span class='ocrx_word' id='word_1_523' title='bbox 3614 3045 3768 3102; x_wconf 86' lang='lat' dir='ltr'><strong>filios</strong></span> 
     </span>
    </p>
   </div>
   <div class='ocr_carea' id='block_1_76' title="bbox 2115 3133 3768 3206">
    <p class='ocr_par' dir='ltr' id='par_1_76' title="bbox 2115 3133 3768 3206">
     <span class='ocr_line' id='line_1_76' title="bbox 2115 3133 3768 3206; baseline 0.001 -19"><span class='ocrx_word' id='word_1_524' title='bbox 2115 3136 2174 3188; x_wconf 90' lang='lat' dir='ltr'><strong>et</strong></span> <span class='ocrx_word' id='word_1_525' title='bbox 2222 3148 2447 3188; x_wconf 88' lang='lat' dir='ltr'><strong>omnem</strong></span> <span class='ocrx_word' id='word_1_526' title='bbox 2478 3135 2888 3204; x_wconf 89' lang='lat' dir='ltr'><strong>cognationem</strong></span> <span class='ocrx_word' id='word_1_527' title='bbox 2930 3134 3117 3206; x_wconf 91' lang='lat' dir='ltr'><strong>ipsius</strong></span> <span class='ocrx_word' id='word_1_528' title='bbox 3146 3135 3310 3192; x_wconf 70' lang='lat' dir='ltr'><strong>Focaa</strong></span> <span class='ocrx_word' id='word_1_529' title='bbox 3342 3133 3537 3190; x_wconf 89' lang='lat' dir='ltr'><strong>militi.</strong></span> <span class='ocrx_word' id='word_1_530' title='bbox 3579 3133 3768 3204; x_wconf 79' lang='lat' dir='ltr'><strong>Evigi-</strong></span> 
     </span>
    </p>
   </div>
   <div class='ocr_carea' id='block_1_77' title="bbox 2116 3219 3768 3295">
    <p class='ocr_par' dir='ltr' id='par_1_77' title="bbox 2116 3219 3768 3295">
     <span class='ocr_line' id='line_1_77' title="bbox 2116 3219 3768 3295; baseline 0.002 -20"><span class='ocrx_word' id='word_1_531' title='bbox 2116 3219 2244 3277; x_wconf 90' lang='lat' dir='ltr'><strong>lans</strong></span> <span class='ocrx_word' id='word_1_532' title='bbox 2270 3236 2411 3292; x_wconf 89' lang='lat' dir='ltr'><strong>ergo</strong></span> <span class='ocrx_word' id='word_1_533' title='bbox 2463 3223 2774 3280; x_wconf 83' lang='lat' dir='ltr'><strong>Mauricius</strong></span> <span class='ocrx_word' id='word_1_534' title='bbox 2823 3224 3055 3280; x_wconf 87' lang='lat' dir='ltr'><strong>vocavit</strong></span> <span class='ocrx_word' id='word_1_535' title='bbox 3103 3239 3236 3281; x_wconf 91' lang='lat' dir='ltr'><strong>eum</strong></span> <span class='ocrx_word' id='word_1_536' title='bbox 3286 3223 3383 3295; x_wconf 90' lang='lat' dir='ltr'><strong>qui</strong></span> <span class='ocrx_word' id='word_1_537' title='bbox 3417 3227 3549 3279; x_wconf 86' lang='lat' dir='ltr'><strong>ante</strong></span> <span class='ocrx_word' id='word_1_538' title='bbox 3582 3237 3644 3279; x_wconf 90' lang='lat' dir='ltr'><strong>se</strong></span> <span class='ocrx_word' id='word_1_539' title='bbox 3674 3221 3768 3256; x_wconf 73' lang='grc'>¹⁰⁵⁹</span> 
     </span>
    </p>
   </div>
   <div class='ocr_carea' id='block_1_78' title="bbox 2036 3286 3767 3384">
    <p class='ocr_par' dir='ltr' id='par_1_78' title="bbox 2036 3286 3767 3384">
     <span class='ocr_line' id='line_1_78' title="bbox 2036 3286 3767 3384; baseline 0 -19"><span class='ocrx_word' id='word_1_540' title='bbox 2036 3286 2084 3347; x_wconf 78' lang='lat' dir='ltr'><strong>C</strong></span> <span class='ocrx_word' id='word_1_541' title='bbox 2116 3286 2467 3382; x_wconf 75' lang='lat' dir='ltr'><strong>dormiebat,</strong></span> <span class='ocrx_word' id='word_1_542' title='bbox 2518 3312 2791 3384; x_wconf 90' lang='lat' dir='ltr'><strong>misitque</strong></span> <span class='ocrx_word' id='word_1_543' title='bbox 2815 3311 2906 3353; x_wconf 76' lang='grc' dir='ltr'><strong>¹⁰⁶ο</strong></span> <span class='ocrx_word' id='word_1_544' title='bbox 2926 3318 2981 3369; x_wconf 91' lang='lat' dir='ltr'><strong>et</strong></span> <span class='ocrx_word' id='word_1_545' title='bbox 3017 3313 3249 3370; x_wconf 89' lang='lat' dir='ltr'><strong>vocavit</strong></span> <span class='ocrx_word' id='word_1_546' title='bbox 3280 3286 3349 3369; x_wconf 74' lang='lat' dir='ltr'><strong>ad</strong></span> <span class='ocrx_word' id='word_1_547' title='bbox 3383 3327 3445 3368; x_wconf 88' lang='lat' dir='ltr'><strong>se</strong></span> <span class='ocrx_word' id='word_1_548' title='bbox 3476 3310 3767 3383; x_wconf 85' lang='lat' dir='ltr'><strong>Phylippi-</strong></span> 
     </span>
    </p>
   </div>
   <div class='ocr_carea' id='block_1_79' title="bbox 2116 3401 3768 3474">
    <p class='ocr_par' dir='ltr' id='par_1_79' title="bbox 2116 3401 3768 3474">
     <span class='ocr_line' id='line_1_79' title="bbox 2116 3401 3768 3474; baseline 0.001 -20"><span class='ocrx_word' id='word_1_549' title='bbox 2116 3414 2246 3456; x_wconf 92' lang='lat' dir='ltr'><strong>cum</strong></span> <span class='ocrx_word' id='word_1_550' title='bbox 2281 3414 2559 3470; x_wconf 87' lang='lat' dir='ltr'><strong>generum</strong></span> <span class='ocrx_word' id='word_1_551' title='bbox 2622 3417 2811 3474; x_wconf 90' lang='lat' dir='ltr'><strong>suum,</strong></span> <span class='ocrx_word' id='word_1_552' title='bbox 2848 3417 3018 3473; x_wconf 88' lang='lat' dir='ltr'><strong>quem</strong></span> <span class='ocrx_word' id='word_1_553' title='bbox 3053 3402 3269 3459; x_wconf 88' lang='lat' dir='ltr'><strong>dudum</strong></span> <span class='ocrx_word' id='word_1_554' title='bbox 3326 3401 3768 3473; x_wconf 89' lang='lat' dir='ltr'><strong>susspicabatur</strong></span> 
     </span>
    </p>
   </div>
   <div class='ocr_carea' id='block_1_80' title="bbox 2115 3488 3767 3564">
    <p class='ocr_par' dir='ltr' id='par_1_80' title="bbox 2115 3488 3767 3564">
     <span class='ocr_line' id='line_1_80' title="bbox 2115 3488 3767 3564; baseline 0.002 -21"><span class='ocrx_word' id='word_1_555' title='bbox 2115 3488 2267 3545; x_wconf 89' lang='lat' dir='ltr'><strong>velle</strong></span> <span class='ocrx_word' id='word_1_556' title='bbox 2301 3489 2409 3545; x_wconf 89' lang='lat' dir='ltr'><strong>sibi</strong></span> <span class='ocrx_word' id='word_1_557' title='bbox 2439 3505 2680 3561; x_wconf 90' lang='lat' dir='ltr'><strong>regnum</strong></span> <span class='ocrx_word' id='word_1_558' title='bbox 2699 3491 3029 3563; x_wconf 88' lang='lat' dir='ltr'><strong>subripere.</strong></span> <span class='ocrx_word' id='word_1_559' title='bbox 3060 3493 3128 3547; x_wconf 82' lang='lat' dir='ltr'><strong>At</strong></span> <span class='ocrx_word' id='word_1_560' title='bbox 3156 3490 3253 3548; x_wconf 91' lang='lat' dir='ltr'><strong>ille</strong></span> <span class='ocrx_word' id='word_1_561' title='bbox 3273 3506 3379 3564; x_wconf 92' lang='lat' dir='ltr'><strong>pro</strong></span> <span class='ocrx_word' id='word_1_562' title='bbox 3401 3490 3767 3563; x_wconf 74' lang='lat' dir='ltr'><strong>suSSpicione</strong></span> 
     </span>
    </p>
   </div>
   <div class='ocr_carea' id='block_1_81' title="bbox 2118 3578 3766 3651">
    <p class='ocr_par' dir='ltr' id='par_1_81' title="bbox 2118 3578 3766 3651">
     <span class='ocr_line' id='line_1_81' title="bbox 2118 3578 3766 3651; baseline 0.002 -19"><span class='ocrx_word' id='word_1_563' title='bbox 2118 3578 2383 3648; x_wconf 91' lang='lat' dir='ltr'><strong>predicta</strong></span> <span class='ocrx_word' id='word_1_564' title='bbox 2418 3593 2480 3634; x_wconf 91' lang='lat' dir='ltr'><strong>se</strong></span> <span class='ocrx_word' id='word_1_565' title='bbox 2516 3580 2878 3651; x_wconf 84' lang='lat' dir='ltr'><strong>perdendum</strong></span> <span class='ocrx_word' id='word_1_566' title='bbox 2909 3579 3249 3651; x_wconf 90' lang='lat' dir='ltr'><strong>conjiciens,</strong></span> <span class='ocrx_word' id='word_1_567' title='bbox 3276 3580 3569 3638; x_wconf 65' lang='lat' dir='ltr'><strong>advocates</strong></span> <span class='ocrx_word' id='word_1_568' title='bbox 3599 3578 3670 3636; x_wconf 90' lang='lat' dir='ltr'><strong>ad</strong></span> <span class='ocrx_word' id='word_1_569' title='bbox 3702 3593 3766 3635; x_wconf 91' lang='lat' dir='ltr'><strong>se</strong></span> 
     </span>
    </p>
   </div>
   <div class='ocr_carea' id='block_1_82' title="bbox 2117 3666 3762 3741">
    <p class='ocr_par' dir='ltr' id='par_1_82' title="bbox 2117 3666 3762 3741">
     <span class='ocr_line' id='line_1_82' title="bbox 2117 3666 3762 3741; baseline 0.002 -20"><span class='ocrx_word' id='word_1_570' title='bbox 2117 3666 2346 3724; x_wconf 67' lang='lat' dir='ltr'><strong>Gordiaa</strong></span> <span class='ocrx_word' id='word_1_571' title='bbox 2379 3668 2546 3725; x_wconf 86' lang='lat' dir='ltr'><strong>uxori</strong></span> <span class='ocrx_word' id='word_1_572' title='bbox 2580 3684 2719 3740; x_wconf 64' lang='lat' dir='ltr'><strong>suae,</strong></span> <span class='ocrx_word' id='word_1_573' title='bbox 2772 3674 3050 3741; x_wconf 89' lang='lat' dir='ltr'><strong>tanquam</strong></span> <span class='ocrx_word' id='word_1_574' title='bbox 3086 3670 3239 3726; x_wconf 92' lang='lat' dir='ltr'><strong>ultra</strong></span> <span class='ocrx_word' id='word_1_575' title='bbox 3274 3685 3338 3727; x_wconf 89' lang='lat' dir='ltr'><strong>se</strong></span> <span class='ocrx_word' id='word_1_576' title='bbox 3387 3685 3498 3726; x_wconf 91' lang='lat' dir='ltr'><strong>non</strong></span> <span class='ocrx_word' id='word_1_577' title='bbox 3528 3669 3762 3739; x_wconf 67' lang='lat' dir='ltr'><strong>visuras,</strong></span> 
     </span>
    </p>
   </div>
   <div class='ocr_carea' id='block_1_83' title="bbox 2117 3752 3786 3830">
    <p class='ocr_par' dir='ltr' id='par_1_83' title="bbox 2117 3752 3786 3830">
     <span class='ocr_line' id='line_1_83' title="bbox 2117 3752 3786 3830; baseline 0.002 -20"><span class='ocrx_word' id='word_1_578' title='bbox 2117 3755 2245 3812; x_wconf 89' lang='lat' dir='ltr'><strong>vale</strong></span> <span class='ocrx_word' id='word_1_579' title='bbox 2270 3755 2436 3827; x_wconf 84' lang='lat' dir='ltr'><strong>dixit,</strong></span> <span class='ocrx_word' id='word_1_580' title='bbox 2454 3763 2941 3829; x_wconf 91' lang='lat' dir='ltr'><strong>sacramentoque</strong></span> <span class='ocrx_word' id='word_1_581' title='bbox 2965 3759 3388 3816; x_wconf 91' lang='lat' dir='ltr'><strong>communionis</strong></span> <span class='ocrx_word' id='word_1_582' title='bbox 3411 3752 3786 3830; x_wconf 71' lang='lat' dir='ltr'><strong>accepto,ad&#39;</strong></span> 
     </span>
    </p>
   </div>
   <div class='ocr_carea' id='block_1_84' title="bbox 2117 3844 3759 3918">
    <p class='ocr_par' dir='ltr' id='par_1_84' title="bbox 2117 3844 3759 3918">
     <span class='ocr_line' id='line_1_84' title="bbox 2117 3844 3759 3918; baseline 0.002 -19"><span class='ocrx_word' id='word_1_583' title='bbox 2117 3844 2399 3915; x_wconf 87' lang='lat' dir='ltr'><strong>palatium</strong></span> <span class='ocrx_word' id='word_1_584' title='bbox 2415 3846 2661 3917; x_wconf 88' lang='lat' dir='ltr'><strong>venit,et</strong></span> <span class='ocrx_word' id='word_1_585' title='bbox 2677 3847 2908 3905; x_wconf 90' lang='lat' dir='ltr'><strong>cubicul</strong></span> <span class='ocrx_word' id='word_1_586' title='bbox 2923 3862 3012 3903; x_wconf 93' lang='lat' dir='ltr'><strong>um</strong></span> <span class='ocrx_word' id='word_1_587' title='bbox 3030 3847 3401 3918; x_wconf 89' lang='lat' dir='ltr'><strong>imperatoris</strong></span> <span class='ocrx_word' id='word_1_588' title='bbox 3415 3846 3759 3917; x_wconf 88' lang='lat' dir='ltr'><strong>ingrediens,</strong></span> 
     </span>
    </p>
   </div>
   <div class='ocr_carea' id='block_1_85' title="bbox 2118 3931 3763 4008">
    <p class='ocr_par' dir='ltr' id='par_1_85' title="bbox 2118 3931 3763 4008">
     <span class='ocr_line' id='line_1_85' title="bbox 2118 3931 3763 4008; baseline 0.002 -21"><span class='ocrx_word' id='word_1_589' title='bbox 2118 3931 2190 3987; x_wconf 89' lang='lat' dir='ltr'><strong>ad</strong></span> <span class='ocrx_word' id='word_1_590' title='bbox 2213 3934 2393 4005; x_wconf 86' lang='lat' dir='ltr'><strong>pedes</strong></span> <span class='ocrx_word' id='word_1_591' title='bbox 2416 3934 2542 4005; x_wconf 88' lang='lat' dir='ltr'><strong>ejus</strong></span> <span class='ocrx_word' id='word_1_592' title='bbox 2565 3935 2847 4007; x_wconf 85' lang='lat' dir='ltr'><strong>procidit.</strong></span> <span class='ocrx_word' id='word_1_593' title='bbox 2876 3937 2975 3993; x_wconf 92' lang='lat' dir='ltr'><strong>Cui</strong></span> <span class='ocrx_word' id='word_1_594' title='bbox 3000 3951 3314 4008; x_wconf 90' lang='lat' dir='ltr'><strong>assurgens</strong></span> <span class='ocrx_word' id='word_1_595' title='bbox 3343 3936 3763 4008; x_wconf 88' lang='lat' dir='ltr'><strong>imperator,ad</strong></span> 
     </span>
    </p>
   </div>
   <div class='ocr_carea' id='block_1_86' title="bbox 2118 4022 3765 4097">
    <p class='ocr_par' dir='ltr' id='par_1_86' title="bbox 2118 4022 3765 4097">
     <span class='ocr_line' id='line_1_86' title="bbox 2118 4022 3765 4097; baseline 0.001 -19"><span class='ocrx_word' id='word_1_596' title='bbox 2118 4023 2294 4094; x_wconf 91' lang='lat' dir='ltr'><strong>pedes</strong></span> <span class='ocrx_word' id='word_1_597' title='bbox 2325 4022 2451 4092; x_wconf 91' lang='lat' dir='ltr'><strong>ejus</strong></span> <span class='ocrx_word' id='word_1_598' title='bbox 2498 4023 2913 4082; x_wconf 87' lang='lat' dir='ltr'><strong>nichilominus</strong></span> <span class='ocrx_word' id='word_1_599' title='bbox 2955 4025 3200 4097; x_wconf 89' lang='lat' dir='ltr'><strong>corruit,</strong></span> <span class='ocrx_word' id='word_1_600' title='bbox 3247 4025 3448 4083; x_wconf 91' lang='lat' dir='ltr'><strong>dicens</strong></span> <span class='ocrx_word' id='word_1_601' title='bbox 3479 4044 3491 4080; x_wconf 90' lang='lat'>:</span> <span class='ocrx_word' id='word_1_602' title='bbox 3524 4027 3765 4095; x_wconf 73' lang='lat' dir='ltr'><strong>Ignosce</strong></span> 
     </span>
    </p>
   </div>
   <div class='ocr_carea' id='block_1_87' title="bbox 2113 4112 3765 4187">
    <p class='ocr_par' dir='ltr' id='par_1_87' title="bbox 2113 4112 3765 4187">
     <span class='ocr_line' id='line_1_87' title="bbox 2113 4112 3765 4187; baseline 0.002 -20"><span class='ocrx_word' id='word_1_603' title='bbox 2113 4112 2322 4182; x_wconf 74' lang='lat' dir='ltr'><strong>michi,</strong></span> <span class='ocrx_word' id='word_1_604' title='bbox 2338 4113 2631 4184; x_wconf 72' lang='lat' dir='ltr'><strong>deprecor,</strong></span> <span class='ocrx_word' id='word_1_605' title='bbox 2653 4115 2894 4186; x_wconf 73' lang='lat' dir='ltr'><strong>prapter</strong></span> <span class='ocrx_word' id='word_1_606' title='bbox 2914 4116 3118 4187; x_wconf 84' lang='lat' dir='ltr'><strong>Deum,</strong></span> <span class='ocrx_word' id='word_1_607' title='bbox 3145 4115 3295 4186; x_wconf 73' lang='lat' dir='ltr'><strong>quia</strong></span> <span class='ocrx_word' id='word_1_608' title='bbox 3318 4116 3558 4187; x_wconf 73' lang='lat' dir='ltr'><strong>peccavi</strong></span> <span class='ocrx_word' id='word_1_609' title='bbox 3585 4114 3648 4171; x_wconf 76' lang='lat' dir='ltr'><strong>in</strong></span> <span class='ocrx_word' id='word_1_610' title='bbox 3679 4114 3765 4181; x_wconf 83' lang='lat' dir='ltr'><strong>te;</strong></span> 
     </span>
    </p>
   </div>
   <div class='ocr_carea' id='block_1_88' title="bbox 2114 4203 3765 4278">
    <p class='ocr_par' dir='ltr' id='par_1_88' title="bbox 2114 4203 3765 4278">
     <span class='ocr_line' id='line_1_88' title="bbox 2114 4203 3765 4278; baseline 0.001 -21"><span class='ocrx_word' id='word_1_611' title='bbox 2114 4214 2273 4258; x_wconf 76' lang='lat' dir='ltr'><strong>nunc</strong></span> <span class='ocrx_word' id='word_1_612' title='bbox 2284 4204 2439 4259; x_wconf 83' lang='lat' dir='ltr'><strong>enim</strong></span> <span class='ocrx_word' id='word_1_613' title='bbox 2453 4204 2782 4260; x_wconf 79' lang='lat' dir='ltr'><strong>certissime</strong></span> <span class='ocrx_word' id='word_1_614' title='bbox 2794 4206 2948 4265; x_wconf 79' lang='lat' dir='ltr'><strong>noti.</strong></span> <span class='ocrx_word' id='word_1_615' title='bbox 2966 4205 3127 4276; x_wconf 71' lang='lat' dir='ltr'><strong>quod</strong></span> <span class='ocrx_word' id='word_1_616' title='bbox 3144 4203 3339 4262; x_wconf 65' lang='lat' dir='ltr'><strong>nichil</strong></span> <span class='ocrx_word' id='word_1_617' title='bbox 3342 4204 3681 4278; x_wconf 76' lang='lat' dir='ltr'><strong>peccaveris</strong></span> <span class='ocrx_word' id='word_1_618' title='bbox 3700 4205 3765 4261; x_wconf 83' lang='lat' dir='ltr'><strong>in</strong></span> 
     </span>
    </p>
   </div>
   <div class='ocr_carea' id='block_1_89' title="bbox 2114 4292 3765 4366">
    <p class='ocr_par' dir='ltr' id='par_1_89' title="bbox 2114 4292 3765 4366">
     <span class='ocr_line' id='line_1_89' title="bbox 2114 4292 3765 4366; baseline 0.002 -21"><span class='ocrx_word' id='word_1_619' title='bbox 2114 4304 2222 4346; x_wconf 81' lang='lat' dir='ltr'><strong>me.</strong></span> <span class='ocrx_word' id='word_1_620' title='bbox 2249 4293 2324 4347; x_wconf 85' lang='lat' dir='ltr'><strong>Si</strong></span> <span class='ocrx_word' id='word_1_621' title='bbox 2350 4305 2523 4361; x_wconf 73' lang='lat' dir='ltr'><strong>quem</strong></span> <span class='ocrx_word' id='word_1_622' title='bbox 2565 4306 2701 4349; x_wconf 71' lang='lat' dir='ltr'><strong>rere</strong></span> <span class='ocrx_word' id='word_1_623' title='bbox 2721 4294 2882 4351; x_wconf 82' lang='lat' dir='ltr'><strong>scias</strong></span> <span class='ocrx_word' id='word_1_624' title='bbox 2916 4294 2983 4350; x_wconf 83' lang='lat' dir='ltr'><strong>in</strong></span> <span class='ocrx_word' id='word_1_625' title='bbox 3006 4294 3237 4365; x_wconf 75' lang='lat' dir='ltr'><strong>agmini</strong></span> <span class='ocrx_word' id='word_1_626' title='bbox 3246 4293 3351 4351; x_wconf 74' lang='lat' dir='ltr'><strong>bas</strong></span> <span class='ocrx_word' id='word_1_627' title='bbox 3390 4295 3626 4366; x_wconf 77' lang='lat' dir='ltr'><strong>nostris,</strong></span> <span class='ocrx_word' id='word_1_628' title='bbox 3656 4292 3765 4365; x_wconf 73' lang='lat' dir='ltr'><strong>qui</strong></span> 
     </span>
    </p>
   </div>
   <div class='ocr_carea' id='block_1_90' title="bbox 2116 4380 3766 4455">
    <p class='ocr_par' dir='ltr' id='par_1_90' title="bbox 2116 4380 3766 4455">
     <span class='ocr_line' id='line_1_90' title="bbox 2116 4380 3766 4455; baseline 0.001 -18"><span class='ocrx_word' id='word_1_629' title='bbox 2116 4380 2836 4452; x_wconf 69' lang='lat' dir='ltr'><strong>soleatFocasnominai-i,</strong></span> <span class='ocrx_word' id='word_1_630' title='bbox 2868 4382 3047 4442; x_wconf 76' lang='lat' dir='ltr'><strong>dicito</strong></span> <span class='ocrx_word' id='word_1_631' title='bbox 3067 4382 3269 4440; x_wconf 73' lang='lat' dir='ltr'><strong>michi.</strong></span> <span class='ocrx_word' id='word_1_632' title='bbox 3310 4384 3380 4440; x_wconf 87' lang='lat' dir='ltr'><strong>Et</strong></span> <span class='ocrx_word' id='word_1_633' title='bbox 3409 4382 3766 4455; x_wconf 88' lang='lat' dir='ltr'><strong>Philippicus</strong></span> 
     </span>
    </p>
   </div>
   <div class='ocr_carea' id='block_1_91' title="bbox 2119 4468 3761 4542">
    <p class='ocr_par' dir='ltr' id='par_1_91' title="bbox 2119 4468 3761 4542">
     <span class='ocr_line' id='line_1_91' title="bbox 2119 4468 3761 4542; baseline 0.003 -19"><span class='ocrx_word' id='word_1_634' title='bbox 2119 4468 2217 4524; x_wconf 91' lang='lat' dir='ltr'><strong>diu</strong></span> <span class='ocrx_word' id='word_1_635' title='bbox 2232 4482 2427 4525; x_wconf 91' lang='lat' dir='ltr'><strong>secum</strong></span> <span class='ocrx_word' id='word_1_636' title='bbox 2445 4470 2798 4541; x_wconf 90' lang='lat' dir='ltr'><strong>recogitans,</strong></span> <span class='ocrx_word' id='word_1_637' title='bbox 2826 4471 3002 4528; x_wconf 89' lang='lat' dir='ltr'><strong>dixit:</strong></span> <span class='ocrx_word' id='word_1_638' title='bbox 3033 4473 3223 4529; x_wconf 77' lang='lat' dir='ltr'><strong>Unam</strong></span> <span class='ocrx_word' id='word_1_639' title='bbox 3235 4473 3324 4532; x_wconf 89' lang='lat' dir='ltr'><strong>sic</strong></span> <span class='ocrx_word' id='word_1_640' title='bbox 3342 4472 3609 4530; x_wconf 78' lang='lat' dir='ltr'><strong>vocatum</strong></span> <span class='ocrx_word' id='word_1_641' title='bbox 3620 4473 3761 4542; x_wconf 85' lang='lat' dir='ltr'><strong>scio,</strong></span> 
     </span>
    </p>
   </div>
   <div class='ocr_carea' id='block_1_92' title="bbox 2118 4558 3767 4635">
    <p class='ocr_par' dir='ltr' id='par_1_92' title="bbox 2118 4558 3767 4635">
     <span class='ocr_line' id='line_1_92' title="bbox 2118 4558 3767 4635; baseline 0.004 -21"><span class='ocrx_word' id='word_1_642' title='bbox 2118 4558 2226 4629; x_wconf 76' lang='lat' dir='ltr'><strong>qui</strong></span> <span class='ocrx_word' id='word_1_643' title='bbox 2236 4571 2425 4631; x_wconf 76' lang='lat' dir='ltr'><strong>nuper</strong></span> <span class='ocrx_word' id='word_1_644' title='bbox 2435 4558 2508 4616; x_wconf 81' lang='lat' dir='ltr'><strong>ab</strong></span> <span class='ocrx_word' id='word_1_645' title='bbox 2521 4562 2719 4618; x_wconf 67' lang='lat' dir='ltr'><strong>exerci</strong></span> <span class='ocrx_word' id='word_1_646' title='bbox 2726 4560 2789 4617; x_wconf 82' lang='lat' dir='ltr'><strong>ta</strong></span> <span class='ocrx_word' id='word_1_647' title='bbox 2796 4562 3151 4633; x_wconf 72' lang='lat' dir='ltr'><strong>procurator</strong></span> <span class='ocrx_word' id='word_1_648' title='bbox 3150 4563 3409 4635; x_wconf 76' lang='lat' dir='ltr'><strong>positas,</strong></span> <span class='ocrx_word' id='word_1_649' title='bbox 3429 4562 3524 4621; x_wconf 74' lang='lat' dir='ltr'><strong>tuo</strong></span> <span class='ocrx_word' id='word_1_650' title='bbox 3538 4561 3767 4621; x_wconf 82' lang='lat' dir='ltr'><strong>contra-</strong></span> 
     </span>
    </p>
   </div>
   <div class='ocr_carea' id='block_1_93' title="bbox 348 4646 3762 4725">
    <p class='ocr_par' dir='ltr' id='par_1_93' title="bbox 348 4646 3762 4725">
     <span class='ocr_line' id='line_1_93' title="bbox 348 4646 3762 4725; baseline 0.001 -21"><span class='ocrx_word' id='word_1_651' title='bbox 348 4652 533 4719; x_wconf 90' lang='lat' dir='ltr'><strong>tente,</strong></span> <span class='ocrx_word' id='word_1_652' title='bbox 562 4650 770 4706; x_wconf 90' lang='lat' dir='ltr'><strong>beatus</strong></span> <span class='ocrx_word' id='word_1_653' title='bbox 796 4648 1114 4719; x_wconf 89' lang='lat' dir='ltr'><strong>Gregorius</strong></span> <span class='ocrx_word' id='word_1_654' title='bbox 1138 4648 1207 4703; x_wconf 90' lang='lat' dir='ltr'><strong>ad</strong></span> <span class='ocrx_word' id='word_1_655' title='bbox 1230 4649 1474 4719; x_wconf 88' lang='lat' dir='ltr'><strong>gradum</strong></span> <span class='ocrx_word' id='word_1_656' title='bbox 1505 4651 1744 4705; x_wconf 79' lang='lat' dir='ltr'><strong>Romani</strong></span> <span class='ocrx_word' id='word_1_657' title='bbox 1774 4651 2004 4722; x_wconf 84' lang='lat' dir='ltr'><strong>pontifi-</strong></span> <span class='ocrx_word' id='word_1_658' title='bbox 2035 4652 2087 4714; x_wconf 91' lang='lat' dir='ltr'><strong>D</strong></span> <span class='ocrx_word' id='word_1_659' title='bbox 2118 4646 2629 4720; x_wconf 79' lang='lat' dir='ltr'><strong>dicebatimpem&#39;o.</strong></span> <span class='ocrx_word' id='word_1_660' title='bbox 2660 4650 2798 4707; x_wconf 91' lang='lat' dir='ltr'><strong>Cum</strong></span> <span class='ocrx_word' id='word_1_661' title='bbox 2832 4656 3024 4708; x_wconf 90' lang='lat' dir='ltr'><strong>autem</strong></span> <span class='ocrx_word' id='word_1_662' title='bbox 3056 4651 3374 4724; x_wconf 89' lang='lat' dir='ltr'><strong>imperator</strong></span> <span class='ocrx_word' id='word_1_663' title='bbox 3397 4656 3665 4725; x_wconf 90' lang='lat' dir='ltr'><strong>quereret</strong></span> <span class='ocrx_word' id='word_1_664' title='bbox 3691 4651 3762 4708; x_wconf 91' lang='lat' dir='ltr'><strong>de</strong></span> 
     </span>
    </p>
   </div>
   <div class='ocr_carea' id='block_1_94' title="bbox 349 4738 2003 4810">
    <p class='ocr_par' dir='ltr' id='par_1_94' title="bbox 349 4738 2003 4810">
     <span class='ocr_line' id='line_1_94' title="bbox 349 4738 2003 4810; baseline 0.001 -16"><span class='ocrx_word' id='word_1_665' title='bbox 349 4744 519 4795; x_wconf 89' lang='lat' dir='ltr'><strong>catus</strong></span> <span class='ocrx_word' id='word_1_666' title='bbox 552 4742 867 4810; x_wconf 89' lang='lat' dir='ltr'><strong>provectus</strong></span> <span class='ocrx_word' id='word_1_667' title='bbox 924 4742 1036 4805; x_wconf 86' lang='lat' dir='ltr'><strong>est,</strong></span> <span class='ocrx_word' id='word_1_668' title='bbox 1071 4738 1240 4807; x_wconf 84' lang='lat' dir='ltr'><strong>cujus</strong></span> <span class='ocrx_word' id='word_1_669' title='bbox 1275 4738 1456 4794; x_wconf 86' lang='lat' dir='ltr'><strong>filium</strong></span> <span class='ocrx_word' id='word_1_670' title='bbox 1506 4738 1655 4794; x_wconf 90' lang='lat' dir='ltr'><strong>idem</strong></span> <span class='ocrx_word' id='word_1_671' title='bbox 1688 4739 2003 4809; x_wconf 88' lang='lat' dir='ltr'><strong>Gregorius</strong></span> 
     </span>
    </p>
   </div>
   <div class='ocr_carea' id='block_1_95' title="bbox 349 4826 2002 4898">
    <p class='ocr_par' dir='ltr' id='par_1_95' title="bbox 349 4826 2002 4898">
     <span class='ocr_line' id='line_1_95' title="bbox 349 4826 2002 4898; baseline 0.002 -15"><span class='ocrx_word' id='word_1_672' title='bbox 349 4832 518 4884; x_wconf 89' lang='lat' dir='ltr'><strong>antea</strong></span> <span class='ocrx_word' id='word_1_673' title='bbox 551 4827 623 4883; x_wconf 89' lang='lat' dir='ltr'><strong>dc</strong></span> <span class='ocrx_word' id='word_1_674' title='bbox 669 4827 1023 4898; x_wconf 81' lang='lat' dir='ltr'><strong>baptismate</strong></span> <span class='ocrx_word' id='word_1_675' title='bbox 1060 4826 1353 4897; x_wconf 87' lang='lat' dir='ltr'><strong>suscepit;</strong></span> <span class='ocrx_word' id='word_1_676' title='bbox 1389 4831 1590 4898; x_wconf 90' lang='lat' dir='ltr'><strong>postea</strong></span> <span class='ocrx_word' id='word_1_677' title='bbox 1622 4831 1816 4885; x_wconf 91' lang='lat' dir='ltr'><strong>tamen</strong></span> <span class='ocrx_word' id='word_1_678' title='bbox 1851 4828 2002 4886; x_wconf 91' lang='lat' dir='ltr'><strong>idem</strong></span> 
     </span>
    </p>
   </div>
   <div class='ocr_carea' id='block_1_96' title="bbox 348 4914 2002 4989">
    <p class='ocr_par' dir='ltr' id='par_1_96' title="bbox 348 4914 2002 4989">
     <span class='ocr_line' id='line_1_96' title="bbox 348 4914 2002 4989; baseline 0.002 -17"><span class='ocrx_word' id='word_1_679' title='bbox 348 4914 952 4989; x_wconf 78' lang='lat' dir='ltr'><strong>MauriciusGrcgorio</strong></span> <span class='ocrx_word' id='word_1_680' title='bbox 978 4930 1139 4987; x_wconf 65' lang='lat' dir='ltr'><strong>papae</strong></span> <span class='ocrx_word' id='word_1_681' title='bbox 1174 4915 1588 4972; x_wconf 85' lang='lat' dir='ltr'><strong>infestissimus</strong></span> <span class='ocrx_word' id='word_1_682' title='bbox 1612 4921 1757 4972; x_wconf 89' lang='lat' dir='ltr'><strong>erat.</strong></span> <span class='ocrx_word' id='word_1_683' title='bbox 1788 4919 2002 4989; x_wconf 64' lang='lat' dir='ltr'><strong>Magnae</strong></span> 
     </span>
    </p>
   </div>
   <div class='ocr_carea' id='block_1_97' title="bbox 350 5003 2003 5079">
    <p class='ocr_par' dir='ltr' id='par_1_97' title="bbox 350 5003 2003 5079">
     <span class='ocr_line' id='line_1_97' title="bbox 350 5003 2003 5079; baseline 0.002 -18"><span class='ocrx_word' id='word_1_684' title='bbox 350 5007 567 5077; x_wconf 88' lang='lat' dir='ltr'><strong>quippe</strong></span> <span class='ocrx_word' id='word_1_685' title='bbox 592 5004 864 5061; x_wconf 70' lang='lat' dir='ltr'><strong>avariciae</strong></span> <span class='ocrx_word' id='word_1_686' title='bbox 897 5007 955 5058; x_wconf 90' lang='lat' dir='ltr'><strong>et</strong></span> <span class='ocrx_word' id='word_1_687' title='bbox 991 5003 1300 5074; x_wconf 90' lang='lat' dir='ltr'><strong>rapacitati</strong></span> <span class='ocrx_word' id='word_1_688' title='bbox 1324 5003 1560 5061; x_wconf 90' lang='lat' dir='ltr'><strong>deditus</strong></span> <span class='ocrx_word' id='word_1_689' title='bbox 1584 5012 1731 5076; x_wconf 87' lang='lat' dir='ltr'><strong>erat,</strong></span> <span class='ocrx_word' id='word_1_690' title='bbox 1760 5023 1867 5079; x_wconf 94' lang='lat' dir='ltr'><strong>pro</strong></span> <span class='ocrx_word' id='word_1_691' title='bbox 1891 5022 2003 5079; x_wconf 89' lang='lat' dir='ltr'><strong>qua</strong></span> 
     </span>
    </p>
   </div>
   <div class='ocr_carea' id='block_1_98' title="bbox 351 5091 2005 5167">
    <p class='ocr_par' dir='ltr' id='par_1_98' title="bbox 351 5091 2005 5167">
     <span class='ocr_line' id='line_1_98' title="bbox 351 5091 2005 5167; baseline 0.002 -18"><span class='ocrx_word' id='word_1_692' title='bbox 351 5109 414 5149; x_wconf 91' lang='lat' dir='ltr'><strong>rc</strong></span> <span class='ocrx_word' id='word_1_693' title='bbox 445 5094 761 5165; x_wconf 85' lang='lat' dir='ltr'><strong>Gregorius</strong></span> <span class='ocrx_word' id='word_1_694' title='bbox 801 5096 1083 5162; x_wconf 89' lang='lat' dir='ltr'><strong>quantum</strong></span> <span class='ocrx_word' id='word_1_695' title='bbox 1116 5091 1310 5163; x_wconf 92' lang='lat' dir='ltr'><strong>potuit</strong></span> <span class='ocrx_word' id='word_1_696' title='bbox 1343 5107 1472 5149; x_wconf 91' lang='lat' dir='ltr'><strong>eum</strong></span> <span class='ocrx_word' id='word_1_697' title='bbox 1506 5095 1893 5167; x_wconf 89' lang='lat' dir='ltr'><strong>corripiebat.</strong></span> <span class='ocrx_word' id='word_1_698' title='bbox 1932 5098 2005 5152; x_wconf 88' lang='lat' dir='ltr'><strong>Et</strong></span> 
     </span>
    </p>
   </div>
   <div class='ocr_carea' id='block_1_99' title="bbox 349 5180 2002 5255">
    <p class='ocr_par' dir='ltr' id='par_1_99' title="bbox 349 5180 2002 5255">
     <span class='ocr_line' id='line_1_99' title="bbox 349 5180 2002 5255; baseline 0.002 -16"><span class='ocrx_word' id='word_1_699' title='bbox 349 5184 480 5255; x_wconf 86' lang='lat' dir='ltr'><strong>quia</strong></span> <span class='ocrx_word' id='word_1_700' title='bbox 509 5184 921 5255; x_wconf 83' lang='lat' dir='ltr'><strong>imperatorem</strong></span> <span class='ocrx_word' id='word_1_701' title='bbox 947 5195 1057 5236; x_wconf 92' lang='lat' dir='ltr'><strong>non</strong></span> <span class='ocrx_word' id='word_1_702' title='bbox 1084 5180 1419 5253; x_wconf 90' lang='lat' dir='ltr'><strong>verebatur,</strong></span> <span class='ocrx_word' id='word_1_703' title='bbox 1443 5184 1513 5239; x_wconf 90' lang='lat' dir='ltr'><strong>ad</strong></span> <span class='ocrx_word' id='word_1_704' title='bbox 1532 5185 1920 5242; x_wconf 87' lang='lat' dir='ltr'><strong>exercendam</strong></span> <span class='ocrx_word' id='word_1_705' title='bbox 1945 5185 2002 5242; x_wconf 91' lang='lat' dir='ltr'><strong>in</strong></span> 
     </span>
    </p>
   </div>
   <div class='ocr_carea' id='block_1_100' title="bbox 349 5272 2003 5346">
    <p class='ocr_par' dir='ltr' id='par_1_100' title="bbox 349 5272 2003 5346">
     <span class='ocr_line' id='line_1_100' title="bbox 349 5272 2003 5346; baseline 0.001 -17"><span class='ocrx_word' id='word_1_706' title='bbox 349 5288 480 5330; x_wconf 89' lang='lat' dir='ltr'><strong>eum</strong></span> <span class='ocrx_word' id='word_1_707' title='bbox 534 5272 902 5346; x_wconf 71' lang='lat' dir='ltr'><strong>tyrannidem</strong></span> <span class='ocrx_word' id='word_1_708' title='bbox 944 5272 1184 5342; x_wconf 89' lang='lat' dir='ltr'><strong>prodire</strong></span> <span class='ocrx_word' id='word_1_709' title='bbox 1234 5273 1553 5330; x_wconf 87' lang='lat' dir='ltr'><strong>nitebatur.</strong></span> <span class='ocrx_word' id='word_1_710' title='bbox 1619 5275 1719 5345; x_wconf 87' lang='grc' dir='ltr'><strong>(Η.</strong></span> <span class='ocrx_word' id='word_1_711' title='bbox 1754 5281 1859 5346; x_wconf 85' lang='lat' dir='ltr'><strong>m.)</strong></span> <span class='ocrx_word' id='word_1_712' title='bbox 1893 5275 2003 5332; x_wconf 92' lang='lat' dir='ltr'><strong>Sed</strong></span> 
     </span>
    </p>
   </div>
   <div class='ocr_carea' id='block_1_101' title="bbox 351 5359 2002 5435">
    <p class='ocr_par' dir='ltr' id='par_1_101' title="bbox 351 5359 2002 5435">
     <span class='ocr_line' id='line_1_101' title="bbox 351 5359 2002 5435; baseline 0.001 -18"><span class='ocrx_word' id='word_1_713' title='bbox 351 5362 552 5419; x_wconf 89' lang='lat' dir='ltr'><strong>eodem</strong></span> <span class='ocrx_word' id='word_1_714' title='bbox 584 5377 756 5429; x_wconf 88' lang='lat' dir='ltr'><strong>anno,</strong></span> <span class='ocrx_word' id='word_1_715' title='bbox 793 5361 889 5432; x_wconf 90' lang='lat' dir='ltr'><strong>qui</strong></span> <span class='ocrx_word' id='word_1_716' title='bbox 940 5359 1048 5417; x_wconf 86' lang='lat' dir='ltr'><strong>fuit</strong></span> <span class='ocrx_word' id='word_1_717' title='bbox 1081 5360 1309 5434; x_wconf 90' lang='lat' dir='ltr'><strong>imperii</strong></span> <span class='ocrx_word' id='word_1_718' title='bbox 1340 5361 1431 5419; x_wconf 90' lang='lat' dir='ltr'><strong>sui</strong></span> <span class='ocrx_word' id='word_1_719' title='bbox 1466 5365 1611 5432; x_wconf 71' lang='lat'><strong>19‘“,</strong></span> <span class='ocrx_word' id='word_1_720' title='bbox 1646 5363 1735 5418; x_wconf 91' lang='lat' dir='ltr'><strong>vir</strong></span> <span class='ocrx_word' id='word_1_721' title='bbox 1768 5364 2002 5435; x_wconf 89' lang='lat' dir='ltr'><strong>quidam</strong></span> 
     </span>
    </p>
   </div>
   <div class='ocr_carea' id='block_1_102' title="bbox 351 5450 1999 5525">
    <p class='ocr_par' dir='ltr' id='par_1_102' title="bbox 351 5450 1999 5525">
     <span class='ocr_line' id='line_1_102' title="bbox 351 5450 1999 5525; baseline 0.003 -19"><span class='ocrx_word' id='word_1_722' title='bbox 351 5451 689 5508; x_wconf 89' lang='lat' dir='ltr'><strong>monachico</strong></span> <span class='ocrx_word' id='word_1_723' title='bbox 720 5450 962 5508; x_wconf 87' lang='lat' dir='ltr'><strong>indutus</strong></span> <span class='ocrx_word' id='word_1_724' title='bbox 986 5451 1210 5519; x_wconf 88' lang='lat' dir='ltr'><strong>habitu,</strong></span> <span class='ocrx_word' id='word_1_725' title='bbox 1236 5455 1463 5523; x_wconf 89' lang='lat' dir='ltr'><strong>spatam</strong></span> <span class='ocrx_word' id='word_1_726' title='bbox 1496 5450 1739 5508; x_wconf 87' lang='lat' dir='ltr'><strong>dextera</strong></span> <span class='ocrx_word' id='word_1_727' title='bbox 1773 5456 1999 5525; x_wconf 87' lang='lat' dir='ltr'><strong>tenens,</strong></span> 
     </span>
    </p>
   </div>
   <div class='ocr_carea' id='block_1_103' title="bbox 351 5539 2006 5611">
    <p class='ocr_par' dir='ltr' id='par_1_103' title="bbox 351 5539 2006 5611">
     <span class='ocr_line' id='line_1_103' title="bbox 351 5539 2006 5611; baseline 0.003 -16"><span class='ocrx_word' id='word_1_728' title='bbox 351 5553 379 5595; x_wconf 88' lang='lat' dir='ltr'><strong>a</strong></span> <span class='ocrx_word' id='word_1_729' title='bbox 408 5540 532 5597; x_wconf 92' lang='lat' dir='ltr'><strong>foro</strong></span> <span class='ocrx_word' id='word_1_730' title='bbox 573 5554 756 5611; x_wconf 88' lang='lat' dir='ltr'><strong>usque</strong></span> <span class='ocrx_word' id='word_1_731' title='bbox 780 5541 850 5596; x_wconf 88' lang='lat' dir='ltr'><strong>ad</strong></span> <span class='ocrx_word' id='word_1_732' title='bbox 876 5554 1095 5597; x_wconf 66' lang='lat' dir='ltr'><strong>aeneam</strong></span> <span class='ocrx_word' id='word_1_733' title='bbox 1117 5539 1467 5610; x_wconf 85' lang='lat' dir='ltr'><strong>gladiatoris</strong></span> <span class='ocrx_word' id='word_1_734' title='bbox 1490 5544 1744 5598; x_wconf 87' lang='lat' dir='ltr'><strong>statuam</strong></span> <span class='ocrx_word' id='word_1_735' title='bbox 1778 5542 2006 5600; x_wconf 86' lang='lat' dir='ltr'><strong>discur-</strong></span> 
     </span>
    </p>
   </div>
   <div class='ocr_carea' id='block_1_104' title="bbox 2117 4735 3765 4814">
    <p class='ocr_par' dir='ltr' id='par_1_104' title="bbox 2117 4735 3765 4814">
     <span class='ocr_line' id='line_1_104' title="bbox 2117 4735 3765 4814; baseline 0.004 -22"><span class='ocrx_word' id='word_1_736' title='bbox 2117 4735 2242 4806; x_wconf 92' lang='lat' dir='ltr'><strong>ejus</strong></span> <span class='ocrx_word' id='word_1_737' title='bbox 2266 4736 2571 4809; x_wconf 89' lang='lat' dir='ltr'><strong>qualitate,</strong></span> <span class='ocrx_word' id='word_1_738' title='bbox 2597 4737 2960 4812; x_wconf 88' lang='lat' dir='ltr'><strong>Philippicus</strong></span> <span class='ocrx_word' id='word_1_739' title='bbox 2985 4740 3064 4797; x_wconf 91' lang='lat' dir='ltr'><strong>ait</strong></span> <span class='ocrx_word' id='word_1_740' title='bbox 3093 4761 3105 4795; x_wconf 90' lang='lat'><strong>:</strong></span> <span class='ocrx_word' id='word_1_741' title='bbox 3132 4741 3496 4814; x_wconf 73' lang='lat' dir='ltr'><strong>Estgaidem</strong></span> <span class='ocrx_word' id='word_1_742' title='bbox 3518 4742 3765 4814; x_wconf 78' lang='lat' dir='ltr'><strong>juvenis</strong></span> 
     </span>
    </p>
   </div>
   <div class='ocr_carea' id='block_1_105' title="bbox 2116 4826 3765 4899">
    <p class='ocr_par' dir='ltr' id='par_1_105' title="bbox 2116 4826 3765 4899">
     <span class='ocr_line' id='line_1_105' title="bbox 2116 4826 3765 4899; baseline 0.004 -18"><span class='ocrx_word' id='word_1_743' title='bbox 2116 4826 2829 4899; x_wconf 72' lang='lat' dir='ltr'><strong>ettemerarins,attamen</strong></span> <span class='ocrx_word' id='word_1_744' title='bbox 2843 4830 3111 4888; x_wconf 80' lang='lat' dir='ltr'><strong>timidas.</strong></span> <span class='ocrx_word' id='word_1_745' title='bbox 3137 4832 3290 4887; x_wconf 90' lang='lat' dir='ltr'><strong>Tunc</strong></span> <span class='ocrx_word' id='word_1_746' title='bbox 3312 4830 3625 4888; x_wconf 84' lang='lat' dir='ltr'><strong>Mauricius</strong></span> <span class='ocrx_word' id='word_1_747' title='bbox 3649 4830 3765 4887; x_wconf 89' lang='lat' dir='ltr'><strong>ait:</strong></span> 
     </span>
    </p>
   </div>
   <div class='ocr_carea' id='block_1_106' title="bbox 2112 4916 3766 4992">
    <p class='ocr_par' dir='ltr' id='par_1_106' title="bbox 2112 4916 3766 4992">
     <span class='ocr_line' id='line_1_106' title="bbox 2112 4916 3766 4992; baseline 0.001 -19"><span class='ocrx_word' id='word_1_748' title='bbox 2112 4916 2190 4973; x_wconf 73' lang='lat' dir='ltr'><strong>Si</strong></span> <span class='ocrx_word' id='word_1_749' title='bbox 2216 4917 2307 4975; x_wconf 89' lang='lat' dir='ltr'><strong>est</strong></span> <span class='ocrx_word' id='word_1_750' title='bbox 2351 4917 2620 4988; x_wconf 80' lang='lat' dir='ltr'><strong>timidas,</strong></span> <span class='ocrx_word' id='word_1_751' title='bbox 2677 4920 2944 4991; x_wconf 73' lang='lat' dir='ltr'><strong>profecto</strong></span> <span class='ocrx_word' id='word_1_752' title='bbox 2972 4921 3032 4977; x_wconf 82' lang='lat' dir='ltr'><strong>et</strong></span> <span class='ocrx_word' id='word_1_753' title='bbox 3052 4919 3383 4992; x_wconf 73' lang='lat' dir='ltr'><strong>homicida;</strong></span> <span class='ocrx_word' id='word_1_754' title='bbox 3410 4923 3467 4978; x_wconf 87' lang='lat' dir='ltr'><strong>et</strong></span> <span class='ocrx_word' id='word_1_755' title='bbox 3500 4920 3766 4977; x_wconf 88' lang='lat' dir='ltr'><strong>narravit</strong></span> 
     </span>
    </p>
   </div>
   <div class='ocr_carea' id='block_1_107' title="bbox 2113 5004 3765 5079">
    <p class='ocr_par' dir='ltr' id='par_1_107' title="bbox 2113 5004 3765 5079">
     <span class='ocr_line' id='line_1_107' title="bbox 2113 5004 3765 5079; baseline 0.005 -20"><span class='ocrx_word' id='word_1_756' title='bbox 2113 5004 2439 5077; x_wconf 88' lang='lat' dir='ltr'><strong>Philippico</strong></span> <span class='ocrx_word' id='word_1_757' title='bbox 2498 5008 2783 5063; x_wconf 89' lang='lat' dir='ltr'><strong>somnium</strong></span> <span class='ocrx_word' id='word_1_758' title='bbox 2842 5010 2996 5079; x_wconf 87' lang='lat' dir='ltr'><strong>quod</strong></span> <span class='ocrx_word' id='word_1_759' title='bbox 3026 5009 3190 5065; x_wconf 88' lang='lat' dir='ltr'><strong>vidit.</strong></span> <span class='ocrx_word' id='word_1_760' title='bbox 3248 5005 3431 5067; x_wconf 81' lang='lat' dir='ltr'><strong>Porro</strong></span> <span class='ocrx_word' id='word_1_761' title='bbox 3462 5013 3636 5068; x_wconf 88' lang='lat' dir='ltr'><strong>nocte</strong></span> <span class='ocrx_word' id='word_1_762' title='bbox 3666 5007 3765 5067; x_wconf 89' lang='lat' dir='ltr'><strong>illa</strong></span> 
     </span>
    </p>
   </div>
   <div class='ocr_carea' id='block_1_108' title="bbox 2112 5094 3766 5167">
    <p class='ocr_par' dir='ltr' id='par_1_108' title="bbox 2112 5094 3766 5167">
     <span class='ocr_line' id='line_1_108' title="bbox 2112 5094 3766 5167; baseline 0.005 -19"><span class='ocrx_word' id='word_1_763' title='bbox 2112 5094 2237 5150; x_wconf 89' lang='lat' dir='ltr'><strong>visa</strong></span> <span class='ocrx_word' id='word_1_764' title='bbox 2269 5100 2360 5151; x_wconf 89' lang='lat' dir='ltr'><strong>est</strong></span> <span class='ocrx_word' id='word_1_765' title='bbox 2388 5096 2558 5151; x_wconf 90' lang='lat' dir='ltr'><strong>stella</strong></span> <span class='ocrx_word' id='word_1_766' title='bbox 2607 5111 2733 5167; x_wconf 67' lang='lat' dir='ltr'><strong>quae</strong></span> <span class='ocrx_word' id='word_1_767' title='bbox 2767 5098 2984 5154; x_wconf 86' lang='lat' dir='ltr'><strong>dicitur</strong></span> <span class='ocrx_word' id='word_1_768' title='bbox 3022 5104 3268 5157; x_wconf 91' lang='lat' dir='ltr'><strong>cometa.</strong></span> <span class='ocrx_word' id='word_1_769' title='bbox 3331 5100 3390 5157; x_wconf 89' lang='lat' dir='ltr'><strong>In</strong></span> <span class='ocrx_word' id='word_1_770' title='bbox 3450 5100 3766 5158; x_wconf 89' lang='lat' dir='ltr'><strong>crastinum</strong></span> 
     </span>
    </p>
   </div>
   <div class='ocr_carea' id='block_1_109' title="bbox 2113 5185 3761 5261">
    <p class='ocr_par' dir='ltr' id='par_1_109' title="bbox 2113 5185 3761 5261">
     <span class='ocr_line' id='line_1_109' title="bbox 2113 5185 3761 5261; baseline 0.006 -23"><span class='ocrx_word' id='word_1_771' title='bbox 2113 5198 2255 5241; x_wconf 90' lang='lat' dir='ltr'><strong>vero</strong></span> <span class='ocrx_word' id='word_1_772' title='bbox 2287 5185 2444 5241; x_wconf 86' lang='lat' dir='ltr'><strong>venit</strong></span> <span class='ocrx_word' id='word_1_773' title='bbox 2480 5185 2914 5256; x_wconf 86' lang='lat' dir='ltr'><strong>Magistrianus,</strong></span> <span class='ocrx_word' id='word_1_774' title='bbox 2942 5203 3111 5260; x_wconf 89' lang='lat' dir='ltr'><strong>quem</strong></span> <span class='ocrx_word' id='word_1_775' title='bbox 3146 5189 3304 5246; x_wconf 56' lang='lat' dir='ltr'><strong>mizit</strong></span> <span class='ocrx_word' id='word_1_776' title='bbox 3336 5190 3409 5247; x_wconf 89' lang='lat' dir='ltr'><strong>ad</strong></span> <span class='ocrx_word' id='word_1_777' title='bbox 3433 5190 3761 5261; x_wconf 88' lang='lat' dir='ltr'><strong>heremitas,</strong></span> 
     </span>
    </p>
   </div>
   <div class='ocr_carea' id='block_1_110' title="bbox 2117 5273 3767 5353">
    <p class='ocr_par' dir='ltr' id='par_1_110' title="bbox 2117 5273 3767 5353">
     <span class='ocr_line' id='line_1_110' title="bbox 2117 5273 3767 5353; baseline 0.006 -25"><span class='ocrx_word' id='word_1_778' title='bbox 2117 5273 2310 5330; x_wconf 90' lang='lat' dir='ltr'><strong>ferens</strong></span> <span class='ocrx_word' id='word_1_779' title='bbox 2338 5276 2408 5330; x_wconf 91' lang='lat' dir='ltr'><strong>ab</strong></span> <span class='ocrx_word' id='word_1_780' title='bbox 2431 5275 2515 5331; x_wconf 90' lang='lat' dir='ltr'><strong>eis</strong></span> <span class='ocrx_word' id='word_1_781' title='bbox 2565 5274 2894 5346; x_wconf 89' lang='lat' dir='ltr'><strong>hujusmodi</strong></span> <span class='ocrx_word' id='word_1_782' title='bbox 2926 5293 3270 5350; x_wconf 89' lang='lat' dir='ltr'><strong>responsum</strong></span> <span class='ocrx_word' id='word_1_783' title='bbox 3297 5298 3309 5336; x_wconf 90' lang='lat'><strong>:</strong></span> <span class='ocrx_word' id='word_1_784' title='bbox 3333 5280 3514 5353; x_wconf 76' lang='lat' dir='ltr'><strong>Deus,</strong></span> <span class='ocrx_word' id='word_1_785' title='bbox 3537 5280 3767 5353; x_wconf 72' lang='lat' dir='ltr'><strong>recepta</strong></span> 
     </span>
    </p>
   </div>
   <div class='ocr_carea' id='block_1_111' title="bbox 2108 5362 3767 5441">
    <p class='ocr_par' dir='ltr' id='par_1_111' title="bbox 2108 5362 3767 5441">
     <span class='ocr_line' id='line_1_111' title="bbox 2108 5362 3767 5441; baseline 0.004 -21"><span class='ocrx_word' id='word_1_786' title='bbox 2108 5362 2466 5435; x_wconf 68' lang='lat' dir='ltr'><strong>paenitentia</strong></span> <span class='ocrx_word' id='word_1_787' title='bbox 2479 5365 2604 5435; x_wconf 77' lang='lat' dir='ltr'><strong>tua,</strong></span> <span class='ocrx_word' id='word_1_788' title='bbox 2628 5366 2896 5424; x_wconf 66' lang='lat' dir='ltr'><strong>saltabit</strong></span> <span class='ocrx_word' id='word_1_789' title='bbox 2921 5370 3192 5425; x_wconf 86' lang='lat' dir='ltr'><strong>animam</strong></span> <span class='ocrx_word' id='word_1_790' title='bbox 3204 5368 3391 5441; x_wconf 78' lang='lat' dir='ltr'><strong>tuam,</strong></span> <span class='ocrx_word' id='word_1_791' title='bbox 3415 5370 3479 5428; x_wconf 88' lang='lat' dir='ltr'><strong>et</strong></span> <span class='ocrx_word' id='word_1_792' title='bbox 3495 5384 3625 5428; x_wconf 79' lang='lat' dir='ltr'><strong>cum</strong></span> <span class='ocrx_word' id='word_1_793' title='bbox 3646 5369 3767 5427; x_wconf 85' lang='lat' dir='ltr'><strong>tota</strong></span> 
     </span>
    </p>
   </div>
   <div class='ocr_carea' id='block_1_112' title="bbox 2117 5451 3766 5529">
    <p class='ocr_par' dir='ltr' id='par_1_112' title="bbox 2117 5451 3766 5529">
     <span class='ocr_line' id='line_1_112' title="bbox 2117 5451 3766 5529; baseline 0.004 -19"><span class='ocrx_word' id='word_1_794' title='bbox 2117 5451 2279 5510; x_wconf 85' lang='lat' dir='ltr'><strong>domo</strong></span> <span class='ocrx_word' id='word_1_795' title='bbox 2292 5453 2395 5509; x_wconf 71' lang='lat' dir='ltr'><strong>tua</strong></span> <span class='ocrx_word' id='word_1_796' title='bbox 2410 5454 2472 5510; x_wconf 83' lang='lat' dir='ltr'><strong>in</strong></span> <span class='ocrx_word' id='word_1_797' title='bbox 2496 5467 2737 5511; x_wconf 75' lang='lat' dir='ltr'><strong>numero</strong></span> <span class='ocrx_word' id='word_1_798' title='bbox 2753 5456 3096 5514; x_wconf 77' lang='lat' dir='ltr'><strong>sanctorum</strong></span> <span class='ocrx_word' id='word_1_799' title='bbox 3118 5458 3173 5514; x_wconf 89' lang='lat' dir='ltr'><strong>te</strong></span> <span class='ocrx_word' id='word_1_800' title='bbox 3191 5459 3543 5529; x_wconf 76' lang='lat' dir='ltr'><strong>constituet;</strong></span> <span class='ocrx_word' id='word_1_801' title='bbox 3562 5458 3635 5518; x_wconf 81' lang='lat' dir='ltr'><strong>ab</strong></span> <span class='ocrx_word' id='word_1_802' title='bbox 3661 5460 3766 5517; x_wconf 86' lang='lat' dir='ltr'><strong>im-</strong></span> 
     </span>
    </p>
   </div>
   <div class='ocr_carea' id='block_1_113' title="bbox 2108 5541 3764 5614">
    <p class='ocr_par' dir='ltr' id='par_1_113' title="bbox 2108 5541 3764 5614">
     <span class='ocr_line' id='line_1_113' title="bbox 2108 5541 3764 5614; baseline 0.002 -15"><span class='ocrx_word' id='word_1_803' title='bbox 2108 5541 2272 5613; x_wconf 72' lang='lat' dir='ltr'><strong>perio</strong></span> <span class='ocrx_word' id='word_1_804' title='bbox 2283 5557 2419 5599; x_wconf 73' lang='lat' dir='ltr'><strong>vero</strong></span> <span class='ocrx_word' id='word_1_805' title='bbox 2432 5557 2565 5601; x_wconf 77' lang='lat' dir='ltr'><strong>eam</strong></span> <span class='ocrx_word' id='word_1_806' title='bbox 2576 5543 2915 5614; x_wconf 72' lang='lat' dir='ltr'><strong>ignominia</strong></span> <span class='ocrx_word' id='word_1_807' title='bbox 2932 5545 3350 5605; x_wconf 82' lang='lat' dir='ltr'><strong>etdiscrimine</strong></span> <span class='ocrx_word' id='word_1_808' title='bbox 3360 5547 3640 5607; x_wconf 80' lang='lat' dir='ltr'><strong>discedes.</strong></span> <span class='ocrx_word' id='word_1_809' title='bbox 3667 5546 3764 5603; x_wconf 84' lang='lat' dir='ltr'><strong>llis</strong></span> 
     </span>
    </p>
   </div>
   <div class='ocr_carea' id='block_1_114' title="bbox 1741 5636 2421 5699">
    <p class='ocr_par' dir='ltr' id='par_1_114' title="bbox 1741 5636 2421 5699">
     <span class='ocr_line' id='line_1_114' title="bbox 1741 5636 2421 5699; baseline 0.001 -4"><span class='ocrx_word' id='word_1_810' title='bbox 1741 5641 1975 5698; x_wconf 77' lang='lat' dir='ltr'><strong>VARLE</strong></span> <span class='ocrx_word' id='word_1_811' title='bbox 2025 5636 2318 5699; x_wconf 83' lang='lat' dir='ltr'><strong>LECTION</strong></span> <span class='ocrx_word' id='word_1_812' title='bbox 2323 5640 2421 5696; x_wconf 86' lang='lat' dir='ltr'><strong>ES.</strong></span> 
     </span>
    </p>
   </div>
   <div class='ocr_carea' id='block_1_115' title="bbox 421 5724 1394 5804">
    <p class='ocr_par' dir='ltr' id='par_1_115' title="bbox 421 5724 1394 5804">
     <span class='ocr_line' id='line_1_115' title="bbox 421 5724 1394 5804; baseline 0.02 -36"><span class='ocrx_word' id='word_1_813' title='bbox 421 5724 514 5763; x_wconf 71' lang='lat' dir='ltr'><strong>ton</strong></span> <span class='ocrx_word' id='word_1_814' title='bbox 546 5726 703 5786; x_wconf 66' lang='lat' dir='ltr'><strong>dm:</strong></span> <span class='ocrx_word' id='word_1_815' title='bbox 727 5731 772 5785; x_wconf 81' lang='lat'><strong>1.</strong></span> <span class='ocrx_word' id='word_1_816' title='bbox 854 5725 946 5762; x_wconf 75' lang='grc'><strong>¹⁰⁸⁹</strong></span> <span class='ocrx_word' id='word_1_817' title='bbox 960 5727 1106 5804; x_wconf 74' lang='lat' dir='ltr'><strong>post</strong></span> <span class='ocrx_word' id='word_1_818' title='bbox 1130 5726 1310 5786; x_wconf 83' lang='lat' dir='ltr'><strong>addit</strong></span> <span class='ocrx_word' id='word_1_819' title='bbox 1338 5732 1394 5787; x_wconf 82' lang='grc'><em>1.</em></span> 
     </span>
    </p>
   </div>
   <div class='ocr_carea' id='block_1_116' title="bbox 1488 5725 2339 5807">
    <p class='ocr_par' dir='ltr' id='par_1_116' title="bbox 1488 5725 2339 5807">
     <span class='ocr_line' id='line_1_116' title="bbox 1488 5725 2339 5807; baseline 0.005 -23"><span class='ocrx_word' id='word_1_820' title='bbox 1488 5725 1578 5763; x_wconf 79' lang='grc'><strong>¹⁰⁶⁰</strong></span> <span class='ocrx_word' id='word_1_821' title='bbox 1606 5728 1764 5789; x_wconf 85' lang='lat' dir='ltr'><strong>misit</strong></span> <span class='ocrx_word' id='word_1_822' title='bbox 1795 5744 1944 5791; x_wconf 81' lang='lat' dir='ltr'><strong>corr.</strong></span> <span class='ocrx_word' id='word_1_823' title='bbox 1981 5731 2256 5807; x_wconf 87' lang='lat' dir='ltr'><strong>misitque</strong></span> <span class='ocrx_word' id='word_1_824' title='bbox 2290 5735 2339 5788; x_wconf 86' lang='lat'><strong>1.</strong></span> 
     </span>
    </p>
   </div>
  </div>
